timestamp,reformattedDate,hour,symbol,side,size,price,tickDirection,trdMatchID,volTime,tickTime
2018-12-14 07:17:39.104,181218225152226,18121407,XBTUSD,Buy,10,3266,PlusTick,49fd26af-f742-8b80-c1bc-d04bb4d4d360,10,1
2018-12-14 07:18:12.014,181218225152226,18121407,XBTUSD,Buy,100,3266,PlusTick,c3ae145f-3d27-6dc0-1021-5772c7bf3b42,110,2
2018-12-14 07:38:25.355,181218225152226,18121407,XBTUSD,Buy,800,3270,PlusTick,854ddab0-e9d8-0e4d-1a94-81deb39f60fe,910,3
2018-12-14 07:39:00.947,181218225152226,18121407,XBTUSD,Buy,1,3271,PlusTick,d6efff09-92ab-9606-7fcb-2a19cf80f1f5,911,4
2018-12-14 07:00:07.237,181218225152226,18121407,XBTUSD,Sell,1017,3271.5,ZeroMinusTick,609367a6-1584-2bb8-0a2d-811767f3cd9b,1928,5
2018-12-14 07:00:07.359,181218225152226,18121407,XBTUSD,Sell,372,3271.5,ZeroMinusTick,cb9631ec-f5df-1ee6-fa23-8ac7a3d769f9,2300,6
2018-12-14 07:00:07.359,181218225152226,18121407,XBTUSD,Sell,120,3271.5,ZeroMinusTick,030e3873-6e6b-ab15-39aa-225451e52bae,2420,7
2018-12-14 07:00:10.991,181218225152226,18121407,XBTUSD,Sell,99,3271.5,ZeroMinusTick,d595e060-1248-822d-c79a-f800fbdb64ff,2519,8
2018-12-14 07:00:10.991,181218225152226,18121407,XBTUSD,Sell,50,3271.5,ZeroMinusTick,b192df4d-4c72-cca3-0aa8-991a845e2755,2569,9
2018-12-14 07:00:22.400,181218225152226,18121407,XBTUSD,Sell,250,3271.5,ZeroMinusTick,7f302915-8c13-dbfe-1271-c2c3fe4655fa,2819,10
2018-12-14 07:00:03.545,181218225152226,18121407,XBTUSD,Sell,255,3271.5,ZeroMinusTick,aad650bf-74b9-058a-35e7-f8d77ff19362,3074,11
2018-12-14 07:00:03.587,181218225152226,18121407,XBTUSD,Buy,461,3272,PlusTick,1dc6abbc-3511-86de-fa14-630fdaee227d,3535,12
2018-12-14 07:00:03.629,181218225152226,18121407,XBTUSD,Sell,4542,3271.5,ZeroMinusTick,4395c9c7-8c33-6048-bf8c-1320d8439f00,8077,13
2018-12-14 07:00:03.676,181218225152226,18121407,XBTUSD,Sell,1000,3271.5,ZeroMinusTick,90aa7796-56f1-4ad9-b81d-3a14c9db5d66,9077,14
2018-12-14 07:00:07.359,181218225152226,18121407,XBTUSD,Sell,33057,3271.5,ZeroMinusTick,20efe94f-cb88-bfe7-1d83-6aaaa20c3408,42134,15
2018-12-14 07:00:07.359,181218225152226,18121407,XBTUSD,Sell,163,3271.5,ZeroMinusTick,2bf5cae4-7a89-2a82-7695-4984a21e5e9b,42297,16
2018-12-14 07:00:07.359,181218225152226,18121407,XBTUSD,Sell,5999,3271.5,ZeroMinusTick,715c4286-e2d5-a287-03bc-2e0daecd6194,48296,17
2018-12-14 07:00:10.204,181218225152226,18121407,XBTUSD,Sell,161,3271.5,MinusTick,bdb94cc7-bec7-df06-6392-e4b1cc07643a,48457,18
2018-12-14 07:00:10.991,181218225152226,18121407,XBTUSD,Sell,50,3271.5,ZeroMinusTick,5621aba8-33fd-e790-171b-e4bdbb064174,48507,19
2018-12-14 07:00:10.991,181218225152226,18121407,XBTUSD,Sell,677,3271.5,ZeroMinusTick,e1bc6f94-b699-a38a-c000-96e038e6bacb,49184,20
2018-12-14 07:00:12.794,181218225152226,18121407,XBTUSD,Sell,250,3271.5,MinusTick,67977a06-40bf-a178-956d-b00d17313ce1,49434,21
2018-12-14 07:00:12.831,181218225152226,18121407,XBTUSD,Buy,100,3272,PlusTick,02726b87-655e-f81e-e03c-1c80ed5ff45c,49534,22
2018-12-14 07:00:22.400,181218225152226,18121407,XBTUSD,Sell,163,3271.5,ZeroMinusTick,6ec24aeb-dfe9-90ae-1645-ca1d1cdb533a,49697,23
2018-12-14 07:00:22.997,181218225152226,18121407,XBTUSD,Sell,780,3271.5,ZeroMinusTick,34df4b05-a8fb-a4ae-cdd1-40e42ee3c300,50477,24
2018-12-14 07:00:05.416,181218225152226,18121407,XBTUSD,Buy,6001,3272,ZeroPlusTick,91cd2c03-9b06-5380-e6aa-d553b04dc07a,56478,25
2018-12-14 07:00:07.237,181218225152226,18121407,XBTUSD,Sell,983,3271.5,ZeroMinusTick,8e465744-3a23-924f-81f1-6fe9fcc7695b,57461,26
2018-12-14 07:00:07.359,181218225152226,18121407,XBTUSD,Sell,10057,3271.5,ZeroMinusTick,d1fea0cc-8902-517a-cd86-a72ec22e7f57,67518,27
2018-12-14 07:00:07.359,181218225152226,18121407,XBTUSD,Sell,13331,3271.5,ZeroMinusTick,898f6aa1-c97b-b75d-3ccc-1dbbbf5cc243,80849,28
2018-12-14 07:00:10.114,181218225152226,18121407,XBTUSD,Buy,1000,3272,PlusTick,5c45ff42-aee9-4bf9-6cad-8d95eef97533,81849,29
2018-12-14 07:00:03.587,181218225152226,18121407,XBTUSD,Buy,5538,3272,ZeroPlusTick,e245a07b-3ae4-36fb-5141-e2aeffcd6768,87387,30
2018-12-14 07:00:03.629,181218225152226,18121407,XBTUSD,Sell,458,3271.5,MinusTick,29f0abb3-bf4b-1d63-a627-3f5caedcc07d,87845,31
2018-12-14 07:00:03.780,181218225152226,18121407,XBTUSD,Sell,8,3271.5,ZeroMinusTick,5bf2d2eb-76a7-360b-70db-2d7efe60c816,87853,32
2018-12-14 07:00:05.428,181218225152226,18121407,XBTUSD,Sell,248,3271.5,MinusTick,dbede229-966f-cbcf-3424-e381e6a6526b,88101,33
2018-12-14 07:00:07.359,181218225152226,18121407,XBTUSD,Sell,163,3271.5,ZeroMinusTick,a6cd686d-b7b4-0391-abbb-f26712990f14,88264,34
2018-12-14 07:00:07.359,181218225152226,18121407,XBTUSD,Sell,16,3271.5,ZeroMinusTick,c86d1f54-f917-f016-f7b1-e497c52d7499,88280,35
2018-12-14 07:00:09.200,181218225152226,18121407,XBTUSD,Sell,350,3271.5,ZeroMinusTick,cc4201d1-44cc-318c-987f-ff859aa7acb4,88630,36
2018-12-14 07:00:10.181,181218225152226,18121407,XBTUSD,Buy,1000,3272,ZeroPlusTick,17ea14c2-55a9-4e45-db68-79baf2d4b9b2,89630,37
2018-12-14 07:00:10.991,181218225152226,18121407,XBTUSD,Sell,16,3271.5,ZeroMinusTick,76b8d6e9-1b00-2fbd-1a9d-2f8c2734ff59,89646,38
2018-12-14 07:00:10.991,181218225152226,18121407,XBTUSD,Sell,10,3271.5,ZeroMinusTick,f0bf354c-cfc6-e91f-67ef-8e51ca303e65,89656,39
2018-12-14 07:00:19.154,181218225152226,18121407,XBTUSD,Buy,17,3272,PlusTick,9bed2876-b4e7-2c2a-82e1-b34e4344350f,89673,40
2018-12-14 07:00:06.277,181218225152226,18121407,XBTUSD,Buy,10,3272,PlusTick,007e23db-8e8a-a113-fb42-a7187eb69217,89683,41
2018-12-14 07:00:07.359,181218225152226,18121407,XBTUSD,Sell,1000,3271.5,ZeroMinusTick,9cbc7b73-eeb0-9bdb-2d92-b783a82cf071,90683,42
2018-12-14 07:00:07.359,181218225152226,18121407,XBTUSD,Sell,250,3271.5,ZeroMinusTick,6de3297e-f823-763b-f74b-910a11510407,90933,43
2018-12-14 07:00:08.002,181218225152226,18121407,XBTUSD,Sell,250,3271.5,ZeroMinusTick,722a759c-a48c-a81b-e8d6-2a3020bfd470,91183,44
2018-12-14 07:00:10.991,181218225152227,18121407,XBTUSD,Sell,25000,3271.5,ZeroMinusTick,25aec6a9-96c8-e90f-b4e2-56f657473f72,116183,45
2018-12-14 07:00:21.829,181218225152227,18121407,XBTUSD,Sell,1000,3271.5,ZeroMinusTick,9c787905-0c5b-9c9c-e0dc-12ff015fb916,117183,46
2018-12-14 07:00:22.400,181218225152227,18121407,XBTUSD,Sell,1010,3271.5,ZeroMinusTick,36c64662-0ac6-7c31-90d5-4c4364531676,118193,47
2018-12-14 07:00:24.072,181218225152227,18121407,XBTUSD,Sell,25000,3271.5,ZeroMinusTick,815d7fab-ebbe-4b36-1e05-81d5d0018940,143193,48
2018-12-14 07:00:25.206,181218225152227,18121407,XBTUSD,Sell,1000,3271.5,ZeroMinusTick,35b939df-757f-25d6-6e05-182362e9a55d,144193,49
2018-12-14 07:00:07.359,181218225152227,18121407,XBTUSD,Sell,50000,3271.5,ZeroMinusTick,094f4132-6c2a-d649-75df-1fc536de5d73,194193,50
2018-12-14 07:00:07.359,181218225152227,18121407,XBTUSD,Sell,250,3271.5,ZeroMinusTick,fddacf23-42cb-744d-c5cc-c71863135045,194443,51
2018-12-14 07:00:07.681,181218225152227,18121407,XBTUSD,Sell,300,3271.5,ZeroMinusTick,8f03ff21-7b7a-4472-6ae9-1131c30e6ef0,194743,52
2018-12-14 07:00:10.991,181218225152227,18121407,XBTUSD,Sell,2000,3271.5,ZeroMinusTick,f6b3719a-f3ac-073e-5daf-feb7906a2b7a,196743,53
2018-12-14 07:00:22.400,181218225152227,18121407,XBTUSD,Sell,314,3271.5,ZeroMinusTick,0c3ad7d2-75af-81ca-81e2-d815803ed4e7,197057,54
2018-12-14 07:00:24.072,181218225152227,18121407,XBTUSD,Sell,32,3271.5,ZeroMinusTick,daf96f02-2ed7-98e0-ff16-b79fca24c0f0,197089,55
2018-12-14 07:00:25.758,181218225152227,18121407,XBTUSD,Sell,160,3271.5,ZeroMinusTick,3137b774-84c9-dd27-6820-7cebd9c7586c,197249,56
2018-12-14 07:00:26.714,181218225152227,18121407,XBTUSD,Sell,3000,3271.5,ZeroMinusTick,f14cf081-71f3-f0a2-710e-bc1d2dac064e,200249,57
2018-12-14 07:00:29.041,181218225152227,18121407,XBTUSD,Buy,1064,3272,PlusTick,47897be4-4471-0c3e-f422-cfb35cc3e752,201313,58
2018-12-14 07:00:30.811,181218225152227,18121407,XBTUSD,Sell,23832,3271.5,ZeroMinusTick,b182438a-2882-00e1-65c0-fe964fe11a4d,225145,59
2018-12-14 07:00:07.211,181218225152227,18121407,XBTUSD,Sell,40,3271.5,MinusTick,0c495fdc-bd5a-db3a-201d-23d0ecf28e2f,225185,60
2018-12-14 07:00:07.359,181218225152227,18121407,XBTUSD,Sell,163,3271.5,ZeroMinusTick,f2b9ad78-777f-072e-4292-f214a2e339d1,225348,61
2018-12-14 07:00:07.359,181218225152227,18121407,XBTUSD,Sell,32,3271.5,ZeroMinusTick,0def63dd-1a6d-59e2-c875-6363779c4af3,225380,62
2018-12-14 07:00:10.991,181218225152227,18121407,XBTUSD,Sell,8870,3271.5,ZeroMinusTick,f28a8f00-0bd4-b83a-996b-c9950db090a0,234250,63
2018-12-14 07:00:10.991,181218225152227,18121407,XBTUSD,Sell,3271,3271.5,ZeroMinusTick,67cf00ec-2514-08fc-87a2-6864b8b9d43c,237521,64
2018-12-14 07:00:17.767,181218225152227,18121407,XBTUSD,Sell,290,3271.5,MinusTick,fbf36c42-df14-d21f-b3c2-9a52abcf1d93,237811,65
2018-12-14 07:00:22.400,181218225152227,18121407,XBTUSD,Sell,20,3271.5,ZeroMinusTick,c146a77f-7f11-bfd1-1f45-59bf7e18d201,237831,66
2018-12-14 07:00:23.514,181218225152227,18121407,XBTUSD,Sell,900,3271.5,ZeroMinusTick,b14f0a55-0873-ebbe-6338-5bae88d0051f,238731,67
2018-12-14 07:00:24.072,181218225152227,18121407,XBTUSD,Sell,4548,3271.5,ZeroMinusTick,da3b32af-b171-0f60-c0fd-fb3839eb23c5,243279,68
2018-12-14 07:00:26.635,181218225152227,18121407,XBTUSD,Sell,3356,3271.5,ZeroMinusTick,a2b734cd-30bf-5687-6f11-075633013785,246635,69
2018-12-14 07:00:29.139,181218225152227,18121407,XBTUSD,Sell,1000,3271.5,MinusTick,982a3ae5-dc17-0fec-73a8-75c37d1c2680,247635,70
2018-12-14 07:00:30.465,181218225152227,18121407,XBTUSD,Buy,69,3272,PlusTick,3f4d0aa3-e39e-83d3-27ce-b3ccd341bb1c,247704,71
2018-12-14 07:00:30.855,181218225152227,18121407,XBTUSD,Sell,250,3271.5,ZeroMinusTick,76dfc95d-1554-0e9b-f041-a5ad18522460,247954,72
2018-12-14 07:00:31.741,181218225152227,18121407,XBTUSD,Sell,2957,3271.5,ZeroMinusTick,9d1e4b3b-a9b6-a5ec-3853-1f01ab83356b,250911,73
2018-12-14 07:00:38.034,181218225152227,18121407,XBTUSD,Sell,8000,3271.5,MinusTick,f908eb27-171f-c5c6-a703-516dbad659d6,258911,74
2018-12-14 07:00:40.130,181218225152227,18121407,XBTUSD,Buy,500,3272,PlusTick,5f4a531c-873d-6365-9d38-9555f6af4e23,259411,75
2018-12-14 07:00:55.105,181218225152227,18121407,XBTUSD,Buy,499,3272,PlusTick,28e2b835-87c6-e4be-4d32-d1a997fc67a2,259910,76
2018-12-14 07:00:55.749,181218225152227,18121407,XBTUSD,Sell,100,3271.5,MinusTick,d1f1f4a4-09e0-d526-3abb-6a1aa89b628b,260010,77
2018-12-14 07:00:55.792,181218225152227,18121407,XBTUSD,Sell,1250,3271.5,ZeroMinusTick,532a7ddd-13fb-f19e-8fb3-ca3da57b8351,261260,78
2018-12-14 07:01:07.554,181218225152227,18121407,XBTUSD,Sell,60000,3271.5,ZeroMinusTick,841b4fa3-3acd-e0d7-ae05-ffe6be925da8,321260,79
2018-12-14 07:01:10.360,181218225152227,18121407,XBTUSD,Sell,205,3271.5,ZeroMinusTick,5ced15df-438f-1e9d-2158-25cfa9b7ce1e,321465,80
2018-12-14 07:00:07.359,181218225152227,18121407,XBTUSD,Sell,1000,3271.5,ZeroMinusTick,3f725710-b82a-c3e4-e1c8-328d0b588d8a,322465,81
2018-12-14 07:00:07.359,181218225152227,18121407,XBTUSD,Sell,250,3271.5,ZeroMinusTick,2e59ca7b-b377-f38c-6e72-7fc540f799c0,322715,82
2018-12-14 07:00:08.002,181218225152227,18121407,XBTUSD,Sell,5423,3271.5,ZeroMinusTick,835cbeb8-43e2-e2bb-5820-e897a5692438,328138,83
2018-12-14 07:00:10.991,181218225152227,18121407,XBTUSD,Sell,2000,3271.5,ZeroMinusTick,2add6db3-64b6-9f2c-fe93-6e2278e54a18,330138,84
2018-12-14 07:00:14.138,181218225152227,18121407,XBTUSD,Sell,200,3271.5,ZeroMinusTick,2ae81230-1611-7dd8-a49a-6236f12f51e8,330338,85
2018-12-14 07:00:15.363,181218225152227,18121407,XBTUSD,Sell,494,3271.5,MinusTick,4905d3c9-679e-dacc-a3ab-431771600aae,330832,86
2018-12-14 07:00:15.521,181218225152227,18121407,XBTUSD,Buy,1000,3272,PlusTick,a6fd419f-7ead-d1ec-0af1-8e0bc63ed522,331832,87
2018-12-14 07:00:15.558,181218225152227,18121407,XBTUSD,Buy,1000,3272,ZeroPlusTick,eebb515b-f70b-e741-ce7a-422ba9b73f03,332832,88
2018-12-14 07:00:18.837,181218225152227,18121407,XBTUSD,Sell,1000,3271.5,ZeroMinusTick,7a6e7c90-a3e8-ca34-4763-5b9815b01acb,333832,89
2018-12-14 07:00:19.014,181218225152227,18121407,XBTUSD,Sell,35000,3271.5,ZeroMinusTick,89fe7fa6-580a-7d49-6991-31d2a7298def,368832,90
2018-12-14 07:00:21.798,181218225152227,18121407,XBTUSD,Sell,1000,3271.5,ZeroMinusTick,c99a1049-946e-ab1a-c330-5a494fadf5c4,369832,91
2018-12-14 07:00:22.400,181218225152227,18121407,XBTUSD,Sell,163,3271.5,ZeroMinusTick,0e3963a1-62de-9f4a-4b5a-416684f6c1aa,369995,92
2018-12-14 07:00:23.053,181218225152227,18121407,XBTUSD,Sell,4540,3271.5,ZeroMinusTick,71e686c5-bef1-8f7c-aabe-13f685530ee4,374535,93
2018-12-14 07:00:24.072,181218225152227,18121407,XBTUSD,Sell,1000,3271.5,ZeroMinusTick,71c1d818-6a63-6738-4142-43209e954c0b,375535,94
2018-12-14 07:00:28.576,181218225152227,18121407,XBTUSD,Sell,116,3271.5,ZeroMinusTick,a1dd44b9-6a6c-0058-ff19-828077f7f606,375651,95
2018-12-14 07:00:30.811,181218225152227,18121407,XBTUSD,Sell,250,3271.5,ZeroMinusTick,c0270407-6fed-3943-9a97-56a656bd31bf,375901,96
2018-12-14 07:00:30.855,181218225152227,18121407,XBTUSD,Sell,100,3271.5,ZeroMinusTick,27522702-cd78-981f-a0e4-8f762d537922,376001,97
2018-12-14 07:00:04.311,181218225152227,18121407,XBTUSD,Sell,100,3271.5,ZeroMinusTick,c29d8f3a-3a98-d8a7-7499-a0780fd64ed8,376101,98
2018-12-14 07:00:04.403,181218225152227,18121407,XBTUSD,Sell,7,3271.5,ZeroMinusTick,f3b384ec-f7e7-7065-9c38-5b2076988cae,376108,99
2018-12-14 07:00:04.421,181218225152228,18121407,XBTUSD,Sell,37,3271.5,ZeroMinusTick,aace172d-113f-34a9-1394-c3bf42896db6,376145,100
2018-12-14 07:00:04.443,181218225152228,18121407,XBTUSD,Sell,1500,3271.5,ZeroMinusTick,01a462f7-4f97-3cec-bb0f-2830ff35abc5,377645,101
2018-12-14 07:00:04.656,181218225152228,18121407,XBTUSD,Buy,2000,3272,PlusTick,280642d6-680b-fb5c-3102-d0cb7218c3cc,379645,102
2018-12-14 07:00:05.845,181218225152228,18121407,XBTUSD,Sell,1,3271.5,ZeroMinusTick,bf0f4a2a-103d-db71-5379-aefab5ac97f1,379646,103
2018-12-14 07:00:07.359,181218225152228,18121407,XBTUSD,Sell,1000,3271.5,ZeroMinusTick,a36276fd-6868-065a-972b-70dbdd05b833,380646,104
2018-12-14 07:00:07.359,181218225152228,18121407,XBTUSD,Sell,250,3271.5,ZeroMinusTick,ad072de4-7abc-193e-3b44-f80834a8c050,380896,105
2018-12-14 07:00:07.359,181218225152228,18121407,XBTUSD,Sell,9277,3271.5,ZeroMinusTick,10fe18cf-fb03-17d3-3826-41f99842bc42,390173,106
2018-12-14 07:00:10.991,181218225152228,18121407,XBTUSD,Sell,6000,3271.5,ZeroMinusTick,e143c7a9-29be-33d4-74b5-b0187aa0e497,396173,107
2018-12-14 07:00:14.412,181218225152228,18121407,XBTUSD,Buy,100,3272,PlusTick,f6f318b6-6cc2-3885-c18c-b08ab6f7562d,396273,108
2018-12-14 07:00:22.400,181218225152228,18121407,XBTUSD,Sell,17,3271.5,ZeroMinusTick,5c2e134b-7aab-d27b-dbfe-7b1388b54c73,396290,109
2018-12-14 07:00:22.805,181218225152228,18121407,XBTUSD,Sell,2000,3271.5,ZeroMinusTick,be4fb3bb-d008-ac1d-e7b6-6e559b54dbfa,398290,110
2018-12-14 07:00:26.635,181218225152228,18121407,XBTUSD,Sell,163,3271.5,ZeroMinusTick,280ba4da-ca79-5df3-304e-7a9c73b05257,398453,111
2018-12-14 07:00:30.800,181218225152228,18121407,XBTUSD,Sell,2000,3271.5,MinusTick,19dccae0-b29e-b6ec-1380-73f58663b2e1,400453,112
2018-12-14 07:00:30.811,181218225152228,18121407,XBTUSD,Sell,36295,3271.5,ZeroMinusTick,2c43a04f-5e24-12d3-d323-4cdfeded3ccd,436748,113
2018-12-14 07:00:30.855,181218225152228,18121407,XBTUSD,Sell,20,3271.5,ZeroMinusTick,c3a5bcf8-7c4a-e3d1-475c-6a52a554e0e3,436768,114
2018-12-14 07:00:32.926,181218225152228,18121407,XBTUSD,Sell,4798,3271.5,MinusTick,a9578101-b8d5-d14b-9331-92a9a3eaa6d7,441566,115
2018-12-14 07:00:49.480,181218225152228,18121407,XBTUSD,Sell,35,3271.5,ZeroMinusTick,aa04e69e-f635-d0ba-2822-f2f852aba3a4,441601,116
2018-12-14 07:00:51.746,181218225152228,18121407,XBTUSD,Sell,6,3271.5,MinusTick,c7087a61-bb59-e9fe-d92e-8dd47512a00d,441607,117
2018-12-14 07:00:56.979,181218225152228,18121407,XBTUSD,Sell,10000,3271.5,ZeroMinusTick,6edd9b03-a74d-c1ad-012b-31d6a4cb1ccc,451607,118
2018-12-14 07:01:04.438,181218225152228,18121407,XBTUSD,Sell,5,3271.5,ZeroMinusTick,b98cff28-21a1-a775-f686-9f48219d957b,451612,119
2018-12-14 07:01:10.360,181218225152228,18121407,XBTUSD,Sell,163,3271.5,ZeroMinusTick,b9110339-6c2f-f96c-9e5e-4ae266d2d2ad,451775,120
2018-12-14 07:01:10.360,181218225152228,18121407,XBTUSD,Sell,3271,3271.5,ZeroMinusTick,7720c39c-dbdc-4a27-5aef-c815c8a43285,455046,121
2018-12-14 07:01:10.360,181218225152228,18121407,XBTUSD,Sell,20,3271.5,ZeroMinusTick,eb82cb2b-603f-4c3b-f531-e02af8ab53b7,455066,122
2018-12-14 07:01:13.254,181218225152228,18121407,XBTUSD,Sell,163,3271.5,ZeroMinusTick,3a69f721-f8ca-6242-665a-5b6d9f5bc52f,455229,123
2018-12-14 07:01:13.254,181218225152228,18121407,XBTUSD,Sell,9,3271,ZeroMinusTick,7a1b3523-571d-e851-bcfc-042cce6ad87b,455238,124
2018-12-14 07:01:13.254,181218225152228,18121407,XBTUSD,Sell,9,3271,ZeroMinusTick,efda43df-e0de-53ca-2122-fc2987ed7e6a,455247,125
2018-12-14 07:01:13.254,181218225152228,18121407,XBTUSD,Sell,20000,3271,ZeroMinusTick,85f49d85-efe1-b761-d837-6e4f8ec13dab,475247,126
2018-12-14 07:01:13.254,181218225152228,18121407,XBTUSD,Sell,10,3270.5,ZeroMinusTick,8e0cc548-4cda-efc6-3203-133195e70341,475257,127
2018-12-14 07:01:13.957,181218225152228,18121407,XBTUSD,Sell,16,3270.5,ZeroMinusTick,883c4696-bd4b-8145-b069-ae66cd3b9324,475273,128
2018-12-14 07:00:06.295,181218225152228,18121407,XBTUSD,Buy,1,3272,ZeroPlusTick,7e82df35-f03d-0194-d71e-cc62337e2999,475274,129
2018-12-14 07:00:07.359,181218225152228,18121407,XBTUSD,Sell,5000,3271.5,ZeroMinusTick,a60cbd05-2464-cbea-b926-7f8051cb89a8,480274,130
2018-12-14 07:00:07.359,181218225152228,18121407,XBTUSD,Sell,250,3271.5,ZeroMinusTick,2d109a26-5472-1f79-b1b6-7d33b69c98b2,480524,131
2018-12-14 07:00:08.002,181218225152228,18121407,XBTUSD,Sell,327,3271.5,ZeroMinusTick,06b51fa2-5e6a-5c2e-1823-301fb7a4d7e4,480851,132
2018-12-14 07:00:10.991,181218225152228,18121407,XBTUSD,Sell,1823,3271.5,ZeroMinusTick,60c91948-e758-d2d1-7f29-cd571bca71c9,482674,133
2018-12-14 07:00:10.991,181218225152228,18121407,XBTUSD,Sell,100,3271.5,ZeroMinusTick,7453ccd6-d8df-1e1a-6b1a-790febc05d77,482774,134
2018-12-14 07:00:11.562,181218225152228,18121407,XBTUSD,Buy,10000,3272,PlusTick,fc65d95f-aae5-24c7-225d-d523b4a5b3f2,492774,135
2018-12-14 07:00:13.265,181218225152228,18121407,XBTUSD,Sell,200,3271.5,MinusTick,0e91435f-6860-e237-57b8-6f41aa7f0d66,492974,136
2018-12-14 07:00:16.500,181218225152228,18121407,XBTUSD,Buy,1000,3272,ZeroPlusTick,e97b9255-a3ad-5765-f8f6-f4b0302d3e0d,493974,137
2018-12-14 07:00:16.632,181218225152228,18121407,XBTUSD,Buy,1000,3272,ZeroPlusTick,6a146d1f-3a65-2684-bb83-50a53d685b18,494974,138
2018-12-14 07:00:21.856,181218225152228,18121407,XBTUSD,Sell,500,3271.5,ZeroMinusTick,ad0b6de9-3e2b-1383-957a-78f6701828e1,495474,139
2018-12-14 07:00:22.400,181218225152228,18121407,XBTUSD,Sell,2900,3271.5,ZeroMinusTick,e3ea264e-4489-6ad7-c3bd-8f26a3c42bba,498374,140
2018-12-14 07:00:23.053,181218225152228,18121407,XBTUSD,Sell,250,3271.5,ZeroMinusTick,22034abb-9353-74c4-cc50-3a3db41e9c2b,498624,141
2018-12-14 07:00:24.072,181218225152228,18121407,XBTUSD,Sell,20,3271.5,ZeroMinusTick,92075f74-b872-5631-942b-ebddc2353751,498644,142
2018-12-14 07:00:26.635,181218225152228,18121407,XBTUSD,Sell,760,3271.5,ZeroMinusTick,67fed693-f9ae-a781-af09-e470bf10a7d6,499404,143
2018-12-14 07:00:30.811,181218225152228,18121407,XBTUSD,Sell,9140,3271.5,ZeroMinusTick,3d17fcb0-2d28-fb65-72e2-c967a8faf8da,508544,144
2018-12-14 07:00:30.855,181218225152228,18121407,XBTUSD,Sell,250,3271.5,ZeroMinusTick,a0c79d77-c33a-f9cf-c4e5-9aa063757bf4,508794,145
2018-12-14 07:00:30.855,181218225152228,18121407,XBTUSD,Sell,140,3271.5,ZeroMinusTick,28b36573-a331-d468-2546-0c8032170e80,508934,146
2018-12-14 07:00:31.741,181218225152228,18121407,XBTUSD,Sell,2000,3271.5,ZeroMinusTick,083c69a4-a830-1b9f-fd34-d1ce6dca79bd,510934,147
2018-12-14 07:00:36.005,181218225152228,18121407,XBTUSD,Sell,20,3271.5,MinusTick,23e7953c-75d4-7cc9-0ba2-0886cadff0ea,510954,148
2018-12-14 07:00:36.900,181218225152228,18121407,XBTUSD,Sell,500,3271.5,ZeroMinusTick,df2a8e95-8478-a598-06cd-0ac0f9d635ba,511454,149
2018-12-14 07:00:52.386,181218225152228,18121407,XBTUSD,Sell,100,3271.5,ZeroMinusTick,f7ccfcea-6dd7-308d-5b58-3e6d9bb913fe,511554,150
2018-12-14 07:00:52.991,181218225152228,18121407,XBTUSD,Sell,20,3271.5,ZeroMinusTick,30331249-5a22-9554-2f66-55aa1fd293dc,511574,151
2018-12-14 07:00:53.158,181218225152228,18121407,XBTUSD,Sell,82,3271.5,ZeroMinusTick,b18f36dc-3a7c-73b2-97d5-635d4e2b4562,511656,152
2018-12-14 07:01:10.360,181218225152228,18121407,XBTUSD,Sell,163,3271.5,ZeroMinusTick,855828d0-3928-6619-2040-42400cd56689,511819,153
2018-12-14 07:01:10.360,181218225152228,18121407,XBTUSD,Sell,500,3271.5,ZeroMinusTick,868ad352-8400-ec25-4c67-857ce40ff1f7,512319,154
2018-12-14 07:01:10.360,181218225152228,18121407,XBTUSD,Sell,200,3271.5,ZeroMinusTick,9674cc84-28b7-cca6-854c-9574de7934ff,512519,155
2018-12-14 07:01:13.254,181218225152228,18121407,XBTUSD,Sell,9000,3271.5,ZeroMinusTick,46bf03b9-b82b-231c-092e-b9a2d2e4c0dd,521519,156
2018-12-14 07:01:13.254,181218225152228,18121407,XBTUSD,Sell,100,3271,ZeroMinusTick,62cb3068-d597-97f7-6ce8-b4b773537e24,521619,157
2018-12-14 07:01:13.254,181218225152228,18121407,XBTUSD,Sell,24,3271,ZeroMinusTick,b186b917-ebae-02f9-6e10-334f6b6662b8,521643,158
2018-12-14 07:01:13.254,181218225152228,18121407,XBTUSD,Sell,14723,3271,ZeroMinusTick,64730364-6282-c006-51aa-2bfd1f83710a,536366,159
2018-12-14 07:01:13.254,181218225152228,18121407,XBTUSD,Sell,201,3270.5,ZeroMinusTick,44c8c6e5-433a-9415-f1bd-529b5051cee0,536567,160
2018-12-14 07:01:13.254,181218225152228,18121407,XBTUSD,Sell,9,3270.5,ZeroMinusTick,53c2c22c-cc86-fa01-1f1d-ca88b6b8f7bb,536576,161
2018-12-14 07:01:13.873,181218225152228,18121407,XBTUSD,Buy,111,3271,PlusTick,c9eb29d4-a9b4-9546-92eb-cb3a3ebb1475,536687,162
2018-12-14 07:00:10.991,181218225152228,18121407,XBTUSD,Sell,1600,3271.5,ZeroMinusTick,9daf8e2f-6aff-d1bb-5bfd-8cb396545ece,538287,163
2018-12-14 07:00:10.991,181218225152228,18121407,XBTUSD,Sell,10,3271.5,ZeroMinusTick,2386986b-f2af-a8c3-774c-99fc839f1f19,538297,164
2018-12-14 07:00:24.072,181218225152228,18121407,XBTUSD,Sell,500,3271.5,ZeroMinusTick,6872a100-ff30-71f6-1c29-b3a4358e6fc8,538797,165
2018-12-14 07:00:25.758,181218225152228,18121407,XBTUSD,Sell,840,3271.5,ZeroMinusTick,b6d2ee74-c3d3-bc12-cfb8-12b1d994f3ca,539637,166
2018-12-14 07:00:25.843,181218225152228,18121407,XBTUSD,Buy,12000,3272,PlusTick,fc5b1c0d-3cda-225a-03b4-571fe04e87fd,551637,167
2018-12-14 07:00:26.635,181218225152228,18121407,XBTUSD,Sell,250,3271.5,ZeroMinusTick,a2461a58-f28b-2a29-06fb-edb34f3c6d33,551887,168
2018-12-14 07:00:30.811,181218225152228,18121407,XBTUSD,Sell,163,3271.5,ZeroMinusTick,e631926b-39bd-a8b2-84c5-960338054e3d,552050,169
2018-12-14 07:00:30.855,181218225152228,18121407,XBTUSD,Sell,100,3271.5,ZeroMinusTick,db8a8276-485d-c4ce-a3fc-3d518e9ea816,552150,170
2018-12-14 07:00:32.133,181218225152228,18121407,XBTUSD,Buy,7,3272,PlusTick,a5c25e25-c912-3e9e-460a-82dc095f95ea,552157,171
2018-12-14 07:00:42.002,181218225152228,18121407,XBTUSD,Sell,100,3271.5,ZeroMinusTick,ef46866d-86ba-b7bf-5b01-d7cfab81549b,552257,172
2018-12-14 07:00:48.194,181218225152228,18121407,XBTUSD,Buy,500,3272,ZeroPlusTick,1f86325e-3087-52db-d683-c44901dc1cfd,552757,173
2018-12-14 07:00:51.413,181218225152228,18121407,XBTUSD,Buy,122,3272,PlusTick,363262c4-21ac-0606-1ade-3e4766b3d41b,552879,174
2018-12-14 07:01:10.360,181218225152228,18121407,XBTUSD,Sell,1000,3271.5,ZeroMinusTick,e1d4b4e6-3818-9e67-f81b-f2e12794b506,553879,175
2018-12-14 07:01:10.360,181218225152228,18121407,XBTUSD,Sell,1000,3271.5,ZeroMinusTick,dcccdaff-a261-ae9b-e406-b14a119a6b8a,554879,176
2018-12-14 07:01:13.254,181218225152228,18121407,XBTUSD,Sell,36,3271.5,ZeroMinusTick,90b78a35-e3c0-adb0-5a8b-28e51a5d11e1,554915,177
2018-12-14 07:01:13.254,181218225152228,18121407,XBTUSD,Sell,15,3271,ZeroMinusTick,7ec934c8-1973-b263-2705-f174cd6516bf,554930,178
2018-12-14 07:01:13.254,181218225152228,18121407,XBTUSD,Sell,400,3271,ZeroMinusTick,71141b42-7f5e-70be-4d47-3a41047037cc,555330,179
2018-12-14 07:01:13.254,181218225152229,18121407,XBTUSD,Sell,1256,3270.5,MinusTick,0a75d181-5579-0df7-b548-8fede357036b,556586,180
2018-12-14 07:01:13.254,181218225152229,18121407,XBTUSD,Sell,23,3270.5,ZeroMinusTick,e26b4b9e-94c7-4920-e1f3-3ca720f3d269,556609,181
2018-12-14 07:01:13.957,181218225152229,18121407,XBTUSD,Sell,30,3270.5,ZeroMinusTick,abade88d-6415-42e0-f336-1e6bd0a3cf4d,556639,182
2018-12-14 07:01:13.957,181218225152229,18121407,XBTUSD,Sell,596,3270.5,ZeroMinusTick,55e06229-d29a-2178-3d0b-e1ec965b0cfc,557235,183
2018-12-14 07:01:14.504,181218225152229,18121407,XBTUSD,Sell,2020,3270.5,ZeroMinusTick,31334c92-0b94-58f8-7f53-9eae59fae50a,559255,184
2018-12-14 07:01:14.912,181218225152229,18121407,XBTUSD,Buy,2000,3271,PlusTick,9c7c3c52-32b1-668f-d92d-395f7bda456f,561255,185
2018-12-14 07:01:21.895,181218225152229,18121407,XBTUSD,Buy,350,3271,PlusTick,c4ada11e-f315-8926-aa7d-78ef27c7f4cd,561605,186
2018-12-14 07:01:22.088,181218225152229,18121407,XBTUSD,Sell,40,3270.5,MinusTick,90c0f75a-7092-9bba-e397-e3ec28b15e42,561645,187
2018-12-14 07:01:22.293,181218225152229,18121407,XBTUSD,Sell,8499,3270.5,ZeroMinusTick,3a9c592b-b8d2-2dfe-6854-e8a8600a8956,570144,188
2018-12-14 07:01:22.293,181218225152229,18121407,XBTUSD,Sell,24,3270.5,ZeroMinusTick,7799c284-c580-19ad-b645-245a3eb0699a,570168,189
2018-12-14 07:01:22.293,181218225152229,18121407,XBTUSD,Sell,13,3270,ZeroMinusTick,c48fd26d-0098-0975-7ca7-a44e7f6849c3,570181,190
2018-12-14 07:01:23.061,181218225152229,18121407,XBTUSD,Sell,527,3270,ZeroMinusTick,c228809f-dcf6-ecf5-f157-c5f71da586fa,570708,191
2018-12-14 07:01:24.494,181218225152229,18121407,XBTUSD,Sell,300,3270,ZeroMinusTick,0592dd04-af1e-6e87-cb98-dc6edd49a184,571008,192
2018-12-14 07:01:25.413,181218225152229,18121407,XBTUSD,Sell,726,3270,ZeroMinusTick,7b96eac1-19bf-4b44-24b7-26a0bc471c36,571734,193
2018-12-14 07:01:25.424,181218225152229,18121407,XBTUSD,Sell,163,3270,ZeroMinusTick,d21c42ea-8a6e-7458-0a4f-b90b7c8dc710,571897,194
2018-12-14 07:00:20.412,181218225152229,18121407,XBTUSD,Sell,500,3271.5,MinusTick,cf681898-4b7e-11fe-3916-c41a80aab6c9,572397,195
2018-12-14 07:00:21.481,181218225152229,18121407,XBTUSD,Sell,100,3271.5,ZeroMinusTick,fb662063-1c02-3dcf-096d-ef876489eea5,572497,196
2018-12-14 07:00:21.748,181218225152229,18121407,XBTUSD,Sell,60,3271.5,ZeroMinusTick,2ee59331-1370-d37b-e276-829568112bb8,572557,197
2018-12-14 07:00:22.400,181218225152229,18121407,XBTUSD,Sell,163,3271.5,ZeroMinusTick,b933d9ac-fefb-e715-9441-404d763b9bbb,572720,198
2018-12-14 07:00:23.053,181218225152229,18121407,XBTUSD,Sell,210,3271.5,ZeroMinusTick,4b27dec6-9502-487d-5b97-b652252f5293,572930,199
2018-12-14 07:00:24.072,181218225152229,18121407,XBTUSD,Sell,5000,3271.5,ZeroMinusTick,98e4bebc-430e-be77-b905-6667bb63620c,577930,200
2018-12-14 07:00:26.635,181218225152229,18121407,XBTUSD,Sell,20,3271.5,ZeroMinusTick,59782d3a-69f6-8ba5-ddd7-d436bd26561a,577950,201
2018-12-14 07:00:28.444,181218225152229,18121407,XBTUSD,Sell,213,3271.5,MinusTick,452e3a03-ce86-8377-1581-8db696393f73,578163,202
2018-12-14 07:00:30.811,181218225152229,18121407,XBTUSD,Sell,2300,3271.5,ZeroMinusTick,ae4f26d5-e6ae-84ee-c2a1-608ca9c8ec19,580463,203
2018-12-14 07:00:30.855,181218225152229,18121407,XBTUSD,Sell,250,3271.5,ZeroMinusTick,0b000bd1-ae25-6c77-635a-3831495b56f3,580713,204
2018-12-14 07:00:30.882,181218225152229,18121407,XBTUSD,Buy,500,3272,PlusTick,2f6b65e2-af59-6032-20fe-1629a1427156,581213,205
2018-12-14 07:00:31.741,181218225152229,18121407,XBTUSD,Sell,23,3271.5,MinusTick,e44753e8-df11-50ff-6fa3-dd3a9871ab04,581236,206
2018-12-14 07:00:34.618,181218225152229,18121407,XBTUSD,Buy,88,3272,ZeroPlusTick,a980ea2f-9d75-1b5c-66d2-1a122dc49f40,581324,207
2018-12-14 07:00:41.447,181218225152229,18121407,XBTUSD,Sell,100,3271.5,MinusTick,10ed22d8-5b7e-6d16-8c9f-a1fc7446af3a,581424,208
2018-12-14 07:00:42.124,181218225152229,18121407,XBTUSD,Buy,600,3272,PlusTick,0466788d-542a-500d-454e-9ec5305f50f5,582024,209
2018-12-14 07:00:48.872,181218225152229,18121407,XBTUSD,Sell,2,3271.5,MinusTick,de6f2706-7fdd-f0ca-6910-e83fa613a228,582026,210
2018-12-14 07:00:51.740,181218225152229,18121407,XBTUSD,Buy,500,3272,ZeroPlusTick,8c3f8dff-2746-ea78-a4a7-22c8844e277a,582526,211
2018-12-14 07:01:08.237,181218225152229,18121407,XBTUSD,Sell,72,3271.5,ZeroMinusTick,096575ad-9f0b-3513-7037-961231f65c0a,582598,212
2018-12-14 07:01:08.327,181218225152229,18121407,XBTUSD,Sell,100,3271.5,ZeroMinusTick,73480ca8-0d27-d7b1-f6d5-fa3f992bdc41,582698,213
2018-12-14 07:01:08.367,181218225152229,18121407,XBTUSD,Sell,1000,3271.5,ZeroMinusTick,da62b928-2eb3-2302-86ad-54a7160fa8e2,583698,214
2018-12-14 07:01:08.484,181218225152229,18121407,XBTUSD,Sell,34,3271.5,ZeroMinusTick,9693599e-d046-7b4c-8929-c6e743845a9b,583732,215
2018-12-14 07:01:10.360,181218225152229,18121407,XBTUSD,Sell,4500,3271.5,ZeroMinusTick,53d5d540-c38f-fc83-8779-ee06ac0b1202,588232,216
2018-12-14 07:01:10.360,181218225152229,18121407,XBTUSD,Sell,500,3271.5,ZeroMinusTick,c9ee6bbb-3c9b-d628-552c-7f89334320ec,588732,217
2018-12-14 07:01:10.360,181218225152229,18121407,XBTUSD,Sell,50,3271.5,ZeroMinusTick,096945dc-1a52-1db1-f9e0-26715c7a7f2c,588782,218
2018-12-14 07:01:13.162,181218225152229,18121407,XBTUSD,Buy,500,3272,PlusTick,384e491a-89ff-df36-4b66-4b009fbfb76d,589282,219
2018-12-14 07:01:13.254,181218225152229,18121407,XBTUSD,Sell,50,3271.5,ZeroMinusTick,779d4b6f-2ef7-04f1-9ffd-6b5993ffd864,589332,220
2018-12-14 07:01:13.254,181218225152229,18121407,XBTUSD,Sell,30,3271,ZeroMinusTick,deeea347-6e66-4b92-fb57-2c59923c92a5,589362,221
2018-12-14 07:01:13.254,181218225152229,18121407,XBTUSD,Sell,24,3271,ZeroMinusTick,5cd34f41-813a-02a5-5dc8-a9f2211b65f4,589386,222
2018-12-14 07:01:13.254,181218225152229,18121407,XBTUSD,Sell,500,3271,ZeroMinusTick,1c0b12e6-b922-64a7-dd72-cc69995c1983,589886,223
2018-12-14 07:01:13.254,181218225152229,18121407,XBTUSD,Sell,2000,3270.5,ZeroMinusTick,e89c3d1a-a390-634f-08f0-684e395a70d5,591886,224
2018-12-14 07:01:13.254,181218225152229,18121407,XBTUSD,Sell,16,3270.5,ZeroMinusTick,fbfc78e5-36f3-e9d9-5b0a-02f23d61bedd,591902,225
2018-12-14 07:01:13.957,181218225152229,18121407,XBTUSD,Sell,11,3270.5,ZeroMinusTick,92779280-d07e-0803-d7a1-cf0604809d3c,591913,226
2018-12-14 07:01:18.636,181218225152229,18121407,XBTUSD,Sell,5000,3270.5,ZeroMinusTick,067b40ce-2d59-7fbf-da4d-6f6f9e088d90,596913,227
2018-12-14 07:01:21.565,181218225152229,18121407,XBTUSD,Sell,7000,3270.5,ZeroMinusTick,0c68a17b-4dda-58c3-a362-d5e4e5a08e19,603913,228
2018-12-14 07:01:22.293,181218225152229,18121407,XBTUSD,Sell,9812,3270.5,ZeroMinusTick,a4a8fedc-eeaf-8b86-b13c-acdba28d7125,613725,229
2018-12-14 07:01:22.293,181218225152229,18121407,XBTUSD,Sell,32,3270.5,ZeroMinusTick,ef9ebf28-8f2a-4b6d-5792-bf1ae090fea5,613757,230
2018-12-14 07:01:22.293,181218225152229,18121407,XBTUSD,Sell,16,3270,ZeroMinusTick,8a3d5637-fe1a-de90-47f4-456a99c705b8,613773,231
2018-12-14 07:01:25.151,181218225152229,18121407,XBTUSD,Sell,1874,3270,ZeroMinusTick,76a70519-caae-2e2f-1e09-fb47623d90d0,615647,232
2018-12-14 07:01:27.391,181218225152229,18121407,XBTUSD,Sell,4000,3270,ZeroMinusTick,f9c268c4-7d09-1a85-9d5a-75a6ab411261,619647,233
2018-12-14 07:01:28.535,181218225152229,18121407,XBTUSD,Sell,1399,3270,MinusTick,745da57d-2b1e-50b0-1b49-b097b942a59a,621046,234
2018-12-14 07:01:28.535,181218225152229,18121407,XBTUSD,Sell,10,3270,ZeroMinusTick,16e48711-695b-25a2-7585-105babcb07b5,621056,235
2018-12-14 07:00:24.072,181218225152229,18121407,XBTUSD,Sell,18840,3271.5,ZeroMinusTick,e9760d6a-0e1e-1a4c-0959-7d1211513310,639896,236
2018-12-14 07:00:26.635,181218225152229,18121407,XBTUSD,Sell,288,3271.5,ZeroMinusTick,69abe748-4677-0108-f498-890102a5b5b5,640184,237
2018-12-14 07:00:30.811,181218225152229,18121407,XBTUSD,Sell,20,3271.5,ZeroMinusTick,83d8ed58-f0ae-0f35-7786-51653cbf273c,640204,238
2018-12-14 07:00:30.855,181218225152229,18121407,XBTUSD,Sell,32,3271.5,ZeroMinusTick,a395094a-026e-f5f6-b915-4044077e8f89,640236,239
2018-12-14 07:01:10.360,181218225152229,18121407,XBTUSD,Sell,69,3271.5,ZeroMinusTick,21cf4bfd-84c3-ed14-236a-1774a3f23d99,640305,240
2018-12-14 07:01:10.360,181218225152229,18121407,XBTUSD,Sell,9,3271.5,ZeroMinusTick,1dfeaf26-8469-fad2-0b57-5c3e6b52bfca,640314,241
2018-12-14 07:01:10.360,181218225152229,18121407,XBTUSD,Sell,8499,3271.5,ZeroMinusTick,8aa2ebef-bba8-7cb0-1409-32aa987c1052,648813,242
2018-12-14 07:01:12.740,181218225152229,18121407,XBTUSD,Sell,69,3271.5,ZeroMinusTick,500e2248-6598-c116-7e41-da0d3b15405b,648882,243
2018-12-14 07:01:13.254,181218225152229,18121407,XBTUSD,Sell,50,3271.5,ZeroMinusTick,9855090f-b295-9473-228b-2fb0bdef79f4,648932,244
2018-12-14 07:01:13.254,181218225152229,18121407,XBTUSD,Sell,500,3271,ZeroMinusTick,caf12f3b-c2db-ad13-08fb-5883dbde316a,649432,245
2018-12-14 07:01:13.254,181218225152229,18121407,XBTUSD,Sell,71,3271,ZeroMinusTick,58b74f96-f362-44a0-4b90-ae509db4c651,649503,246
2018-12-14 07:01:13.254,181218225152229,18121407,XBTUSD,Sell,250,3271,ZeroMinusTick,5ce5ef10-2eee-fbab-5e41-80c3cb628390,649753,247
2018-12-14 07:01:13.254,181218225152229,18121407,XBTUSD,Sell,1000,3270.5,ZeroMinusTick,bd092ab7-d8d1-a038-2ca6-f3a0622f9cd3,650753,248
2018-12-14 07:01:13.254,181218225152229,18121407,XBTUSD,Sell,30,3270.5,ZeroMinusTick,e813725b-35c3-d81e-0784-2e5acd6144ee,650783,249
2018-12-14 07:01:13.957,181218225152229,18121407,XBTUSD,Sell,17,3270.5,ZeroMinusTick,17205496-2e7e-5814-300b-e52ca8c16745,650800,250
2018-12-14 07:01:19.095,181218225152229,18121407,XBTUSD,Sell,100,3270.5,ZeroMinusTick,1c360ffa-84c6-d356-1c30-9ad946e72411,650900,251
2018-12-14 07:01:22.293,181218225152229,18121407,XBTUSD,Sell,327,3270.5,ZeroMinusTick,c7f4af49-ea19-121f-5b58-f3078e853204,651227,252
2018-12-14 07:01:22.293,181218225152229,18121407,XBTUSD,Sell,1,3270.5,ZeroMinusTick,ed6ad9dc-b44a-db31-9ead-681fe489c87d,651228,253
2018-12-14 07:01:22.293,181218225152229,18121407,XBTUSD,Sell,22,3270,ZeroMinusTick,8c78c48c-24f8-4853-5b84-f0f797826ae0,651250,254
2018-12-14 07:01:25.151,181218225152229,18121407,XBTUSD,Sell,76,3270,ZeroMinusTick,5f9d5d83-bd47-a198-4944-2374846074a8,651326,255
2018-12-14 07:01:25.424,181218225152230,18121407,XBTUSD,Sell,163,3270,ZeroMinusTick,4dd00e88-3437-90bc-76b1-cfa309c8450a,651489,256
2018-12-14 07:01:28.535,181218225152230,18121407,XBTUSD,Sell,32,3270,ZeroMinusTick,e2cea30e-6ca7-6713-9212-81ed9ce7da04,651521,257
2018-12-14 07:01:28.535,181218225152230,18121407,XBTUSD,Sell,100,3269.5,ZeroMinusTick,d6cb8b9d-ce60-e255-5ccc-91b2561febfd,651621,258
2018-12-14 07:01:29.043,181218225152230,18121407,XBTUSD,Sell,10,3269.5,ZeroMinusTick,9b4e1fb3-7815-942a-179b-bf1b15c75ce9,651631,259
2018-12-14 07:01:29.043,181218225152230,18121407,XBTUSD,Sell,503,3269,ZeroMinusTick,7273984c-2a57-480c-d5d8-bdb480187278,652134,260
2018-12-14 07:01:29.363,181218225152230,18121407,XBTUSD,Sell,50,3269,ZeroMinusTick,44e90f4a-1eaf-0c17-712d-b35d69496b2b,652184,261
2018-12-14 07:01:30.206,181218225152230,18121407,XBTUSD,Sell,30000,3269,ZeroMinusTick,39ab8cb9-8437-4621-47a0-616e6f8f8ee8,682184,262
2018-12-14 07:01:30.898,181218225152230,18121407,XBTUSD,Buy,3500,3269.5,PlusTick,bc5c1e82-996f-d8c5-48cf-feee2695c855,685684,263
2018-12-14 07:01:34.169,181218225152230,18121407,XBTUSD,Sell,1000,3269,ZeroMinusTick,f1c294be-3cd6-75d6-4a90-7e31f78da8a5,686684,264
2018-12-14 07:01:35.028,181218225152230,18121407,XBTUSD,Sell,87,3268.5,MinusTick,0ce50af1-2900-337e-b981-e3fadb1f4bde,686771,265
2018-12-14 07:01:35.044,181218225152230,18121407,XBTUSD,Sell,115,3268.5,ZeroMinusTick,f971a738-44df-c742-8d7c-947362b75fcd,686886,266
2018-12-14 07:01:35.044,181218225152230,18121407,XBTUSD,Sell,96,3268.5,ZeroMinusTick,5886bbb0-1015-97fb-e619-a084a9018cf3,686982,267
2018-12-14 07:01:36.758,181218225152230,18121407,XBTUSD,Sell,1798,3268.5,ZeroMinusTick,796128b7-f096-6ef8-c5e5-6f2c04d5ab35,688780,268
2018-12-14 07:01:36.998,181218225152230,18121407,XBTUSD,Sell,25,3268.5,ZeroMinusTick,f3163f5e-56e0-1157-2da5-237bad297862,688805,269
2018-12-14 07:01:37.077,181218225152230,18121407,XBTUSD,Sell,5000,3268.5,ZeroMinusTick,a9006c2b-308d-76a9-2e3f-e4f927791b1e,693805,270
2018-12-14 07:01:38.145,181218225152230,18121407,XBTUSD,Sell,23,3268.5,ZeroMinusTick,d0b66ffa-bf2d-bd4e-e6b7-ca2870684587,693828,271
2018-12-14 07:01:38.145,181218225152230,18121407,XBTUSD,Sell,32,3268.5,ZeroMinusTick,93814d15-15d5-d293-2678-26cd662af8d7,693860,272
2018-12-14 07:01:41.512,181218225152230,18121407,XBTUSD,Sell,23,3268,ZeroMinusTick,ed3de890-734f-f90b-f256-df4a726d382c,693883,273
2018-12-14 07:01:42.227,181218225152230,18121407,XBTUSD,Sell,307,3268,ZeroMinusTick,42ed5b06-0746-9215-5a0d-78fc5cdb6219,694190,274
2018-12-14 07:01:45.380,181218225152230,18121407,XBTUSD,Sell,880,3268,ZeroMinusTick,a40992d4-e902-2692-76a1-7fc9acb98867,695070,275
2018-12-14 07:01:45.985,181218225152230,18121407,XBTUSD,Sell,17,3268,ZeroMinusTick,0ad0b3b2-cec8-ea4e-834d-c86217428c30,695087,276
2018-12-14 07:01:46.533,181218225152230,18121407,XBTUSD,Buy,700,3268.5,PlusTick,0cbc0552-063d-2da7-86e9-b90fa2ae2fe1,695787,277
2018-12-14 07:01:50.532,181218225152230,18121407,XBTUSD,Sell,1818,3268,ZeroMinusTick,63136297-983e-543f-d324-d98e2145baca,697605,278
2018-12-14 07:01:50.532,181218225152230,18121407,XBTUSD,Sell,2102,3268,ZeroMinusTick,8c35ed5c-4745-69d4-e51e-7c639758ae05,699707,279
2018-12-14 07:00:24.072,181218225152230,18121407,XBTUSD,Sell,60,3271.5,ZeroMinusTick,024e866e-0408-f2bb-adae-9a7443e62fdd,699767,280
2018-12-14 07:00:26.635,181218225152230,18121407,XBTUSD,Sell,163,3271.5,ZeroMinusTick,5a04344c-c402-2f90-7276-43be6230d00a,699930,281
2018-12-14 07:00:30.855,181218225152230,18121407,XBTUSD,Sell,277,3271.5,ZeroMinusTick,e8aa5da5-bfef-b0a3-a054-7880d9738e8d,700207,282
2018-12-14 07:00:39.395,181218225152230,18121407,XBTUSD,Sell,5000,3271.5,ZeroMinusTick,d73c89e7-620b-0224-566b-6e6700126e60,705207,283
2018-12-14 07:00:44.556,181218225152230,18121407,XBTUSD,Sell,200,3271.5,MinusTick,e4c11ed6-e014-9f31-41fb-00430b50fe96,705407,284
2018-12-14 07:00:56.460,181218225152230,18121407,XBTUSD,Buy,500,3272,PlusTick,1d1bcf6b-576c-bfbc-a2ac-2717615c78d9,705907,285
2018-12-14 07:00:58.878,181218225152230,18121407,XBTUSD,Sell,78,3271.5,ZeroMinusTick,c486dcae-cae5-5d00-2330-c9d80ddca5fa,705985,286
2018-12-14 07:00:59.074,181218225152230,18121407,XBTUSD,Buy,300,3272,PlusTick,47e7bfdd-6ac3-01d7-a54c-7f3c3c4760b9,706285,287
2018-12-14 07:01:03.863,181218225152230,18121407,XBTUSD,Sell,1800,3271.5,ZeroMinusTick,5a2dfd80-e0f6-3bc2-7472-f6220ec07724,708085,288
2018-12-14 07:01:10.360,181218225152230,18121407,XBTUSD,Sell,163,3271.5,ZeroMinusTick,04b358f7-b13b-7804-7b3e-bfe0d538dca0,708248,289
2018-12-14 07:01:10.360,181218225152230,18121407,XBTUSD,Sell,28,3271.5,ZeroMinusTick,4cc5226f-598b-b9d1-0018-915346a6c74c,708276,290
2018-12-14 07:01:10.360,181218225152230,18121407,XBTUSD,Sell,200,3271.5,ZeroMinusTick,62c0c732-4222-d8f5-77f5-3c7298484a25,708476,291
2018-12-14 07:01:13.254,181218225152230,18121407,XBTUSD,Sell,205,3271.5,ZeroMinusTick,89552161-2c55-f571-3ebd-47c4c42e67b1,708681,292
2018-12-14 07:01:13.254,181218225152230,18121407,XBTUSD,Sell,14,3271,ZeroMinusTick,045049ab-0b3b-cdae-6a8b-b462579d6f1e,708695,293
2018-12-14 07:01:13.254,181218225152230,18121407,XBTUSD,Sell,500,3271,ZeroMinusTick,34873e58-b6b8-2c70-02a2-d3f35b5fd1f0,709195,294
2018-12-14 07:01:13.254,181218225152230,18121407,XBTUSD,Sell,50,3271,ZeroMinusTick,a4fa6277-b861-1656-571e-5ef207601d79,709245,295
2018-12-14 07:01:13.254,181218225152230,18121407,XBTUSD,Sell,10,3270.5,ZeroMinusTick,90c04933-2a9e-d479-031e-e254615e6b35,709255,296
2018-12-14 07:01:13.957,181218225152230,18121407,XBTUSD,Sell,25,3270.5,ZeroMinusTick,17db37ea-9cd1-3015-ec64-cf34524bdb24,709280,297
2018-12-14 07:01:14.504,181218225152230,18121407,XBTUSD,Sell,12561,3270.5,ZeroMinusTick,b8e72aff-75e7-0c7a-3492-dc5ed22715ed,721841,298
2018-12-14 07:01:14.533,181218225152230,18121407,XBTUSD,Sell,15000,3270.5,ZeroMinusTick,8c61c362-dacb-0e8c-ea6a-74891d9d95ef,736841,299
2018-12-14 07:01:17.195,181218225152230,18121407,XBTUSD,Sell,50,3270.5,ZeroMinusTick,9dc5ca7c-eccc-1d30-06c8-4a52285e7e7b,736891,300
2018-12-14 07:01:19.422,181218225152230,18121407,XBTUSD,Sell,278,3270.5,ZeroMinusTick,a615aad8-f937-49e1-c299-29f1ff27e678,737169,301
2018-12-14 07:01:20.263,181218225152230,18121407,XBTUSD,Sell,500,3270.5,ZeroMinusTick,be074707-ed9a-c041-303a-dbfb8d79e9a1,737669,302
2018-12-14 07:01:20.749,181218225152230,18121407,XBTUSD,Sell,66,3270.5,ZeroMinusTick,508fe6db-54ed-dbae-9c49-de63efe9b138,737735,303
2018-12-14 07:01:22.293,181218225152230,18121407,XBTUSD,Sell,10,3270.5,ZeroMinusTick,3f1fee3d-5408-1379-d59a-ba7bd9a296a3,737745,304
2018-12-14 07:01:22.293,181218225152230,18121407,XBTUSD,Sell,30,3270,ZeroMinusTick,994e61da-e082-a8a9-963b-1891d2c68c62,737775,305
2018-12-14 07:01:25.424,181218225152230,18121407,XBTUSD,Sell,555,3270,ZeroMinusTick,af4d86db-b855-8393-d62e-90ac6b3e461a,738330,306
2018-12-14 07:01:28.535,181218225152230,18121407,XBTUSD,Sell,202,3270,ZeroMinusTick,45193452-aef3-3086-50c1-0f38ed8bd9b9,738532,307
2018-12-14 07:01:28.535,181218225152230,18121407,XBTUSD,Sell,30,3269.5,ZeroMinusTick,383239d3-7837-cfcc-4b33-0de8ac98ddf0,738562,308
2018-12-14 07:01:28.565,181218225152230,18121407,XBTUSD,Sell,1050,3269.5,ZeroMinusTick,d4055a26-58f5-aadd-19bd-5ca03231c602,739612,309
2018-12-14 07:01:29.043,181218225152230,18121407,XBTUSD,Sell,51,3269.5,ZeroMinusTick,1d06a218-e90a-e59a-7e20-d2655f9e823a,739663,310
2018-12-14 07:01:29.043,181218225152230,18121407,XBTUSD,Sell,676,3269,ZeroMinusTick,a5d879b1-fdf8-2d46-9038-927c6351785f,740339,311
2018-12-14 07:01:31.485,181218225152230,18121407,XBTUSD,Buy,29,3269.5,PlusTick,04c9bc15-07fc-9deb-65e3-a7ffc8f26750,740368,312
2018-12-14 07:01:33.463,181218225152230,18121407,XBTUSD,Sell,500,3269,ZeroMinusTick,9d06decf-a326-c131-c1a6-6b6dececf42c,740868,313
2018-12-14 07:01:34.239,181218225152230,18121407,XBTUSD,Sell,392,3269,ZeroMinusTick,9337d064-0594-4196-d3ae-8769977c218d,741260,314
2018-12-14 07:01:35.028,181218225152230,18121407,XBTUSD,Sell,30,3269,ZeroMinusTick,0ba2afdc-e6ce-6240-61b8-af04235d1980,741290,315
2018-12-14 07:01:35.044,181218225152230,18121407,XBTUSD,Sell,9,3268.5,ZeroMinusTick,8ed59795-73b9-f5c4-97a0-dfec1fac9106,741299,316
2018-12-14 07:01:35.044,181218225152230,18121407,XBTUSD,Sell,32,3268.5,ZeroMinusTick,31ff3a6a-dc42-7055-d752-dc468dbf6e00,741331,317
2018-12-14 07:01:38.145,181218225152230,18121407,XBTUSD,Sell,813,3268.5,ZeroMinusTick,61c0a9b4-c6e4-80a1-b6d6-69a3b51b2b71,742144,318
2018-12-14 07:01:38.145,181218225152230,18121407,XBTUSD,Sell,71,3268.5,ZeroMinusTick,82187f9d-2b6b-9b27-2b46-6bc7dfcc3a11,742215,319
2018-12-14 07:01:41.512,181218225152230,18121407,XBTUSD,Sell,205,3268,MinusTick,ef2ff6dd-7f67-e36a-da1e-50048d5c1c01,742420,320
2018-12-14 07:00:26.535,181218225152230,18121407,XBTUSD,Sell,100,3271.5,MinusTick,9dadbc16-ba53-589a-cf35-ebdaaf817351,742520,321
2018-12-14 07:00:26.976,181218225152230,18121407,XBTUSD,Buy,164,3272,PlusTick,3202e6b9-ff88-3cab-4a8a-7964c09839a6,742684,322
2018-12-14 07:00:29.726,181218225152230,18121407,XBTUSD,Sell,20,3271.5,ZeroMinusTick,e2658cf5-f1e6-fb77-4b2d-76f0dee81444,742704,323
2018-12-14 07:00:29.902,181218225152230,18121407,XBTUSD,Sell,1000,3271.5,ZeroMinusTick,ce280aa9-3332-6855-25ad-03e7594768a0,743704,324
2018-12-14 07:00:29.977,181218225152230,18121407,XBTUSD,Sell,3000,3271.5,ZeroMinusTick,bf8918d2-c04c-7ee7-d5a1-3149a4e5af17,746704,325
2018-12-14 07:00:30.855,181218225152230,18121407,XBTUSD,Sell,163,3271.5,ZeroMinusTick,0ea1b637-3148-8089-8c21-ed8494d7c522,746867,326
2018-12-14 07:00:37.272,181218225152230,18121407,XBTUSD,Sell,1000,3271.5,ZeroMinusTick,7be69915-edba-5a04-5d77-197567eeb519,747867,327
2018-12-14 07:00:37.643,181218225152230,18121407,XBTUSD,Buy,328,3272,PlusTick,1ea2c8dd-5307-90d8-7728-2b503331cd8b,748195,328
2018-12-14 07:00:37.764,181218225152230,18121407,XBTUSD,Buy,800,3272,ZeroPlusTick,67b8367a-35ef-29fa-3571-c1ef43204673,748995,329
2018-12-14 07:00:37.937,181218225152230,18121407,XBTUSD,Buy,350,3272,ZeroPlusTick,f8a2440d-d3da-e6f0-b240-d135ba1f9d2a,749345,330
2018-12-14 07:00:38.620,181218225152230,18121407,XBTUSD,Sell,1000,3271.5,ZeroMinusTick,82346273-ce17-b4f3-ccd2-ea7549ae7386,750345,331
2018-12-14 07:00:51.939,181218225152230,18121407,XBTUSD,Buy,5000,3272,PlusTick,3bd72797-0d9c-7439-2d8d-d825ec960126,755345,332
2018-12-14 07:00:52.087,181218225152230,18121407,XBTUSD,Sell,6000,3271.5,MinusTick,41f0a8c2-13f3-3cd7-ec69-6a7583e4e441,761345,333
2018-12-14 07:00:59.485,181218225152230,18121407,XBTUSD,Sell,500,3271.5,MinusTick,24c1aeb0-9569-f7b7-9cf1-f9c7bf45e77c,761845,334
2018-12-14 07:00:59.968,181218225152230,18121407,XBTUSD,Sell,100,3271.5,ZeroMinusTick,13ec4a99-fa2b-55a1-f75a-55524403dfef,761945,335
2018-12-14 07:01:09.766,181218225152230,18121407,XBTUSD,Sell,250,3271.5,ZeroMinusTick,61bef07c-780b-6b96-ca99-5d28464eff32,762195,336
2018-12-14 07:01:10.360,181218225152230,18121407,XBTUSD,Sell,32,3271.5,ZeroMinusTick,1682816b-84ed-5afe-fa74-8e2f5c2bb9f0,762227,337
2018-12-14 07:01:10.360,181218225152230,18121407,XBTUSD,Sell,10,3271.5,ZeroMinusTick,581b84bb-23b2-829b-7244-19528dc0fa13,762237,338
2018-12-14 07:01:10.360,181218225152230,18121407,XBTUSD,Sell,8,3271.5,ZeroMinusTick,fe819208-9835-2dd2-3473-4a89f846e965,762245,339
2018-12-14 07:01:13.254,181218225152230,18121407,XBTUSD,Sell,163,3271.5,ZeroMinusTick,84347da5-6a9a-374b-8c4b-e926290eff2f,762408,340
2018-12-14 07:01:13.254,181218225152230,18121407,XBTUSD,Sell,36,3271,ZeroMinusTick,caf96c64-7568-2836-2be7-0eef201c4a0b,762444,341
2018-12-14 07:01:13.254,181218225152230,18121407,XBTUSD,Sell,79,3271,ZeroMinusTick,8f2d5da5-ed97-375f-9354-d75aaac9e567,762523,342
2018-12-14 07:01:13.254,181218225152230,18121407,XBTUSD,Sell,16,3271,ZeroMinusTick,9963cddf-14f9-1a5c-9a69-e9e489608527,762539,343
2018-12-14 07:01:13.254,181218225152231,18121407,XBTUSD,Sell,26,3270.5,ZeroMinusTick,d2e621bf-5cd0-df38-2584-482fcaa29d04,762565,344
2018-12-14 07:01:13.957,181218225152231,18121407,XBTUSD,Sell,20,3270.5,ZeroMinusTick,63aad694-c862-e9d7-4cbd-86f2e10ac152,762585,345
2018-12-14 07:01:15.312,181218225152231,18121407,XBTUSD,Sell,10,3270.5,MinusTick,e7cd9874-88b9-f2d5-0d63-072205b58f5d,762595,346
2018-12-14 07:01:15.355,181218225152231,18121407,XBTUSD,Sell,40,3270.5,ZeroMinusTick,ec9cc036-d1c7-e6a4-69c2-3821b1adfd7c,762635,347
2018-12-14 07:01:18.411,181218225152231,18121407,XBTUSD,Sell,250,3270.5,ZeroMinusTick,7c564280-fef7-0dd1-200b-ae561d7e4be3,762885,348
2018-12-14 07:01:21.586,181218225152231,18121407,XBTUSD,Buy,300,3271,PlusTick,e6cf11f7-381c-20f0-9a5a-7e08e07323e3,763185,349
2018-12-14 07:01:22.293,181218225152231,18121407,XBTUSD,Sell,202,3270.5,ZeroMinusTick,4b9f4467-5670-03b0-a0ca-7b1bda30bdd8,763387,350
2018-12-14 07:01:22.293,181218225152231,18121407,XBTUSD,Sell,4000,3270.5,ZeroMinusTick,31ae4404-1afd-875d-f763-c74eb40c6174,767387,351
2018-12-14 07:01:22.293,181218225152231,18121407,XBTUSD,Sell,21,3270,ZeroMinusTick,e778ff85-0229-65cd-d57d-035ad39b180f,767408,352
2018-12-14 07:01:25.413,181218225152231,18121407,XBTUSD,Sell,1488,3270,ZeroMinusTick,59206a71-f387-298f-d2f6-cb07f6b205b3,768896,353
2018-12-14 07:01:28.255,181218225152231,18121407,XBTUSD,Sell,1500,3270,ZeroMinusTick,0bb97167-33e6-f78b-c214-a992dac74586,770396,354
2018-12-14 07:01:28.535,181218225152231,18121407,XBTUSD,Sell,25,3270,ZeroMinusTick,2a8b650b-45fe-53de-c879-78e65604a184,770421,355
2018-12-14 07:01:28.535,181218225152231,18121407,XBTUSD,Sell,100,3269.5,ZeroMinusTick,4cafc57a-0599-fc4a-b55f-9dc69790b1f0,770521,356
2018-12-14 07:01:29.043,181218225152231,18121407,XBTUSD,Sell,201,3269,MinusTick,1f574d3a-dae2-4ea5-0d98-e1cd5e50885e,770722,357
2018-12-14 07:01:29.363,181218225152231,18121407,XBTUSD,Sell,16,3269,ZeroMinusTick,b38ff559-b4f1-f0fe-b7e7-2ec392b5ad7d,770738,358
2018-12-14 07:01:33.446,181218225152231,18121407,XBTUSD,Sell,4000,3269,ZeroMinusTick,730822b0-6537-13e6-e2ef-2671d6d15f4a,774738,359
2018-12-14 07:01:35.044,181218225152231,18121407,XBTUSD,Sell,20,3268.5,ZeroMinusTick,5feda44c-b133-8ce3-82ce-a73fd222db8b,774758,360
2018-12-14 07:00:30.855,181218225152231,18121407,XBTUSD,Sell,3168,3271.5,ZeroMinusTick,25dd8946-c157-3460-0d6f-1edd2a5a92c7,777926,361
2018-12-14 07:00:30.855,181218225152231,18121407,XBTUSD,Sell,250,3271.5,ZeroMinusTick,9c49b810-4cbf-b491-f7a3-420cbafb4379,778176,362
2018-12-14 07:00:31.023,181218225152231,18121407,XBTUSD,Buy,5000,3272,ZeroPlusTick,951c9d70-6ee7-52a7-396e-28006047cbee,783176,363
2018-12-14 07:00:31.741,181218225152231,18121407,XBTUSD,Sell,20,3271.5,ZeroMinusTick,633c583b-2310-bad9-86ad-c30e4ee2cd38,783196,364
2018-12-14 07:00:33.829,181218225152231,18121407,XBTUSD,Buy,765,3272,PlusTick,8d6a71dd-5fee-43c9-f394-65b9683ff54b,783961,365
2018-12-14 07:00:47.556,181218225152231,18121407,XBTUSD,Buy,109,3272,PlusTick,80a55f02-96c9-a77f-5430-d54c9e495f9b,784070,366
2018-12-14 07:00:47.576,181218225152231,18121407,XBTUSD,Buy,4400,3272,ZeroPlusTick,e000fba4-2bbf-7c12-ad7f-edb19168a254,788470,367
2018-12-14 07:00:47.786,181218225152231,18121407,XBTUSD,Buy,1690,3272,ZeroPlusTick,b21b821b-8281-d097-3b0c-d453021897f7,790160,368
2018-12-14 07:00:47.800,181218225152231,18121407,XBTUSD,Buy,1586,3272,ZeroPlusTick,cfa81914-3e95-5c90-bdc5-12010da2d1e1,791746,369
2018-12-14 07:00:56.658,181218225152231,18121407,XBTUSD,Sell,1000,3271.5,MinusTick,54037617-950d-0e8f-7afd-fa99da953c18,792746,370
2018-12-14 07:01:02.382,181218225152231,18121407,XBTUSD,Sell,74,3271.5,ZeroMinusTick,cfcd147a-7a26-c052-a79a-9d35c108137c,792820,371
2018-12-14 07:01:02.737,181218225152231,18121407,XBTUSD,Sell,10000,3271.5,ZeroMinusTick,cb2a4e64-001c-9532-c1cb-b2c7007a8a24,802820,372
2018-12-14 07:01:02.902,181218225152231,18121407,XBTUSD,Sell,101,3271.5,ZeroMinusTick,c600a48e-2f80-6c3f-e6e8-c31314cfc2ee,802921,373
2018-12-14 07:01:10.360,181218225152231,18121407,XBTUSD,Sell,106,3271.5,ZeroMinusTick,dcbdc8ea-89b6-152e-f5b4-0e3bb2bcbd32,803027,374
2018-12-14 07:01:10.360,181218225152231,18121407,XBTUSD,Sell,100,3271.5,ZeroMinusTick,3d70cbcd-52ee-65e3-7304-83886517012e,803127,375
2018-12-14 07:01:10.360,181218225152231,18121407,XBTUSD,Sell,10,3271.5,ZeroMinusTick,389b3af9-bb00-3340-1287-8291d32189f2,803137,376
2018-12-14 07:01:13.254,181218225152231,18121407,XBTUSD,Sell,39,3271.5,ZeroMinusTick,665a3d61-723d-fbb0-7478-cdfd206deacc,803176,377
2018-12-14 07:01:13.254,181218225152231,18121407,XBTUSD,Sell,77,3271,ZeroMinusTick,7adffd01-154e-908c-f161-2fa8c29691ba,803253,378
2018-12-14 07:01:13.254,181218225152231,18121407,XBTUSD,Sell,20,3271,ZeroMinusTick,5a982ba0-836f-3e1c-c8d4-c8cf204df6c8,803273,379
2018-12-14 07:01:13.254,181218225152231,18121407,XBTUSD,Sell,5000,3271,ZeroMinusTick,b65fd3b8-09e2-23df-1933-9d9de50b4473,808273,380
2018-12-14 07:01:13.254,181218225152231,18121407,XBTUSD,Sell,16,3270.5,ZeroMinusTick,701dea75-9b12-a621-863a-9a6ffcf22579,808289,381
2018-12-14 07:01:13.957,181218225152231,18121407,XBTUSD,Sell,5,3270.5,ZeroMinusTick,4e20f809-5d6f-67c5-ef43-deec46b36876,808294,382
2018-12-14 07:01:22.176,181218225152231,18121407,XBTUSD,Sell,5000,3270.5,ZeroMinusTick,6fbfb927-0d3d-4fba-a4d6-cff004fcff9d,813294,383
2018-12-14 07:01:22.293,181218225152231,18121407,XBTUSD,Sell,317,3270.5,ZeroMinusTick,21b33e62-600b-3597-33ff-280c0fb5b4d1,813611,384
2018-12-14 07:01:22.293,181218225152231,18121407,XBTUSD,Sell,10,3270.5,ZeroMinusTick,566451be-9a0b-80fb-afd7-db92df43b2f9,813621,385
2018-12-14 07:01:22.293,181218225152231,18121407,XBTUSD,Sell,100,3270,ZeroMinusTick,fd9d457d-abc3-e468-d412-2e8cfe0f099a,813721,386
2018-12-14 07:01:22.293,181218225152231,18121407,XBTUSD,Sell,3055,3270,ZeroMinusTick,56c54730-ea5b-aec9-53eb-99b32e55852b,816776,387
2018-12-14 07:01:23.061,181218225152231,18121407,XBTUSD,Sell,28,3270,ZeroMinusTick,215c4ce1-cfd7-8167-fd23-008356a863f5,816804,388
2018-12-14 07:01:24.494,181218225152231,18121407,XBTUSD,Sell,324,3270,ZeroMinusTick,07ad9234-7910-b3fa-566b-12a16613cdbd,817128,389
2018-12-14 07:01:25.413,181218225152231,18121407,XBTUSD,Sell,9,3270,ZeroMinusTick,0d05d34b-c435-11e8-a366-bee9b4b3d641,817137,390
2018-12-14 07:01:25.424,181218225152231,18121407,XBTUSD,Sell,5251,3270,ZeroMinusTick,75343cd8-6c89-127a-2888-5cab3ea2984d,822388,391
2018-12-14 07:01:28.202,181218225152231,18121407,XBTUSD,Sell,1000,3270,ZeroMinusTick,36ff044a-378e-93df-48c1-0b8d8f3da187,823388,392
2018-12-14 07:01:28.535,181218225152231,18121407,XBTUSD,Sell,163,3270,ZeroMinusTick,90be0827-9110-7187-a707-5d33bd128cad,823551,393
2018-12-14 07:01:28.535,181218225152231,18121407,XBTUSD,Sell,207,3269.5,ZeroMinusTick,cd66946d-0133-b35d-8c52-3b5cc2210e39,823758,394
2018-12-14 07:01:29.043,181218225152231,18121407,XBTUSD,Sell,30,3269,ZeroMinusTick,23fbebb9-0223-b6a6-9ac1-8629bda501c6,823788,395
2018-12-14 07:01:29.363,181218225152231,18121407,XBTUSD,Sell,25,3269,ZeroMinusTick,d2a93777-85a8-da00-3436-aa3c89563582,823813,396
2018-12-14 07:01:33.110,181218225152231,18121407,XBTUSD,Sell,1500,3269,ZeroMinusTick,a34f51df-d4a0-ed94-1f50-2ee3dcafe061,825313,397
2018-12-14 07:01:34.232,181218225152231,18121407,XBTUSD,Sell,156,3269,ZeroMinusTick,cf06cd8c-21d5-be3f-2ea2-5b54e97c48ed,825469,398
2018-12-14 07:01:35.028,181218225152231,18121407,XBTUSD,Sell,30,3269,ZeroMinusTick,14165ae6-e57d-4a5e-a0fb-4bce9384f301,825499,399
2018-12-14 07:01:35.044,181218225152231,18121407,XBTUSD,Sell,30,3268.5,ZeroMinusTick,d53c29ed-ee72-aac9-150f-82dc21941403,825529,400
2018-12-14 07:01:35.044,181218225152231,18121407,XBTUSD,Sell,163,3268.5,ZeroMinusTick,edc13cef-8468-fe68-83f6-2277a4f72c38,825692,401
2018-12-14 07:01:36.758,181218225152231,18121407,XBTUSD,Sell,16,3268.5,ZeroMinusTick,304ed4d7-199f-6a43-49a3-3ac08228d19d,825708,402
2018-12-14 07:01:38.145,181218225152231,18121407,XBTUSD,Sell,36,3268.5,ZeroMinusTick,b6da0505-e82a-a92b-9214-26fb6965367b,825744,403
2018-12-14 07:01:41.512,181218225152231,18121407,XBTUSD,Sell,10,3268,ZeroMinusTick,0926f62a-fd92-622a-8227-6e9aff0c064f,825754,404
2018-12-14 07:01:04.496,181218225152231,18121407,XBTUSD,Sell,100,3271.5,ZeroMinusTick,07c0b61e-252c-937f-4e1e-9e1480d8c59c,825854,405
2018-12-14 07:01:04.760,181218225152231,18121407,XBTUSD,Sell,34,3271.5,ZeroMinusTick,69fb1a15-4654-6f81-edbe-6e92358f2138,825888,406
2018-12-14 07:01:10.360,181218225152231,18121407,XBTUSD,Sell,83482,3271.5,ZeroMinusTick,c6ae4fa0-cadd-c950-20bb-df8cea760965,909370,407
2018-12-14 07:01:10.360,181218225152231,18121407,XBTUSD,Sell,16000,3271.5,ZeroMinusTick,defdb20f-1032-cb93-ba4a-1dd7e04343de,925370,408
2018-12-14 07:01:10.360,181218225152231,18121407,XBTUSD,Sell,61,3271.5,ZeroMinusTick,34cd0520-9082-2240-5c65-02809cf8ffc4,925431,409
2018-12-14 07:01:10.360,181218225152231,18121407,XBTUSD,Sell,11592,3271.5,ZeroMinusTick,241d032a-be06-b824-6117-2ba72ad659d5,937023,410
2018-12-14 07:01:13.246,181218225152231,18121407,XBTUSD,Sell,500,3271.5,MinusTick,3f58d184-a1f6-9d47-8c30-51fa7db79e63,937523,411
2018-12-14 07:01:13.254,181218225152231,18121407,XBTUSD,Sell,30993,3271.5,ZeroMinusTick,53247c91-1f27-e0b3-aabd-f118decb5130,968516,412
2018-12-14 07:01:13.254,181218225152231,18121407,XBTUSD,Sell,732,3271,MinusTick,15fb253b-8852-c585-763f-2acf8b2fafe3,969248,413
2018-12-14 07:01:13.254,181218225152231,18121407,XBTUSD,Sell,250,3271,ZeroMinusTick,86435874-48e7-56a1-0b09-e7cdf614c1be,969498,414
2018-12-14 07:01:13.254,181218225152231,18121407,XBTUSD,Sell,9,3271,ZeroMinusTick,d52c5ad7-545f-1c67-90ce-f7832e07794a,969507,415
2018-12-14 07:01:13.254,181218225152231,18121407,XBTUSD,Sell,39,3271,ZeroMinusTick,d1bdae86-d391-a933-1278-4a8cad997e47,969546,416
2018-12-14 07:01:13.254,181218225152231,18121407,XBTUSD,Sell,13,3270.5,ZeroMinusTick,6b3f114f-2640-9300-4b81-e5180efb4006,969559,417
2018-12-14 07:01:13.957,181218225152231,18121407,XBTUSD,Sell,49,3270.5,ZeroMinusTick,b3453c30-19dd-cdaa-f400-4a79fa40b3bf,969608,418
2018-12-14 07:01:15.355,181218225152231,18121407,XBTUSD,Sell,60,3270.5,ZeroMinusTick,b5e282a6-4486-d3b1-84cb-78fd20d687da,969668,419
2018-12-14 07:01:15.435,181218225152231,18121407,XBTUSD,Buy,6000,3271,PlusTick,a9ddfa10-15c0-54a3-7101-0747128e016e,975668,420
2018-12-14 07:01:15.458,181218225152231,18121407,XBTUSD,Sell,10,3270.5,MinusTick,d4c9b70f-5c3c-9b8a-2f3c-701244b920de,975678,421
2018-12-14 07:01:17.343,181218225152231,18121407,XBTUSD,Sell,10,3270.5,ZeroMinusTick,1ad7c680-e787-fd3a-44dd-69ca93e25736,975688,422
2018-12-14 07:01:21.611,181218225152231,18121407,XBTUSD,Sell,119,3270.5,MinusTick,8a701c72-6f11-7dbc-99eb-a3df997a2ed4,975807,423
2018-12-14 07:01:22.293,181218225152231,18121407,XBTUSD,Sell,163,3270.5,ZeroMinusTick,c7170545-9be5-5099-f728-bf084096d35c,975970,424
2018-12-14 07:01:22.293,181218225152231,18121407,XBTUSD,Sell,392,3270.5,ZeroMinusTick,b54b3978-0d2a-07a1-dbc6-b03ffc11067a,976362,425
2018-12-14 07:01:22.293,181218225152232,18121407,XBTUSD,Sell,23,3270,ZeroMinusTick,7f869fe3-7cec-bad4-b0f3-b060f3873020,976385,426
2018-12-14 07:01:24.113,181218225152232,18121407,XBTUSD,Buy,2000,3270.5,PlusTick,81d3a9a2-778f-764f-4799-285397773bc8,978385,427
2018-12-14 07:01:25.151,181218225152232,18121407,XBTUSD,Sell,50,3270,ZeroMinusTick,01541799-d2a0-7519-b2c4-5997cb4fdd31,978435,428
2018-12-14 07:01:25.424,181218225152232,18121407,XBTUSD,Sell,206,3270,ZeroMinusTick,8d29b562-01c1-0852-b9a1-f65cd2542caf,978641,429
2018-12-14 07:01:28.535,181218225152232,18121407,XBTUSD,Sell,1341,3270,ZeroMinusTick,e4833e93-93a1-aa9b-29d4-c9cb30af40fd,979982,430
2018-12-14 07:01:28.535,181218225152232,18121407,XBTUSD,Sell,28,3270,ZeroMinusTick,178c3d63-2049-236a-7ac0-5670359625af,980010,431
2018-12-14 07:01:28.535,181218225152232,18121407,XBTUSD,Sell,10,3269.5,ZeroMinusTick,73d79f71-fecd-6752-8c0e-57fc540c2a9e,980020,432
2018-12-14 07:01:29.043,181218225152232,18121407,XBTUSD,Sell,26,3269.5,ZeroMinusTick,be948ae4-4a79-fdc5-fa4b-b005703be0c4,980046,433
2018-12-14 07:01:29.043,181218225152232,18121407,XBTUSD,Sell,13576,3269,ZeroMinusTick,2cbbd851-eaa1-bda0-88c8-b06bf806dc85,993622,434
2018-12-14 07:01:35.044,181218225152232,18121407,XBTUSD,Sell,9,3268.5,ZeroMinusTick,82c342a8-2ace-c92d-d21e-5b3640462795,993631,435
2018-12-14 07:01:38.145,181218225152232,18121407,XBTUSD,Sell,1675,3268.5,ZeroMinusTick,efa5cf3e-6459-a654-d374-843b7d4ce4d8,995306,436
2018-12-14 07:01:38.145,181218225152232,18121407,XBTUSD,Sell,77,3268.5,ZeroMinusTick,766cd276-ba44-a321-ea73-e2be0048ab7d,995383,437
2018-12-14 07:01:41.512,181218225152232,18121407,XBTUSD,Sell,14,3268,ZeroMinusTick,8ad49320-b12a-df38-b0f7-d7d5b99243c5,995397,438
2018-12-14 07:01:43.298,181218225152232,18121407,XBTUSD,Sell,100,3268,ZeroMinusTick,5b796bcb-de06-6018-b5fa-207272d8e0dc,995497,439
2018-12-14 07:01:44.067,181218225152232,18121407,XBTUSD,Sell,4238,3268,ZeroMinusTick,b8aa3d39-a5ae-b7da-73e0-58c5e7c578ec,999735,440
2018-12-14 07:01:44.718,181218225152232,18121407,XBTUSD,Sell,50,3268,ZeroMinusTick,e5832bf5-db09-17c1-aa1a-bbacd5d39f75,999785,441
2018-12-14 07:01:50.532,181218225152232,18121407,XBTUSD,Sell,79,3268,ZeroMinusTick,5dd289b7-9b46-92ae-37ac-6a2194eef4b6,999864,442
2018-12-14 07:01:54.227,181218225152232,18121407,XBTUSD,Sell,27,3268,ZeroMinusTick,c8e3f50c-c00d-13a5-900a-1a6cc7b0c853,999891,443
2018-12-14 07:01:54.227,181218225152232,18121407,XBTUSD,Sell,20,3268,ZeroMinusTick,0d63cf70-5093-f73d-3404-f299b6b03667,999911,444
2018-12-14 07:01:55.333,181218225152232,18121407,XBTUSD,Sell,91,3268,ZeroMinusTick,2141f0ef-3f9c-589b-931f-71beda3afa03,1000002,445
2018-12-14 07:02:00.861,181218225152232,18121407,XBTUSD,Sell,2000,3268,ZeroMinusTick,011ba98c-5fc6-a409-1aff-9d839b0ad550,1002002,446
2018-12-14 07:02:05.622,181218225152232,18121407,XBTUSD,Sell,201,3268,ZeroMinusTick,9caf1a1a-b689-cebe-1bfd-373142a0318b,1002203,447
2018-12-14 07:01:10.360,181218225152232,18121407,XBTUSD,Sell,9,3271.5,ZeroMinusTick,9f6b1688-0d20-e3bc-9faf-df757d640433,1002212,448
2018-12-14 07:01:10.360,181218225152232,18121407,XBTUSD,Sell,50,3271.5,ZeroMinusTick,64de172e-b8f8-6567-9446-6d5290ca0859,1002262,449
2018-12-14 07:01:13.254,181218225152232,18121407,XBTUSD,Sell,163,3271.5,ZeroMinusTick,44fa8a4f-180c-b1bc-3d9c-772162844014,1002425,450
2018-12-14 07:01:13.254,181218225152232,18121407,XBTUSD,Sell,9,3271,ZeroMinusTick,c6c54f3f-cb08-fd7b-c277-7b4e0a7b64a6,1002434,451
2018-12-14 07:01:13.254,181218225152232,18121407,XBTUSD,Sell,12,3271,ZeroMinusTick,f347dfec-110a-79ff-13df-3f5eb3eaf4a7,1002446,452
2018-12-14 07:01:13.254,181218225152232,18121407,XBTUSD,Sell,10000,3271,ZeroMinusTick,77a22967-3373-b565-8f1e-6ec154c67d6f,1012446,453
2018-12-14 07:01:13.254,181218225152232,18121407,XBTUSD,Sell,30,3270.5,ZeroMinusTick,2b7d1b6c-c5f5-e305-f0cd-1757803ec1ab,1012476,454
2018-12-14 07:01:13.957,181218225152232,18121407,XBTUSD,Sell,80,3270.5,ZeroMinusTick,58119d6b-3090-2f88-c333-fb878aa6c542,1012556,455
2018-12-14 07:01:14.504,181218225152232,18121407,XBTUSD,Sell,20,3270.5,ZeroMinusTick,29f0cbd6-e86e-2fc1-765a-712556a75358,1012576,456
2018-12-14 07:01:21.772,181218225152232,18121407,XBTUSD,Sell,100,3270.5,ZeroMinusTick,c1b09a26-e70b-eaec-bc12-c0e10546641d,1012676,457
2018-12-14 07:01:22.293,181218225152232,18121407,XBTUSD,Sell,5000,3270.5,ZeroMinusTick,34651904-06e1-b62b-ab11-f64f3e858e44,1017676,458
2018-12-14 07:01:22.293,181218225152232,18121407,XBTUSD,Sell,21,3270.5,ZeroMinusTick,328678d8-04d8-bc4c-1bbe-38b3c405412d,1017697,459
2018-12-14 07:01:22.293,181218225152232,18121407,XBTUSD,Sell,16,3270,ZeroMinusTick,3169335b-2983-6068-b44f-d20246440383,1017713,460
2018-12-14 07:01:23.086,181218225152232,18121407,XBTUSD,Sell,100,3270,ZeroMinusTick,90f82603-b129-f6cc-95b1-ac7203482a3c,1017813,461
2018-12-14 07:01:24.494,181218225152232,18121407,XBTUSD,Sell,1700,3270,ZeroMinusTick,0095a00d-63bf-8cd7-dc09-1b305171aa64,1019513,462
2018-12-14 07:01:25.424,181218225152232,18121407,XBTUSD,Sell,8499,3270,ZeroMinusTick,76b6c8c5-a25f-b61d-bd60-38ff5403ba3e,1028012,463
2018-12-14 07:01:27.663,181218225152232,18121407,XBTUSD,Sell,900,3270,ZeroMinusTick,cbdbcd92-8073-d3bc-5e54-5a7519316e2c,1028912,464
2018-12-14 07:01:28.535,181218225152232,18121407,XBTUSD,Sell,196,3270,ZeroMinusTick,d90d6423-6de9-c1c6-ddc3-1f292ce3d5bd,1029108,465
2018-12-14 07:01:28.535,181218225152232,18121407,XBTUSD,Sell,25,3269.5,ZeroMinusTick,01871dba-eb7e-2135-8410-86c31c64eeaf,1029133,466
2018-12-14 07:01:29.043,181218225152232,18121407,XBTUSD,Sell,246,3269.5,ZeroMinusTick,281f6286-2ee3-d5c1-ee9a-2b9cc5bcfaaa,1029379,467
2018-12-14 07:01:29.043,181218225152232,18121407,XBTUSD,Sell,260,3269,ZeroMinusTick,8ee3b6ec-1af7-97ba-9f92-76fd8e8fa7be,1029639,468
2018-12-14 07:01:29.363,181218225152232,18121407,XBTUSD,Sell,1716,3269,ZeroMinusTick,4bb3be33-999d-6c31-0e47-7c22a933bd00,1031355,469
2018-12-14 07:01:30.206,181218225152232,18121407,XBTUSD,Sell,5000,3269,ZeroMinusTick,268dece7-e089-451d-c47c-21541ebb0c22,1036355,470
2018-12-14 07:01:30.997,181218225152232,18121407,XBTUSD,Sell,100,3269,MinusTick,cfdbf29c-7f74-4efa-0f5e-86e2af9e28d6,1036455,471
2018-12-14 07:01:34.073,181218225152232,18121407,XBTUSD,Sell,156,3269,ZeroMinusTick,2de37920-824c-c6d9-05b3-87c493643706,1036611,472
2018-12-14 07:01:35.044,181218225152232,18121407,XBTUSD,Sell,50,3268.5,ZeroMinusTick,f2a324a4-69a9-c8ac-d7d3-9fbab72bae5c,1036661,473
2018-12-14 07:01:38.145,181218225152232,18121407,XBTUSD,Sell,106,3268.5,ZeroMinusTick,8961d1f6-6cf8-8f0b-8944-e2b80b2537fb,1036767,474
2018-12-14 07:01:38.168,181218225152232,18121407,XBTUSD,Buy,32,3268.5,ZeroMinusTick,64b787b3-33da-b0d3-4e54-75384ee8676f,1036799,475
2018-12-14 07:01:41.512,181218225152232,18121407,XBTUSD,Sell,2051,3268,ZeroMinusTick,9b4f636d-ae50-9810-3de0-0d8c38d7b1ca,1038850,476
2018-12-14 07:01:44.718,181218225152232,18121407,XBTUSD,Sell,620,3268,ZeroMinusTick,189dcd6a-b3de-8320-15b5-fa41ba91e1c1,1039470,477
2018-12-14 07:01:45.985,181218225152232,18121407,XBTUSD,Sell,154,3268,ZeroMinusTick,7a0625e1-4774-8f43-f7c1-a8a41f47042f,1039624,478
2018-12-14 07:01:46.495,181218225152232,18121407,XBTUSD,Sell,20,3268,ZeroMinusTick,450a1a96-e334-69be-c29b-bd7d26c7ee4d,1039644,479
2018-12-14 07:01:50.532,181218225152232,18121407,XBTUSD,Sell,14202,3268,ZeroMinusTick,8991669c-9800-678c-79e7-78def96b6b0e,1053846,480
2018-12-14 07:01:54.227,181218225152232,18121407,XBTUSD,Sell,24,3268,ZeroMinusTick,5b1ee7c1-f164-148f-a679-955c9983d319,1053870,481
2018-12-14 07:01:54.227,181218225152232,18121407,XBTUSD,Sell,7820,3268,ZeroMinusTick,e462b2ba-8271-61c8-c91f-1929fd034a5c,1061690,482
2018-12-14 07:01:55.333,181218225152232,18121407,XBTUSD,Sell,709,3268,ZeroMinusTick,cc08f8ac-ea97-f673-8a77-7851d940a22b,1062399,483
2018-12-14 07:01:55.483,181218225152232,18121407,XBTUSD,Sell,4000,3268,ZeroMinusTick,8f3f93ab-9415-2d7d-b547-3e087dec0b88,1066399,484
2018-12-14 07:02:05.622,181218225152232,18121407,XBTUSD,Sell,50,3268,ZeroMinusTick,2466dcc2-44ef-c0fa-4d79-ab46c73796b9,1066449,485
2018-12-14 07:02:19.519,181218225152232,18121407,XBTUSD,Sell,200,3268,ZeroMinusTick,f45e86d7-b3a8-4833-04c4-1c0295876aba,1066649,486
2018-12-14 07:02:19.928,181218225152232,18121407,XBTUSD,Sell,500,3267.5,ZeroMinusTick,27c40030-9cf7-7e28-9f3e-c296b24f690c,1067149,487
2018-12-14 07:02:19.928,181218225152233,18121407,XBTUSD,Sell,9,3267.5,ZeroMinusTick,44817845-7204-8a51-21b3-ca388801d918,1067158,488
2018-12-14 07:02:19.928,181218225152233,18121407,XBTUSD,Sell,20,3267.5,ZeroMinusTick,446ec7bc-c236-785e-e946-b5a9daed87a0,1067178,489
2018-12-14 07:02:20.043,181218225152233,18121407,XBTUSD,Sell,250,3267,ZeroMinusTick,f690c902-779b-6636-0047-68b1b35a5762,1067428,490
2018-12-14 07:02:20.595,181218225152233,18121407,XBTUSD,Sell,496,3267,ZeroMinusTick,716362da-4c3a-b1d3-101b-c9de03e5dbe7,1067924,491
2018-12-14 07:02:21.728,181218225152233,18121407,XBTUSD,Sell,943,3267,ZeroMinusTick,17305a53-dd8a-d354-45e0-90a9b319e9bb,1068867,492
2018-12-14 07:01:13.957,181218225152233,18121407,XBTUSD,Sell,1,3270.5,MinusTick,6d933a5f-aaf6-ccc5-9db9-6316cf322f4e,1068868,493
2018-12-14 07:01:13.957,181218225152233,18121407,XBTUSD,Sell,150,3270.5,ZeroMinusTick,57d5827f-eda2-fc91-a8f2-49e83ff14aa8,1069018,494
2018-12-14 07:01:14.504,181218225152233,18121407,XBTUSD,Sell,2616,3270.5,ZeroMinusTick,bea86eaa-22f4-43cd-f8c4-9e408da098d4,1071634,495
2018-12-14 07:01:14.569,181218225152233,18121407,XBTUSD,Sell,60,3270.5,ZeroMinusTick,16c935dd-121a-cf16-db48-b04799ad0e74,1071694,496
2018-12-14 07:01:21.741,181218225152233,18121407,XBTUSD,Sell,100,3270.5,ZeroMinusTick,745439b2-db50-147a-a23d-bdb6d5a46288,1071794,497
2018-12-14 07:01:22.293,181218225152233,18121407,XBTUSD,Sell,163,3270.5,ZeroMinusTick,407f7ac7-446d-66a5-33e0-5ca7f21f09c2,1071957,498
2018-12-14 07:01:22.293,181218225152233,18121407,XBTUSD,Sell,2616,3270.5,ZeroMinusTick,5ebd6390-50e6-702d-020d-63f4e2db3c06,1074573,499
2018-12-14 07:01:22.293,181218225152233,18121407,XBTUSD,Sell,50,3270,ZeroMinusTick,de303b6a-b71e-5bd4-9cb0-3f852fe1a18e,1074623,500
2018-12-14 07:01:24.494,181218225152233,18121407,XBTUSD,Sell,6376,3270,MinusTick,c5eedd07-bbba-d2d5-04be-91d789ac1673,1080999,501
2018-12-14 07:01:25.424,181218225152233,18121407,XBTUSD,Sell,163,3270,ZeroMinusTick,0b1a7ccd-bc3c-ac6a-e769-76f4de5292e0,1081162,502
2018-12-14 07:01:27.723,181218225152233,18121407,XBTUSD,Sell,2000,3270,ZeroMinusTick,d7447988-f84e-2e93-6890-da8a30a670e6,1083162,503
2018-12-14 07:01:28.535,181218225152233,18121407,XBTUSD,Sell,163,3270,ZeroMinusTick,28bda069-ee32-76bb-5432-fb7e3dc0b2ae,1083325,504
2018-12-14 07:01:28.535,181218225152233,18121407,XBTUSD,Sell,203,3269.5,MinusTick,6da38be5-5109-cfb8-333c-63be7fc4db2e,1083528,505
2018-12-14 07:01:28.535,181218225152233,18121407,XBTUSD,Sell,4828,3269.5,ZeroMinusTick,3fd6920d-1231-1b0a-787c-bb5cfac2663e,1088356,506
2018-12-14 07:01:29.043,181218225152233,18121407,XBTUSD,Sell,28,3269.5,ZeroMinusTick,9c80c258-3f04-93a8-03b1-5c061a24d4ba,1088384,507
2018-12-14 07:01:29.043,181218225152233,18121407,XBTUSD,Sell,3324,3269,ZeroMinusTick,4fcc5a91-fba1-a895-8d78-e6338d66c2fd,1091708,508
2018-12-14 07:01:30.399,181218225152233,18121407,XBTUSD,Sell,100,3269,ZeroMinusTick,4200e7b4-1032-8a3f-1205-a615608fee64,1091808,509
2018-12-14 07:01:31.767,181218225152233,18121407,XBTUSD,Sell,500,3269,MinusTick,6f60b72b-4e85-7bed-dc16-1bb05d7109f1,1092308,510
2018-12-14 07:01:35.044,181218225152233,18121407,XBTUSD,Sell,76,3268.5,ZeroMinusTick,777ca83b-7b82-0b4c-9f8a-2a8286ef1f2e,1092384,511
2018-12-14 07:01:36.758,181218225152233,18121407,XBTUSD,Sell,104,3268.5,ZeroMinusTick,a98cdec5-fb5a-df72-1237-15fd9d3a69de,1092488,512
2018-12-14 07:01:38.145,181218225152233,18121407,XBTUSD,Sell,15,3268.5,ZeroMinusTick,43a8d961-1cf1-b7bf-f62e-41c91933ce87,1092503,513
2018-12-14 07:01:41.512,181218225152233,18121407,XBTUSD,Sell,108,3268,ZeroMinusTick,d7b31b11-7c25-5aa3-25d0-90a9db3335e8,1092611,514
2018-12-14 07:01:44.718,181218225152233,18121407,XBTUSD,Sell,163,3268,ZeroMinusTick,353cdc1f-0d80-060c-99a2-6f60fbc84f04,1092774,515
2018-12-14 07:01:45.380,181218225152233,18121407,XBTUSD,Sell,4120,3268,ZeroMinusTick,183a7268-7fea-2931-a411-bc74a89bd7bc,1096894,516
2018-12-14 07:01:45.534,181218225152233,18121407,XBTUSD,Sell,500,3268,ZeroMinusTick,b37c5af5-4c11-3785-0052-f61dc0a40cf5,1097394,517
2018-12-14 07:01:45.679,181218225152233,18121407,XBTUSD,Sell,50,3268,ZeroMinusTick,538fd9ef-d89b-119c-ddea-451addfd57ee,1097444,518
2018-12-14 07:01:45.985,181218225152233,18121407,XBTUSD,Sell,3829,3268,ZeroMinusTick,07a64f04-640b-d14f-da14-274f41230594,1101273,519
2018-12-14 07:01:50.532,181218225152233,18121407,XBTUSD,Sell,16,3268,ZeroMinusTick,6daade16-0c23-6ab3-8f6a-604350709507,1101289,520
2018-12-14 07:01:54.227,181218225152233,18121407,XBTUSD,Sell,50,3268,ZeroMinusTick,3917c57b-f5fb-5ea2-f0c0-5fbe33308ee0,1101339,521
2018-12-14 07:01:54.247,181218225152233,18121407,XBTUSD,Sell,100,3268,ZeroMinusTick,1defe9ea-9ee7-ce78-0cd7-01f15dbb8ead,1101439,522
2018-12-14 07:01:54.851,181218225152233,18121407,XBTUSD,Buy,250,3268.5,PlusTick,44385770-5668-8474-542e-8349e88e7518,1101689,523
2018-12-14 07:01:55.049,181218225152233,18121407,XBTUSD,Sell,300,3268,MinusTick,f5d912b9-c946-d46d-ad50-5ab48197ded6,1101989,524
2018-12-14 07:01:55.143,181218225152234,18121407,XBTUSD,Sell,700,3268,ZeroMinusTick,9163ae3b-b4d8-549d-980b-1ee9056b0dd6,1102689,525
2018-12-14 07:02:02.622,181218225152234,18121407,XBTUSD,Sell,2000,3268,ZeroMinusTick,cae3db88-9f75-e75e-407a-f2294ed4cb89,1104689,526
2018-12-14 07:02:05.622,181218225152234,18121407,XBTUSD,Sell,32,3268,ZeroMinusTick,9d70657c-bd3a-9310-fe27-77c2820328bc,1104721,527
2018-12-14 07:02:10.118,181218225152234,18121407,XBTUSD,Sell,2000,3268,ZeroMinusTick,f05e6601-974c-c861-4353-d29bf96b4a40,1106721,528
2018-12-14 07:02:10.945,181218225152234,18121407,XBTUSD,Sell,40,3268,ZeroMinusTick,b8a398e8-8579-0936-8784-e6bc9075d1f8,1106761,529
2018-12-14 07:02:13.001,181218225152234,18121407,XBTUSD,Sell,32,3268,ZeroMinusTick,1c9c6cd1-fc8e-acd4-a0c1-ae704569568f,1106793,530
2018-12-14 07:02:18.218,181218225152234,18121407,XBTUSD,Sell,3000,3268,ZeroMinusTick,55d21989-ccff-a35f-84f1-313781d70c69,1109793,531
2018-12-14 07:02:18.343,181218225152234,18121407,XBTUSD,Sell,4000,3268,ZeroMinusTick,84987d32-b8e0-d035-63b3-cb2ea85e9e7f,1113793,532
2018-12-14 07:02:18.735,181218225152234,18121407,XBTUSD,Buy,200,3268.5,PlusTick,8761b76f-6486-a7c3-0972-836eb93d1972,1113993,533
2018-12-14 07:02:18.796,181218225152234,18121407,XBTUSD,Sell,5876,3268,MinusTick,bf812c86-c3c5-3a1d-9242-7ae8f1ef860a,1119869,534
2018-12-14 07:02:19.204,181218225152234,18121407,XBTUSD,Sell,500,3268,ZeroMinusTick,c5c7ea6c-6482-888b-1e4e-38f830c1ad9d,1120369,535
2018-12-14 07:02:19.364,181218225152234,18121407,XBTUSD,Sell,9000,3268,ZeroMinusTick,dcb8edbe-9d26-ec27-d631-808b7b21054e,1129369,536
2018-12-14 07:02:19.519,181218225152234,18121407,XBTUSD,Sell,206,3268,ZeroMinusTick,a3f071a0-b503-9c8f-a8e8-7d0184a5483d,1129575,537
2018-12-14 07:02:19.928,181218225152234,18121407,XBTUSD,Sell,790,3267.5,ZeroMinusTick,2bbda4b4-75e9-ca8f-8426-c0ff5f61dc36,1130365,538
2018-12-14 07:01:20.122,181218225152234,18121407,XBTUSD,Sell,1000,3270.5,ZeroMinusTick,18c52f44-1d38-9394-32ad-c1c609dbf868,1131365,539
2018-12-14 07:01:22.293,181218225152234,18121407,XBTUSD,Sell,163,3270.5,ZeroMinusTick,2f9579ed-897b-71a7-c939-4ec3be267259,1131528,540
2018-12-14 07:01:22.293,181218225152234,18121407,XBTUSD,Sell,203,3270,MinusTick,851aea97-f8d7-1446-c854-e653d169def0,1131731,541
2018-12-14 07:01:22.293,181218225152234,18121407,XBTUSD,Sell,250,3270,ZeroMinusTick,b08f4d55-b323-beba-6741-0ca8fea34316,1131981,542
2018-12-14 07:01:23.040,181218225152234,18121407,XBTUSD,Sell,4500,3270,ZeroMinusTick,14f13b75-ffd5-11c1-e6db-1a02a6d693e9,1136481,543
2018-12-14 07:01:23.061,181218225152234,18121407,XBTUSD,Sell,2445,3270,ZeroMinusTick,13906181-785d-e2a1-122d-adce4c1b4670,1138926,544
2018-12-14 07:01:23.248,181218225152234,18121407,XBTUSD,Sell,1000,3270,ZeroMinusTick,d65469d8-aa33-4e3f-6db8-1251407e1884,1139926,545
2018-12-14 07:01:25.413,181218225152234,18121407,XBTUSD,Sell,277,3270,ZeroMinusTick,707ca1e4-5bb4-2c7b-9d60-04c699501fbd,1140203,546
2018-12-14 07:01:25.601,181218225152234,18121407,XBTUSD,Sell,300,3270,ZeroMinusTick,56cab3fe-a2e6-a6ad-3296-c328f8daf0c9,1140503,547
2018-12-14 07:01:28.390,181218225152234,18121407,XBTUSD,Buy,1,3270.5,PlusTick,4eaba8db-e306-f1c0-fd67-c12ef4ae002a,1140504,548
2018-12-14 07:01:28.535,181218225152234,18121407,XBTUSD,Sell,2616,3270,ZeroMinusTick,53000b78-21cd-54b7-6620-2bb5373c0de6,1143120,549
2018-12-14 07:01:28.535,181218225152234,18121407,XBTUSD,Sell,100,3269.5,ZeroMinusTick,7993a2b8-8653-3862-61e6-1f31409b1fcd,1143220,550
2018-12-14 07:01:29.043,181218225152234,18121407,XBTUSD,Sell,163,3269.5,ZeroMinusTick,91f29145-54a0-1369-df54-09f0b9abf6be,1143383,551
2018-12-14 07:01:29.247,181218225152234,18121407,XBTUSD,Buy,500,3269.5,PlusTick,9b7d7e16-67d3-b548-af5c-edaec00a3838,1143883,552
2018-12-14 07:01:33.110,181218225152234,18121407,XBTUSD,Sell,2295,3269,ZeroMinusTick,ce5b37a8-a818-98f2-b7bd-3b5ff5590cc8,1146178,553
2018-12-14 07:01:34.239,181218225152234,18121407,XBTUSD,Sell,1576,3269,ZeroMinusTick,87c97c84-4b02-9662-ca70-421ac17baf1c,1147754,554
2018-12-14 07:01:35.028,181218225152234,18121407,XBTUSD,Sell,32,3269,ZeroMinusTick,95b64832-f603-eb8d-06b3-c081f696ce87,1147786,555
2018-12-14 07:01:35.044,181218225152234,18121407,XBTUSD,Sell,500,3268.5,ZeroMinusTick,cb6f18c7-b6a0-8c2c-941b-bb756442d492,1148286,556
2018-12-14 07:01:35.086,181218225152234,18121407,XBTUSD,Sell,18,3268.5,ZeroMinusTick,973cde36-2358-9c9e-942d-efec75ce7ff7,1148304,557
2018-12-14 07:01:38.145,181218225152234,18121407,XBTUSD,Sell,206,3268.5,ZeroMinusTick,82754f62-4f61-b50e-f622-b20f9a4b4e98,1148510,558
2018-12-14 07:01:38.145,181218225152234,18121407,XBTUSD,Sell,24,3268.5,ZeroMinusTick,d1117312-72fc-6b67-8414-4ba596c61936,1148534,559
2018-12-14 07:01:41.512,181218225152234,18121407,XBTUSD,Sell,30,3268,ZeroMinusTick,8982eb36-3b5a-03b7-4a78-35dfe8ebf9c3,1148564,560
2018-12-14 07:01:41.802,181218225152234,18121407,XBTUSD,Sell,252,3268,MinusTick,80634014-9a32-bfb8-7407-c341261a3211,1148816,561
2018-12-14 07:01:42.227,181218225152234,18121407,XBTUSD,Sell,324,3268,ZeroMinusTick,3b7e5c4f-2abd-dcb6-cbbb-00ed6465269c,1149140,562
2018-12-14 07:01:44.718,181218225152234,18121407,XBTUSD,Sell,147,3268,ZeroMinusTick,9c9a572b-fa12-d7d8-9774-a1f866be5a04,1149287,563
2018-12-14 07:01:48.879,181218225152234,18121407,XBTUSD,Sell,150,3268,ZeroMinusTick,313945ad-458b-8f24-4573-65d0d0090c5e,1149437,564
2018-12-14 07:01:50.532,181218225152234,18121407,XBTUSD,Sell,23,3268,ZeroMinusTick,0c671875-a295-d69d-ed2a-d35e296194ed,1149460,565
2018-12-14 07:01:54.227,181218225152234,18121407,XBTUSD,Sell,9,3268,ZeroMinusTick,daa0f1c4-33ff-6171-1dde-e17f279d3e43,1149469,566
2018-12-14 07:01:54.227,181218225152234,18121407,XBTUSD,Sell,700,3268,ZeroMinusTick,a91e331e-2501-2395-fc81-64ec10872489,1150169,567
2018-12-14 07:02:03.154,181218225152234,18121407,XBTUSD,Sell,267,3268,ZeroMinusTick,ecc504fc-0f92-7bc7-0cf5-9c8fdd038317,1150436,568
2018-12-14 07:02:05.622,181218225152234,18121407,XBTUSD,Sell,50,3268,ZeroMinusTick,0d1837ac-a632-e9c0-7b3e-b69059367827,1150486,569
2018-12-14 07:02:12.115,181218225152234,18121407,XBTUSD,Sell,1000,3268,ZeroMinusTick,1f63db78-c7b3-bb15-69b3-e05d30f8228d,1151486,570
2018-12-14 07:02:12.225,181218225152234,18121407,XBTUSD,Sell,10927,3268,ZeroMinusTick,c48eeb36-2b65-e710-a686-bafda993d2ba,1162413,571
2018-12-14 07:02:13.001,181218225152234,18121407,XBTUSD,Sell,1483,3268,ZeroMinusTick,027599dd-4a54-1116-43b3-fa19166efd53,1163896,572
2018-12-14 07:02:19.519,181218225152234,18121407,XBTUSD,Sell,2000,3268,ZeroMinusTick,03b72a75-1b0b-4dde-b40c-acbf4d33f2da,1165896,573
2018-12-14 07:02:19.928,181218225152234,18121407,XBTUSD,Sell,30,3267.5,MinusTick,7bd7494d-6e14-e2e8-8fb1-4ad04c9cb891,1165926,574
2018-12-14 07:02:19.928,181218225152234,18121407,XBTUSD,Sell,9,3267.5,ZeroMinusTick,7955b961-56d9-c367-5986-1b76818d9bdb,1165935,575
2018-12-14 07:02:19.928,181218225152234,18121407,XBTUSD,Sell,9,3267.5,ZeroMinusTick,baafd35d-ffc8-e843-f3b9-158f24c5eba5,1165944,576
2018-12-14 07:02:19.928,181218225152234,18121407,XBTUSD,Sell,21,3267.5,ZeroMinusTick,9ffe75d0-dd17-7bb2-ff28-0ada3e90c872,1165965,577
2018-12-14 07:02:20.043,181218225152234,18121407,XBTUSD,Sell,2200,3267,ZeroMinusTick,705d6da7-b6ec-6248-89d6-a42ed3c1198a,1168165,578
2018-12-14 07:02:20.595,181218225152234,18121407,XBTUSD,Sell,1000,3267,ZeroMinusTick,5e6a7fc6-4630-e15c-1757-4218728e7747,1169165,579
2018-12-14 07:02:21.728,181218225152234,18121407,XBTUSD,Sell,47,3267,ZeroMinusTick,1f0cfbaf-a060-3580-54f5-02c9c9bc24da,1169212,580
2018-12-14 07:01:28.535,181218225152234,18121407,XBTUSD,Sell,163,3270,ZeroMinusTick,8b3b8fc3-d5db-bc10-ea00-6d0b81812609,1169375,581
2018-12-14 07:01:28.535,181218225152234,18121407,XBTUSD,Sell,9,3269.5,ZeroMinusTick,49f5e976-4eb8-cf38-be2f-fbffff11fe4d,1169384,582
2018-12-14 07:01:29.043,181218225152234,18121407,XBTUSD,Sell,100,3269,ZeroMinusTick,3caed5dd-4508-0e3c-6ba3-e1feb555293c,1169484,583
2018-12-14 07:01:29.363,181218225152234,18121407,XBTUSD,Sell,193,3269,MinusTick,2e0b2e3d-3d14-5136-2204-bcf92f9cbf4c,1169677,584
2018-12-14 07:01:33.110,181218225152234,18121407,XBTUSD,Sell,205,3269,ZeroMinusTick,c13207a5-9dd2-15d7-00cd-b464d8492807,1169882,585
2018-12-14 07:01:34.239,181218225152234,18121407,XBTUSD,Sell,32,3269,ZeroMinusTick,346910ae-783a-2cb4-6532-3c089f6d3f86,1169914,586
2018-12-14 07:01:35.028,181218225152234,18121407,XBTUSD,Sell,203,3269,ZeroMinusTick,94dfe59c-d46f-2f72-a827-c89d37737177,1170117,587
2018-12-14 07:01:35.044,181218225152234,18121407,XBTUSD,Sell,25,3268.5,ZeroMinusTick,745498ff-ef44-1457-e2fb-62878e9551d8,1170142,588
2018-12-14 07:01:35.044,181218225152234,18121407,XBTUSD,Sell,96,3268.5,ZeroMinusTick,f47e400d-44a8-f08e-1e50-e9a7976b323f,1170238,589
2018-12-14 07:01:36.758,181218225152234,18121407,XBTUSD,Sell,82,3268.5,ZeroMinusTick,d90f5d59-0951-3611-2acd-8fa161af5cbd,1170320,590
2018-12-14 07:01:38.145,181218225152234,18121407,XBTUSD,Sell,10,3268.5,ZeroMinusTick,bac5d860-e3ba-828e-3eaf-f3c9b4ea0ed5,1170330,591
2018-12-14 07:01:38.145,181218225152234,18121407,XBTUSD,Sell,35,3268.5,ZeroMinusTick,e0447188-a5d1-2d00-7ab4-6dafb4fbce43,1170365,592
2018-12-14 07:01:41.512,181218225152234,18121407,XBTUSD,Sell,100,3268,ZeroMinusTick,89490aef-9bb1-a619-a2f6-ee6b678f1633,1170465,593
2018-12-14 07:01:41.802,181218225152234,18121407,XBTUSD,Sell,748,3268,ZeroMinusTick,ec919b52-ee28-461b-7406-4fbe7ec7c98d,1171213,594
2018-12-14 07:01:42.040,181218225152234,18121407,XBTUSD,Sell,1231,3268,ZeroMinusTick,2dcaaf46-cb8c-dd75-f7b8-84cfdb7da09f,1172444,595
2018-12-14 07:01:42.227,181218225152235,18121407,XBTUSD,Sell,662,3268,ZeroMinusTick,6ab89d17-5fd9-b70d-561a-619d94fa8524,1173106,596
2018-12-14 07:01:46.770,181218225152235,18121407,XBTUSD,Sell,10000,3268,MinusTick,e2ce8b8b-228f-7cc1-723f-936af02670d3,1183106,597
2018-12-14 07:01:49.709,181218225152235,18121407,XBTUSD,Sell,74,3268,ZeroMinusTick,17f023c2-6562-747a-819f-17e7563982fd,1183180,598
2018-12-14 07:01:49.735,181218225152235,18121407,XBTUSD,Sell,100,3268,ZeroMinusTick,43a1f35d-7fc1-bd88-fa5d-849a45ef46ed,1183280,599
2018-12-14 07:01:50.532,181218225152235,18121407,XBTUSD,Sell,21,3268,ZeroMinusTick,44161f12-19ac-fee2-eda3-66045437e2ad,1183301,600
2018-12-14 07:01:54.227,181218225152235,18121407,XBTUSD,Sell,49,3268,ZeroMinusTick,af7606eb-7c2f-f039-59df-0448da2e53ea,1183350,601
2018-12-14 07:01:55.143,181218225152235,18121407,XBTUSD,Sell,10,3268,ZeroMinusTick,95d9a5a4-afe2-ffa9-72ec-7786e24db476,1183360,602
2018-12-14 07:02:05.622,181218225152235,18121407,XBTUSD,Sell,100,3268,ZeroMinusTick,4e7bacf0-961a-b394-be74-2e35ad76c003,1183460,603
2018-12-14 07:02:12.225,181218225152235,18121407,XBTUSD,Sell,50,3268,ZeroMinusTick,cb7f424f-fe99-750b-79b6-b3af1b46e1c6,1183510,604
2018-12-14 07:02:13.001,181218225152235,18121407,XBTUSD,Sell,200,3268,ZeroMinusTick,f9e17cea-22bc-dc10-b054-822eaccad53c,1183710,605
2018-12-14 07:02:15.173,181218225152235,18121407,XBTUSD,Sell,50,3268,MinusTick,8fbff586-5024-796b-9d6d-c2700939329c,1183760,606
2018-12-14 07:02:19.519,181218225152235,18121407,XBTUSD,Sell,500,3268,ZeroMinusTick,26115fa3-56ed-8894-95b3-f0c7bf1d3955,1184260,607
2018-12-14 07:02:19.928,181218225152235,18121407,XBTUSD,Sell,250,3267.5,ZeroMinusTick,40662d36-7386-d0fe-0592-dfa17d243464,1184510,608
2018-12-14 07:02:19.928,181218225152235,18121407,XBTUSD,Sell,16,3267.5,ZeroMinusTick,55dcd6cf-331e-f902-749e-5fbd8b44a41d,1184526,609
2018-12-14 07:02:19.928,181218225152235,18121407,XBTUSD,Sell,50,3267.5,ZeroMinusTick,e994de38-485d-f2b9-66ff-56847ecd2a10,1184576,610
2018-12-14 07:02:20.043,181218225152235,18121407,XBTUSD,Sell,10,3267,ZeroMinusTick,1a4c1ab6-ea15-2392-07ea-14073412a479,1184586,611
2018-12-14 07:02:20.957,181218225152235,18121407,XBTUSD,Sell,2488,3267,ZeroMinusTick,c3df85d2-1f7d-b9b4-25d1-a2a6ed9b64de,1187074,612
2018-12-14 07:02:20.986,181218225152235,18121407,XBTUSD,Sell,2000,3267,ZeroMinusTick,914cf0af-1298-0a4c-a786-5933f4e7664a,1189074,613
2018-12-14 07:02:21.728,181218225152235,18121407,XBTUSD,Sell,10,3267,ZeroMinusTick,3138272a-2a29-0db5-8f68-1caafed19deb,1189084,614
2018-12-14 07:02:21.885,181218225152235,18121407,XBTUSD,Sell,65,3266.5,ZeroMinusTick,6180f462-6db2-4a5e-52b3-2c84a1a63c2b,1189149,615
2018-12-14 07:02:21.885,181218225152235,18121407,XBTUSD,Sell,2724,3266,ZeroMinusTick,c79c17c7-a971-2a9e-dfe5-88efe7ee0018,1191873,616
2018-12-14 07:02:22.634,181218225152235,18121407,XBTUSD,Sell,200,3266,MinusTick,43500164-8790-540a-3b2a-deb4227ce114,1192073,617
2018-12-14 07:02:23.043,181218225152235,18121407,XBTUSD,Sell,700,3266,MinusTick,a2313a78-79f1-625a-7199-0476a21ba0da,1192773,618
2018-12-14 07:02:23.396,181218225152235,18121407,XBTUSD,Sell,6059,3266,ZeroMinusTick,62d4559f-af5c-b0b3-050b-110d05e95651,1198832,619
2018-12-14 07:02:24.189,181218225152235,18121407,XBTUSD,Sell,14570,3266,ZeroMinusTick,c146611a-f1f0-82b6-be44-330a8db1df45,1213402,620
2018-12-14 07:02:27.568,181218225152235,18121407,XBTUSD,Sell,300,3266,ZeroMinusTick,de32d132-dbb7-8698-6864-a00bff02aa1a,1213702,621
2018-12-14 07:01:28.535,181218225152235,18121407,XBTUSD,Sell,50,3269.5,ZeroMinusTick,46436cad-8454-0155-ba93-3dcf561df87f,1213752,622
2018-12-14 07:01:29.043,181218225152235,18121407,XBTUSD,Sell,206,3269.5,ZeroMinusTick,de4715c3-b339-ab42-ad0d-2ff6e9a3e28e,1213958,623
2018-12-14 07:01:29.081,181218225152235,18121407,XBTUSD,Sell,1231,3269,ZeroMinusTick,3a6c446f-ecee-7956-794f-65c66f2d3460,1215189,624
2018-12-14 07:01:32.033,181218225152235,18121407,XBTUSD,Sell,900,3269,ZeroMinusTick,1f91c20d-0dd8-9425-eb39-77b1c79601cf,1216089,625
2018-12-14 07:01:34.280,181218225152235,18121407,XBTUSD,Sell,320,3269,ZeroMinusTick,b4416bd8-70e7-e468-0b05-99bf01d5ece0,1216409,626
2018-12-14 07:01:34.784,181218225152235,18121407,XBTUSD,Sell,101,3269,ZeroMinusTick,64b2b71b-4753-119f-2fa1-9bdd8f4f4d6e,1216510,627
2018-12-14 07:01:35.028,181218225152235,18121407,XBTUSD,Sell,618,3269,ZeroMinusTick,a4f0fd61-dc50-72fc-d8ae-08e2b5c9afc3,1217128,628
2018-12-14 07:01:35.044,181218225152235,18121407,XBTUSD,Sell,10,3268.5,ZeroMinusTick,d31e5dbb-2c66-f87b-37fe-69c23f97ff12,1217138,629
2018-12-14 07:01:35.086,181218225152235,18121407,XBTUSD,Sell,2,3268.5,ZeroMinusTick,148fbe78-f466-8bf1-8c0b-1f860700f8fa,1217140,630
2018-12-14 07:01:35.366,181218225152235,18121407,XBTUSD,Sell,4,3268.5,ZeroMinusTick,89286139-5336-571f-12b7-0deb8b3002ca,1217144,631
2018-12-14 07:01:38.145,181218225152235,18121407,XBTUSD,Sell,13,3268.5,ZeroMinusTick,26351657-e214-5f92-3961-17aa8cfd0006,1217157,632
2018-12-14 07:01:38.145,181218225152235,18121407,XBTUSD,Sell,22,3268.5,ZeroMinusTick,d69fd026-a68a-3432-c6e3-39edf477b278,1217179,633
2018-12-14 07:01:41.512,181218225152235,18121407,XBTUSD,Sell,9,3268,ZeroMinusTick,010986a4-fa32-a300-994c-aa4fd0d3164d,1217188,634
2018-12-14 07:01:44.067,181218225152235,18121407,XBTUSD,Sell,262,3268,ZeroMinusTick,92c71698-398e-a203-a03e-3df310791116,1217450,635
2018-12-14 07:01:44.718,181218225152235,18121407,XBTUSD,Sell,10,3268,ZeroMinusTick,67856f49-9b15-3eb6-1447-dac82fb43768,1217460,636
2018-12-14 07:01:47.960,181218225152235,18121407,XBTUSD,Sell,100,3268,ZeroMinusTick,69c5a427-237f-62f8-2883-8e166b0f5bac,1217560,637
2018-12-14 07:01:50.532,181218225152235,18121407,XBTUSD,Sell,1,3268,ZeroMinusTick,9a9e31e7-cfc6-1de9-3fe6-4f6f4a64e79a,1217561,638
2018-12-14 07:01:54.227,181218225152235,18121407,XBTUSD,Sell,28,3268,ZeroMinusTick,310391bc-7a90-670d-0083-9ed9ae175d29,1217589,639
2018-12-14 07:01:54.227,181218225152235,18121407,XBTUSD,Sell,700,3268,ZeroMinusTick,b3b81d05-08cf-42b6-3a15-f4e3fdb6e325,1218289,640
2018-12-14 07:01:56.796,181218225152235,18121407,XBTUSD,Sell,1000,3268,ZeroMinusTick,55062a40-4f5a-4704-6dd4-51d5dd48a210,1219289,641
2018-12-14 07:01:59.703,181218225152235,18121407,XBTUSD,Sell,4982,3268,MinusTick,995b7d3d-d7b4-82d8-5866-01102b3d8b9a,1224271,642
2018-12-14 07:02:05.622,181218225152235,18121407,XBTUSD,Sell,1150,3268,ZeroMinusTick,81f963a6-a14d-4b57-d78c-9f5b82e27535,1225421,643
2018-12-14 07:02:11.408,181218225152235,18121407,XBTUSD,Sell,200,3268,ZeroMinusTick,ed88d69d-769c-f8a4-7b4e-c1826953388e,1225621,644
2018-12-14 07:02:13.594,181218225152235,18121407,XBTUSD,Buy,65,3268.5,PlusTick,26593ec1-706d-8b73-7ceb-0501ce9c3b7c,1225686,645
2018-12-14 07:02:19.369,181218225152235,18121407,XBTUSD,Sell,38554,3268,ZeroMinusTick,46df513b-cf0d-2474-0328-3a04bb564e9d,1264240,646
2018-12-14 07:02:19.519,181218225152235,18121407,XBTUSD,Sell,1000,3268,ZeroMinusTick,6652aa16-1dc9-e254-b1dd-7bfd8ce45457,1265240,647
2018-12-14 07:02:19.928,181218225152235,18121407,XBTUSD,Sell,20,3267.5,ZeroMinusTick,447281d0-fe67-db33-c212-71ea300599d5,1265260,648
2018-12-14 07:02:19.928,181218225152235,18121407,XBTUSD,Sell,79,3267.5,ZeroMinusTick,bf9314a1-08a0-026c-145b-afc7341ab493,1265339,649
2018-12-14 07:02:19.928,181218225152235,18121407,XBTUSD,Sell,19930,3267.5,ZeroMinusTick,c8f559e1-f990-5dc8-51a7-43fd21978101,1285269,650
2018-12-14 07:02:20.043,181218225152235,18121407,XBTUSD,Sell,150,3267,ZeroMinusTick,b85314df-5392-9a13-ee82-012890267803,1285419,651
2018-12-14 07:02:20.595,181218225152235,18121407,XBTUSD,Sell,790,3267,ZeroMinusTick,30e9e116-8627-6642-ec3d-bea89bec623b,1286209,652
2018-12-14 07:02:21.807,181218225152235,18121407,XBTUSD,Sell,9057,3267,ZeroMinusTick,2495498a-a588-7255-86fa-c47967139761,1295266,653
2018-12-14 07:02:21.885,181218225152235,18121407,XBTUSD,Sell,16,3266.5,MinusTick,227a8992-62ac-b192-2bcc-420dc8bed2e2,1295282,654
2018-12-14 07:02:21.885,181218225152235,18121407,XBTUSD,Sell,74,3266.5,ZeroMinusTick,8723d438-5017-64a7-c232-120807efcfcd,1295356,655
2018-12-14 07:02:23.396,181218225152235,18121407,XBTUSD,Sell,18,3266,ZeroMinusTick,81587632-cf2d-b24b-ff02-794845b654f4,1295374,656
2018-12-14 07:02:26.613,181218225152235,18121407,XBTUSD,Sell,860,3266,ZeroMinusTick,e54bce53-f08f-d46b-d8af-3aa9082b9d45,1296234,657
2018-12-14 07:02:27.866,181218225152235,18121407,XBTUSD,Sell,10,3266,ZeroMinusTick,de1a931d-8228-a236-013c-219970115a7d,1296244,658
2018-12-14 07:02:30.703,181218225152235,18121407,XBTUSD,Sell,2500,3266,ZeroMinusTick,2107623c-3c52-d965-b51c-11f8268d6c88,1298744,659
2018-12-14 07:02:40.106,181218225152235,18121407,XBTUSD,Buy,1050,3266.5,PlusTick,31b50d59-de19-942a-24fb-f0e85a5a74a2,1299794,660
2018-12-14 07:02:57.304,181218225152235,18121407,XBTUSD,Buy,5000,3266.5,PlusTick,b8126b79-d735-0769-54a2-5d4809c16439,1304794,661
2018-12-14 07:02:57.827,181218225152235,18121407,XBTUSD,Sell,1500,3266,MinusTick,d1e84766-1401-8e43-320e-f0ceec1b8b06,1306294,662
2018-12-14 07:01:38.145,181218225152235,18121407,XBTUSD,Sell,16,3268.5,ZeroMinusTick,739ef3d5-933b-0d74-75fb-0562eca28445,1306310,663
2018-12-14 07:01:38.145,181218225152235,18121407,XBTUSD,Sell,1400,3268.5,ZeroMinusTick,cf72d326-a29b-a1e0-280e-efc73f87bdef,1307710,664
2018-12-14 07:01:41.512,181218225152235,18121407,XBTUSD,Sell,450,3268,ZeroMinusTick,817734cd-5fbc-4583-82f8-0e1b5c68cb42,1308160,665
2018-12-14 07:01:42.227,181218225152235,18121407,XBTUSD,Sell,307,3268,ZeroMinusTick,d43a47f1-1976-343e-f8cd-6f4bef4d9e83,1308467,666
2018-12-14 07:01:50.532,181218225152235,18121407,XBTUSD,Sell,1500,3268,ZeroMinusTick,466f2d74-12f9-8b58-2fe0-8cc2182d5ebd,1309967,667
2018-12-14 07:01:52.694,181218225152235,18121407,XBTUSD,Sell,861,3268,ZeroMinusTick,898cf202-8f78-1494-49ed-ddfdec3d2cc3,1310828,668
2018-12-14 07:01:54.227,181218225152235,18121407,XBTUSD,Sell,433,3268,ZeroMinusTick,ee36a165-9d4b-b5bd-269e-91d8a4e47cce,1311261,669
2018-12-14 07:01:55.143,181218225152235,18121407,XBTUSD,Sell,110,3268,ZeroMinusTick,bfd2d59e-1433-1c6e-22a8-1543a7e4ba91,1311371,670
2018-12-14 07:02:03.154,181218225152236,18121407,XBTUSD,Sell,133,3268,ZeroMinusTick,a78fef1f-c2b4-4194-14b0-ac70e5af2d4a,1311504,671
2018-12-14 07:02:05.622,181218225152236,18121407,XBTUSD,Sell,4571,3268,ZeroMinusTick,f962da01-bd12-ae78-3fa4-6960d59224df,1316075,672
2018-12-14 07:02:05.856,181218225152236,18121407,XBTUSD,Buy,254,3268.5,PlusTick,27726999-ca64-c050-7ada-4a75cebde7e8,1316329,673
2018-12-14 07:02:06.174,181218225152236,18121407,XBTUSD,Sell,1000,3268,MinusTick,7d2d367f-ab81-d5e0-ee53-1f4ffd718b62,1317329,674
2018-12-14 07:02:12.225,181218225152236,18121407,XBTUSD,Sell,23,3268,ZeroMinusTick,77bb05b4-2c5d-4ac5-3d59-e6f0a7aaa09d,1317352,675
2018-12-14 07:02:12.350,181218225152236,18121407,XBTUSD,Sell,200,3268,ZeroMinusTick,3af3d37d-90fc-b8c2-cd8f-72a46e439900,1317552,676
2018-12-14 07:02:12.593,181218225152236,18121407,XBTUSD,Sell,500,3268,ZeroMinusTick,e8e3a3f8-f2ca-ccbb-38d6-ed523d7925bd,1318052,677
2018-12-14 07:02:13.001,181218225152236,18121407,XBTUSD,Sell,2277,3268,ZeroMinusTick,1c1439f3-3f1e-b05a-36b3-64bb2ecd2c4f,1320329,678
2018-12-14 07:02:17.966,181218225152236,18121407,XBTUSD,Sell,1000,3268,ZeroMinusTick,1be66c7e-a060-e108-3331-9a7b7a6c2c57,1321329,679
2018-12-14 07:02:19.519,181218225152236,18121407,XBTUSD,Sell,280,3268,ZeroMinusTick,7ca2d7e4-76ed-65d8-80a5-831238f9cdc1,1321609,680
2018-12-14 07:02:19.928,181218225152236,18121407,XBTUSD,Sell,100,3267.5,ZeroMinusTick,d3a41c7c-d349-7cae-35f1-de96d6f27b23,1321709,681
2018-12-14 07:02:19.928,181218225152236,18121407,XBTUSD,Sell,9,3267.5,ZeroMinusTick,b3db0a61-5b9a-1e7b-c75a-0b9695f2f6ff,1321718,682
2018-12-14 07:02:19.928,181218225152236,18121407,XBTUSD,Sell,76,3267.5,ZeroMinusTick,99031a27-2437-3804-3d14-07513510402e,1321794,683
2018-12-14 07:02:20.043,181218225152236,18121407,XBTUSD,Sell,190,3267,ZeroMinusTick,eb776796-d100-e2fc-4088-892d3914d84b,1321984,684
2018-12-14 07:02:20.947,181218225152236,18121407,XBTUSD,Sell,20,3267,ZeroMinusTick,44eb9eaa-8d26-96f3-aeda-c4a8f6f4cc01,1322004,685
2018-12-14 07:02:21.807,181218225152236,18121407,XBTUSD,Sell,50,3267,ZeroMinusTick,eaee350b-b6e6-99cf-7e1e-133cbe3ae6c8,1322054,686
2018-12-14 07:02:21.885,181218225152236,18121407,XBTUSD,Sell,8,3266.5,ZeroMinusTick,4d1ba721-11d1-3e3b-cf02-6a3f1cb4e5c3,1322062,687
2018-12-14 07:02:21.885,181218225152236,18121407,XBTUSD,Sell,20,3266.5,ZeroMinusTick,d457ce13-61ad-b675-6fcc-d2b24e6c88ba,1322082,688
2018-12-14 07:02:22.428,181218225152236,18121407,XBTUSD,Buy,10000,3266.5,PlusTick,b8ca2822-d0b6-b3fc-ad38-af68463653ee,1332082,689
2018-12-14 07:02:23.396,181218225152236,18121407,XBTUSD,Sell,100,3266,ZeroMinusTick,d1f272ad-4a13-5b64-d185-2abb9cfcd69c,1332182,690
2018-12-14 07:02:27.866,181218225152236,18121407,XBTUSD,Sell,50,3266,ZeroMinusTick,f98377ff-736d-d5ca-2fca-7891bf26a39c,1332232,691
2018-12-14 07:02:40.544,181218225152236,18121407,XBTUSD,Sell,1000,3266,MinusTick,67ce8f65-1ab0-e479-d05c-ce775e114048,1333232,692
2018-12-14 07:02:49.750,181218225152236,18121407,XBTUSD,Sell,25,3266,MinusTick,2c71adb5-4e8d-0420-759b-20c85fb92f27,1333257,693
2018-12-14 07:02:56.714,181218225152236,18121407,XBTUSD,Sell,2200,3266,MinusTick,792c087d-051e-80e4-c7cb-07ff6e20c40a,1335457,694
2018-12-14 07:03:05.492,181218225152236,18121407,XBTUSD,Sell,3,3266,ZeroMinusTick,774edb31-2753-c801-bdbb-2857e66f6940,1335460,695
2018-12-14 07:03:05.492,181218225152236,18121407,XBTUSD,Sell,3000,3266,ZeroMinusTick,b6de3dfb-6d81-4cbe-3b7d-e55afc674683,1338460,696
2018-12-14 07:03:30.332,181218225152236,18121407,XBTUSD,Buy,10,3266.5,PlusTick,9538ed70-5b72-2bc2-faad-561388d9cebb,1338470,697
2018-12-14 07:03:48.961,181218225152236,18121407,XBTUSD,Buy,2000,3266.5,ZeroPlusTick,95467d2a-50f9-c807-62dc-00c919ef6375,1340470,698
2018-12-14 07:03:48.961,181218225152236,18121407,XBTUSD,Buy,79,3266.5,ZeroPlusTick,98b49eb3-7c08-20e9-5ac0-720374ba440d,1340549,699
2018-12-14 07:03:48.961,181218225152236,18121407,XBTUSD,Buy,15,3266.5,ZeroPlusTick,f71c1afe-a4a8-1225-3493-b9e39166ca8b,1340564,700
2018-12-14 07:03:48.961,181218225152236,18121407,XBTUSD,Buy,5000,3266.5,ZeroPlusTick,8e2125cd-9169-e50f-87ac-a6c82ef10db5,1345564,701
2018-12-14 07:03:48.961,181218225152236,18121407,XBTUSD,Buy,5000,3266.5,ZeroPlusTick,66dc5393-d509-c77f-198d-baab83f05e57,1350564,702
2018-12-14 07:03:48.961,181218225152236,18121407,XBTUSD,Buy,5000,3266.5,ZeroPlusTick,20f13712-1058-2fef-3a27-8d945036c1c4,1355564,703
2018-12-14 07:01:41.735,181218225152236,18121407,XBTUSD,Buy,200,3268.5,PlusTick,e3ba380b-5591-552a-e4db-31332a37faa6,1355764,704
2018-12-14 07:01:48.828,181218225152236,18121407,XBTUSD,Sell,100,3268,ZeroMinusTick,58b324c4-7e3f-6a40-a27c-1f7a10500dab,1355864,705
2018-12-14 07:01:50.532,181218225152236,18121407,XBTUSD,Sell,206,3268,ZeroMinusTick,8f5a86fe-7381-f354-cffe-3f173d5ec328,1356070,706
2018-12-14 07:01:54.227,181218225152236,18121407,XBTUSD,Sell,11,3268,ZeroMinusTick,16ab031a-6dab-7e8a-0d8f-5abc2571092f,1356081,707
2018-12-14 07:01:54.227,181218225152236,18121407,XBTUSD,Sell,25,3268,ZeroMinusTick,07fefd0b-b87c-fe74-458f-f1e2d1c5d7e6,1356106,708
2018-12-14 07:01:55.143,181218225152236,18121407,XBTUSD,Sell,1780,3268,ZeroMinusTick,449a08db-090f-b9a2-2f53-6f49d1dc52ea,1357886,709
2018-12-14 07:02:00.880,181218225152236,18121407,XBTUSD,Sell,100,3268,ZeroMinusTick,d86569cd-5629-feab-d98a-0ddf2ac55a2d,1357986,710
2018-12-14 07:02:01.004,181218225152236,18121407,XBTUSD,Buy,500,3268.5,PlusTick,ee3bd300-d8e9-bb7a-f533-2a87ca7a7555,1358486,711
2018-12-14 07:02:01.322,181218225152236,18121407,XBTUSD,Sell,5000,3268,MinusTick,11a5707d-5f6c-afe9-0605-898fa4530373,1363486,712
2018-12-14 07:02:01.363,181218225152236,18121407,XBTUSD,Sell,71,3268,ZeroMinusTick,6eebe9a8-96e7-7674-89a3-ae836bd01024,1363557,713
2018-12-14 07:02:01.484,181218225152236,18121407,XBTUSD,Sell,5,3268,ZeroMinusTick,8df97b17-1fa9-dc04-3a98-7bcb939c30a8,1363562,714
2018-12-14 07:02:05.622,181218225152236,18121407,XBTUSD,Sell,2513,3268,ZeroMinusTick,fad4c75a-c20a-d5a1-1fa3-9263a4762c52,1366075,715
2018-12-14 07:02:06.281,181218225152236,18121407,XBTUSD,Sell,1000,3268,ZeroMinusTick,4bbca878-ab7b-7850-279b-48c52748ec97,1367075,716
2018-12-14 07:02:07.017,181218225152236,18121407,XBTUSD,Sell,100,3268,ZeroMinusTick,80c4eb99-62a4-d89b-9860-6bc2a6eccc45,1367175,717
2018-12-14 07:02:16.925,181218225152236,18121407,XBTUSD,Sell,144,3268,ZeroMinusTick,b0b6aadf-7768-46e5-5d61-e1e7c1f79e2c,1367319,718
2018-12-14 07:02:19.359,181218225152236,18121407,XBTUSD,Sell,4000,3268,ZeroMinusTick,50e15191-7d64-79ab-f2d2-9ab63933e4e5,1371319,719
2018-12-14 07:02:19.378,181218225152236,18121407,XBTUSD,Sell,6000,3268,ZeroMinusTick,ad03f247-987f-d6ac-8270-5b6cabd7d202,1377319,720
2018-12-14 07:02:19.519,181218225152236,18121407,XBTUSD,Sell,20,3268,ZeroMinusTick,74b7dc67-ec1a-94b3-2324-4a2255e4a715,1377339,721
2018-12-14 07:02:19.928,181218225152236,18121407,XBTUSD,Sell,9,3267.5,ZeroMinusTick,1fa98e12-6296-4290-13f9-89553d319176,1377348,722
2018-12-14 07:02:19.928,181218225152236,18121407,XBTUSD,Sell,207,3267.5,ZeroMinusTick,7ea589b0-006e-9408-748d-4a28760a312b,1377555,723
2018-12-14 07:02:19.928,181218225152236,18121407,XBTUSD,Sell,28,3267.5,ZeroMinusTick,1f94f525-23c8-947b-9e45-1d05582c9bae,1377583,724
2018-12-14 07:02:20.043,181218225152236,18121407,XBTUSD,Sell,250,3267,ZeroMinusTick,705dc2a9-e9eb-0bf8-7988-454c9bfc39a4,1377833,725
2018-12-14 07:02:20.833,181218225152236,18121407,XBTUSD,Sell,6000,3267,ZeroMinusTick,28761536-3b18-7b72-e4d4-f542e7e51187,1383833,726
2018-12-14 07:02:20.940,181218225152236,18121407,XBTUSD,Sell,15000,3267,ZeroMinusTick,6df3e056-a3ed-6f16-cb17-89d4b532d848,1398833,727
2018-12-14 07:02:20.947,181218225152236,18121407,XBTUSD,Sell,1312,3267,ZeroMinusTick,aaa2dbe6-1c7b-d65d-6d4d-005fe021ef2b,1400145,728
2018-12-14 07:02:21.807,181218225152236,18121407,XBTUSD,Sell,100,3267,ZeroMinusTick,c05739e8-22fc-b4c0-b92e-d3cc10753f1f,1400245,729
2018-12-14 07:02:21.885,181218225152236,18121407,XBTUSD,Sell,250,3266.5,ZeroMinusTick,85f1b24c-0709-8303-86fe-ff4b5a30929d,1400495,730
2018-12-14 07:02:21.885,181218225152236,18121407,XBTUSD,Sell,1000,3266.5,ZeroMinusTick,8664a766-9f2b-b873-4c37-6030bb1ba718,1401495,731
2018-12-14 07:02:22.428,181218225152236,18121407,XBTUSD,Buy,10000,3266.5,ZeroPlusTick,712918ab-38e8-4833-e1ec-0ce917ccd972,1411495,732
2018-12-14 07:02:23.396,181218225152236,18121407,XBTUSD,Sell,10,3266,ZeroMinusTick,263e2b73-faff-7cb3-316b-d39e9e2bca39,1411505,733
2018-12-14 07:02:25.859,181218225152236,18121407,XBTUSD,Sell,150,3266,ZeroMinusTick,9fd0dea9-d8c4-bfa7-cccc-299dd0fd71e4,1411655,734
2018-12-14 07:02:26.014,181218225152236,18121407,XBTUSD,Sell,32,3266,ZeroMinusTick,49622f44-20d0-f1c9-fee4-4f8a893c519c,1411687,735
2018-12-14 07:02:26.575,181218225152236,18121407,XBTUSD,Sell,500,3266,ZeroMinusTick,fa3eeca4-9533-cded-dced-1d36ea8a0a08,1412187,736
2018-12-14 07:02:27.866,181218225152236,18121407,XBTUSD,Sell,35,3266,ZeroMinusTick,7b234b60-3abd-79f5-de07-f2f4595dba21,1412222,737
2018-12-14 07:02:31.547,181218225152236,18121407,XBTUSD,Sell,40000,3266,ZeroMinusTick,8732d3b2-d3ca-8e84-d021-1ea3b5a81412,1452222,738
2018-12-14 07:02:36.878,181218225152236,18121407,XBTUSD,Buy,3000,3266.5,PlusTick,60a76190-67ab-84db-28e8-959a93abf1b2,1455222,739
2018-12-14 07:02:45.525,181218225152236,18121407,XBTUSD,Buy,100,3266.5,PlusTick,a6bafee8-37fb-1fd3-73be-258bef3a4559,1455322,740
2018-12-14 07:03:03.718,181218225152236,18121407,XBTUSD,Sell,3646,3266,ZeroMinusTick,36ec4f95-7ba8-a11d-5089-430b46f7325f,1458968,741
2018-12-14 07:03:05.492,181218225152237,18121407,XBTUSD,Sell,250,3266,ZeroMinusTick,2589fc6a-1f16-69eb-5b89-6ada83d445ba,1459218,742
2018-12-14 07:03:06.497,181218225152237,18121407,XBTUSD,Buy,14,3266.5,PlusTick,bbb34aeb-597d-c762-2db3-59f87d6e3924,1459232,743
2018-12-14 07:03:06.552,181218225152237,18121407,XBTUSD,Sell,13,3266,MinusTick,dd589092-ab4e-24a9-d86f-71f21b19c25f,1459245,744
2018-12-14 07:03:06.568,181218225152237,18121407,XBTUSD,Sell,300,3266,ZeroMinusTick,018acecc-b166-9cee-37a3-831164275565,1459545,745
2018-12-14 07:03:13.573,181218225152237,18121407,XBTUSD,Sell,59167,3266,ZeroMinusTick,7684b2e4-6fd1-7c7c-11f1-de4fd53447e8,1518712,746
2018-12-14 07:01:44.067,181218225152237,18121407,XBTUSD,Sell,1000,3268,ZeroMinusTick,d53f8aec-eb66-fe29-f87c-9d9ec4f91576,1519712,747
2018-12-14 07:01:44.718,181218225152237,18121407,XBTUSD,Sell,10,3268,ZeroMinusTick,e277a70f-ce7c-d99d-4d75-d5d657d86746,1519722,748
2018-12-14 07:01:48.056,181218225152237,18121407,XBTUSD,Sell,100,3268,ZeroMinusTick,1e176c35-2177-2211-a946-1545886b472f,1519822,749
2018-12-14 07:01:50.532,181218225152237,18121407,XBTUSD,Sell,32,3268,ZeroMinusTick,13e54cf9-52d4-fe6a-8a04-cf4e716142ff,1519854,750
2018-12-14 07:01:53.228,181218225152237,18121407,XBTUSD,Sell,100,3268,ZeroMinusTick,3414cfb3-91b4-3c77-dc18-0a0d581e5d3c,1519954,751
2018-12-14 07:01:53.510,181218225152237,18121407,XBTUSD,Sell,100,3268,ZeroMinusTick,974f612c-262e-37d6-bce5-97e56c3fc593,1520054,752
2018-12-14 07:01:53.817,181218225152237,18121407,XBTUSD,Sell,100,3268,ZeroMinusTick,d9ac002d-3293-067a-19db-d8853d766daa,1520154,753
2018-12-14 07:01:53.875,181218225152237,18121407,XBTUSD,Sell,1000,3268,ZeroMinusTick,6868070f-2a4e-a770-cd05-f92c88f3adc1,1521154,754
