id,timestamp,hour,symbol,bidPrice,bidSize,askPrice,askSize,midPrice,microPrice
9925227,2019-01-06T05:00:04.175Z,19010605,XBTUSD,3794,198944,3794.5,809186,3794.25,3794.5
9925244,2019-01-06T05:00:04.283Z,19010605,XBTUSD,3794,98944,3794.5,814983,3794.25,3794.5
9925252,2019-01-06T05:00:04.491Z,19010605,XBTUSD,3794,78744,3794.5,779533,3794.25,3794.5
9925283,2019-01-06T05:00:05.273Z,19010605,XBTUSD,3794,99857,3794.5,811378,3794.25,3794.5
9925295,2019-01-06T05:00:05.802Z,19010605,XBTUSD,3794,102346,3794.5,823597,3794.25,3794.5
9925315,2019-01-06T05:00:07.121Z,19010605,XBTUSD,3794,102581,3794.5,798870,3794.25,3794.5
9925230,2019-01-06T05:00:04.231Z,19010605,XBTUSD,3794,198944,3794.5,808672,3794.25,3794.5
9925240,2019-01-06T05:00:04.263Z,19010605,XBTUSD,3794,198944,3794.5,812686,3794.25,3794.5
9925250,2019-01-06T05:00:04.430Z,19010605,XBTUSD,3794,98744,3794.5,797467,3794.25,3794.5
9925242,2019-01-06T05:00:04.271Z,19010605,XBTUSD,3794,198944,3794.5,815372,3794.25,3794.5
9925258,2019-01-06T05:00:05.034Z,19010605,XBTUSD,3794,82566,3794.5,780378,3794.25,3794.5
9925262,2019-01-06T05:00:05.246Z,19010605,XBTUSD,3794,100367,3794.5,781378,3794.25,3794.5
9925282,2019-01-06T05:00:05.259Z,19010605,XBTUSD,3794,99857,3794.5,801378,3794.25,3794.5
9925309,2019-01-06T05:00:06.953Z,19010605,XBTUSD,3794,102380,3794.5,814856,3794.25,3794.5
9925225,2019-01-06T05:00:03.862Z,19010605,XBTUSD,3794,225502,3794.5,808521,3794.25,3794.5
9925243,2019-01-06T05:00:04.273Z,19010605,XBTUSD,3794,198944,3794.5,814983,3794.25,3794.5
9925256,2019-01-06T05:00:05.019Z,19010605,XBTUSD,3794,78795,3794.5,780378,3794.25,3794.5
9925289,2019-01-06T05:00:05.410Z,19010605,XBTUSD,3794,99126,3794.5,821531,3794.25,3794.5
9925296,2019-01-06T05:00:05.832Z,19010605,XBTUSD,3794,102379,3794.5,823597,3794.25,3794.5
9925310,2019-01-06T05:00:06.954Z,19010605,XBTUSD,3794,102380,3794.5,804856,3794.25,3794.5
9925320,2019-01-06T05:00:07.276Z,19010605,XBTUSD,3794,102613,3794.5,794856,3794.25,3794.5
9925365,2019-01-06T05:00:11.074Z,19010605,XBTUSD,3794,100746,3794.5,816039,3794.25,3794.5
9925369,2019-01-06T05:00:11.169Z,19010605,XBTUSD,3794,90746,3794.5,814032,3794.25,3794.5
9925249,2019-01-06T05:00:04.428Z,19010605,XBTUSD,3794,98744,3794.5,791269,3794.25,3794.5
9925254,2019-01-06T05:00:04.886Z,19010605,XBTUSD,3794,78744,3794.5,780328,3794.25,3794.5
9925264,2019-01-06T05:00:05.249Z,19010605,XBTUSD,3794,99367,3794.5,791378,3794.25,3794.5
9925287,2019-01-06T05:00:05.339Z,19010605,XBTUSD,3794,99046,3794.5,821406,3794.25,3794.5
9925292,2019-01-06T05:00:05.642Z,19010605,XBTUSD,3794,102156,3794.5,821531,3794.25,3794.5
9925312,2019-01-06T05:00:06.974Z,19010605,XBTUSD,3794,102569,3794.5,794856,3794.25,3794.5
9925318,2019-01-06T05:00:07.149Z,19010605,XBTUSD,3794,102782,3794.5,794856,3794.25,3794.5
9925339,2019-01-06T05:00:08.538Z,19010605,XBTUSD,3794,102613,3794.5,791003,3794.25,3794.5
9925360,2019-01-06T05:00:10.991Z,19010605,XBTUSD,3794,102738,3794.5,801891,3794.25,3794.5
9925373,2019-01-06T05:00:11.293Z,19010605,XBTUSD,3794,91746,3794.5,835032,3794.25,3794.5
9925397,2019-01-06T05:00:11.897Z,19010605,XBTUSD,3794,91358,3794.5,829171,3794.25,3794.5
9925404,2019-01-06T05:00:12.689Z,19010605,XBTUSD,3794,71339,3794.5,826764,3794.25,3794.5
9925422,2019-01-06T05:00:13.115Z,19010605,XBTUSD,3794,67971,3794.5,831572,3794.25,3794.5
9925430,2019-01-06T05:00:13.859Z,19010605,XBTUSD,3794,57906,3794.5,822764,3794.25,3794.5
9925457,2019-01-06T05:00:15.026Z,19010605,XBTUSD,3794,57908,3794.5,841736,3794.25,3794.5
9925466,2019-01-06T05:00:15.686Z,19010605,XBTUSD,3794,57820,3794.5,831736,3794.25,3794.5
9925478,2019-01-06T05:00:16.116Z,19010605,XBTUSD,3794,51024,3794.5,847573,3794.25,3794.5
9925489,2019-01-06T05:00:16.728Z,19010605,XBTUSD,3794,42525,3794.5,863573,3794.25,3794.5
9925494,2019-01-06T05:00:17.038Z,19010605,XBTUSD,3794,77726,3794.5,873481,3794.25,3794.5
9925508,2019-01-06T05:00:17.188Z,19010605,XBTUSD,3794,74225,3794.5,870386,3794.25,3794.5
9925226,2019-01-06T05:00:03.911Z,19010605,XBTUSD,3794,225502,3794.5,809186,3794.25,3794.5
9925247,2019-01-06T05:00:04.351Z,19010605,XBTUSD,3794,98944,3794.5,786929,3794.25,3794.5
9925251,2019-01-06T05:00:04.485Z,19010605,XBTUSD,3794,98744,3794.5,799533,3794.25,3794.5
9925261,2019-01-06T05:00:05.243Z,19010605,XBTUSD,3794,100415,3794.5,781378,3794.25,3794.5
9925290,2019-01-06T05:00:05.551Z,19010605,XBTUSD,3794,99127,3794.5,821531,3794.25,3794.5
9925311,2019-01-06T05:00:06.959Z,19010605,XBTUSD,3794,102569,3794.5,804856,3794.25,3794.5
9925341,2019-01-06T05:00:08.869Z,19010605,XBTUSD,3794,102633,3794.5,788937,3794.25,3794.5
9925356,2019-01-06T05:00:10.932Z,19010605,XBTUSD,3794,102727,3794.5,793962,3794.25,3794.5
9925366,2019-01-06T05:00:11.078Z,19010605,XBTUSD,3794,100746,3794.5,806039,3794.25,3794.5
9925376,2019-01-06T05:00:11.604Z,19010605,XBTUSD,3794,91556,3794.5,831237,3794.25,3794.5
9925400,2019-01-06T05:00:12.306Z,19010605,XBTUSD,3794,81358,3794.5,826716,3794.25,3794.5
9925409,2019-01-06T05:00:12.911Z,19010605,XBTUSD,3794,70969,3794.5,820772,3794.25,3794.5
9925429,2019-01-06T05:00:13.681Z,19010605,XBTUSD,3794,67906,3794.5,822764,3794.25,3794.5
9925458,2019-01-06T05:00:15.034Z,19010605,XBTUSD,3794,57840,3794.5,841736,3794.25,3794.5
9925467,2019-01-06T05:00:15.688Z,19010605,XBTUSD,3794,57820,3794.5,831746,3794.25,3794.5
9925475,2019-01-06T05:00:15.937Z,19010605,XBTUSD,3794,51122,3794.5,847573,3794.25,3794.5
9925488,2019-01-06T05:00:16.712Z,19010605,XBTUSD,3794,41125,3794.5,863573,3794.25,3794.5
9925513,2019-01-06T05:00:17.698Z,19010605,XBTUSD,3794,64227,3794.5,862944,3794.25,3794.5
9925536,2019-01-06T05:00:18.755Z,19010605,XBTUSD,3794,25719,3794.5,879571,3794.25,3794.5
9925558,2019-01-06T05:00:19.262Z,19010605,XBTUSD,3794,25937,3794.5,885441,3794.25,3794.5
9925595,2019-01-06T05:00:20.208Z,19010605,XBTUSD,3794,30674,3794.5,871452,3794.25,3794.5
9925625,2019-01-06T05:00:22.183Z,19010605,XBTUSD,3793.5,13577,3794,2433,3793.75,3794
9925635,2019-01-06T05:00:22.220Z,19010605,XBTUSD,3793.5,13576,3794,253688,3793.75,3794
9925647,2019-01-06T05:00:22.281Z,19010605,XBTUSD,3793.5,13576,3794,507855,3793.75,3794
9925656,2019-01-06T05:00:22.306Z,19010605,XBTUSD,3793.5,8576,3794,535445,3793.75,3794
9925666,2019-01-06T05:00:22.341Z,19010605,XBTUSD,3793.5,8576,3794,602399,3793.75,3794
9925675,2019-01-06T05:00:22.404Z,19010605,XBTUSD,3793.5,8576,3794,643846,3793.75,3794
9925690,2019-01-06T05:00:22.489Z,19010605,XBTUSD,3793.5,9485,3794,786600,3793.75,3794
9925695,2019-01-06T05:00:22.572Z,19010605,XBTUSD,3793.5,9485,3794,702086,3793.75,3794
9925241,2019-01-06T05:00:04.270Z,19010605,XBTUSD,3794,198944,3794.5,814752,3794.25,3794.5
9925255,2019-01-06T05:00:04.944Z,19010605,XBTUSD,3794,78794,3794.5,780378,3794.25,3794.5
9925263,2019-01-06T05:00:05.248Z,19010605,XBTUSD,3794,99367,3794.5,781378,3794.25,3794.5
9925286,2019-01-06T05:00:05.310Z,19010605,XBTUSD,3794,98857,3794.5,821406,3794.25,3794.5
9925294,2019-01-06T05:00:05.747Z,19010605,XBTUSD,3794,102346,3794.5,821531,3794.25,3794.5
9925308,2019-01-06T05:00:06.939Z,19010605,XBTUSD,3794,102380,3794.5,824856,3794.25,3794.5
9925338,2019-01-06T05:00:08.001Z,19010605,XBTUSD,3794,102613,3794.5,792790,3794.25,3794.5
9925345,2019-01-06T05:00:09.165Z,19010605,XBTUSD,3794,102633,3794.5,794003,3794.25,3794.5
9925358,2019-01-06T05:00:10.967Z,19010605,XBTUSD,3794,102738,3794.5,803962,3794.25,3794.5
9925367,2019-01-06T05:00:11.094Z,19010605,XBTUSD,3794,100746,3794.5,804032,3794.25,3794.5
9925396,2019-01-06T05:00:11.873Z,19010605,XBTUSD,3794,91131,3794.5,829171,3794.25,3794.5
9925406,2019-01-06T05:00:12.855Z,19010605,XBTUSD,3794,71349,3794.5,824698,3794.25,3794.5
9925432,2019-01-06T05:00:13.931Z,19010605,XBTUSD,3794,57906,3794.5,818838,3794.25,3794.5
9925476,2019-01-06T05:00:16.018Z,19010605,XBTUSD,3794,51123,3794.5,847573,3794.25,3794.5
9925483,2019-01-06T05:00:16.357Z,19010605,XBTUSD,3794,51124,3794.5,859573,3794.25,3794.5
9925506,2019-01-06T05:00:17.132Z,19010605,XBTUSD,3794,77715,3794.5,873886,3794.25,3794.5
9925509,2019-01-06T05:00:17.545Z,19010605,XBTUSD,3794,74226,3794.5,870386,3794.25,3794.5
9925529,2019-01-06T05:00:18.113Z,19010605,XBTUSD,3794,59227,3794.5,874439,3794.25,3794.5
9925559,2019-01-06T05:00:19.287Z,19010605,XBTUSD,3794,25937,3794.5,887507,3794.25,3794.5
9925571,2019-01-06T05:00:20.084Z,19010605,XBTUSD,3794,16620,3794.5,871441,3794.25,3794.5
9925592,2019-01-06T05:00:20.126Z,19010605,XBTUSD,3794,31664,3794.5,871441,3794.25,3794.5
9925602,2019-01-06T05:00:20.780Z,19010605,XBTUSD,3794,19907,3794.5,867245,3794.25,3794.5
9925623,2019-01-06T05:00:22.167Z,19010605,XBTUSD,3793.5,13577,3794,2193,3793.75,3794
9925632,2019-01-06T05:00:22.210Z,19010605,XBTUSD,3793.5,13576,3794,138942,3793.75,3794
9925642,2019-01-06T05:00:22.262Z,19010605,XBTUSD,3793.5,13576,3794,262265,3793.75,3794
9925652,2019-01-06T05:00:22.295Z,19010605,XBTUSD,3793.5,13576,3794,527095,3793.75,3794
9925662,2019-01-06T05:00:22.324Z,19010605,XBTUSD,3793.5,8576,3794,576324,3793.75,3794
9925672,2019-01-06T05:00:22.367Z,19010605,XBTUSD,3793.5,8576,3794,616246,3793.75,3794
9925677,2019-01-06T05:00:22.415Z,19010605,XBTUSD,3793.5,8576,3794,644848,3793.75,3794
9925687,2019-01-06T05:00:22.469Z,19010605,XBTUSD,3793.5,9485,3794,763600,3793.75,3794
9925698,2019-01-06T05:00:22.646Z,19010605,XBTUSD,3793.5,9485,3794,722180,3793.75,3794
9925709,2019-01-06T05:00:22.963Z,19010605,XBTUSD,3793.5,9537,3794,770587,3793.75,3794
9925742,2019-01-06T05:00:23.683Z,19010605,XBTUSD,3793.5,22039,3794,747808,3793.75,3794
9925753,2019-01-06T05:00:24.004Z,19010605,XBTUSD,3793.5,19540,3794,723984,3793.75,3794
9925771,2019-01-06T05:00:24.805Z,19010605,XBTUSD,3793.5,19576,3794,724560,3793.75,3794
9925791,2019-01-06T05:00:25.748Z,19010605,XBTUSD,3793.5,15567,3794,759301,3793.75,3794
9925802,2019-01-06T05:00:26.254Z,19010605,XBTUSD,3793.5,16284,3794,772642,3793.75,3794
9925839,2019-01-06T05:00:28.211Z,19010605,XBTUSD,3793.5,14922,3794,767638,3793.75,3794
9925849,2019-01-06T05:00:28.879Z,19010605,XBTUSD,3792.5,19171,3794,760166,3793.25,3794
9925862,2019-01-06T05:00:28.942Z,19010605,XBTUSD,3792.5,19171,3793,11889,3792.75,3793
9925228,2019-01-06T05:00:04.192Z,19010605,XBTUSD,3794,198944,3794.5,821228,3794.25,3794.5
9925245,2019-01-06T05:00:04.314Z,19010605,XBTUSD,3794,98944,3794.5,814943,3794.25,3794.5
9925253,2019-01-06T05:00:04.637Z,19010605,XBTUSD,3794,78744,3794.5,783328,3794.25,3794.5
9925281,2019-01-06T05:00:05.252Z,19010605,XBTUSD,3794,99367,3794.5,801378,3794.25,3794.5
9925291,2019-01-06T05:00:05.608Z,19010605,XBTUSD,3794,102127,3794.5,821531,3794.25,3794.5
9925316,2019-01-06T05:00:07.130Z,19010605,XBTUSD,3794,102781,3794.5,798870,3794.25,3794.5
9925319,2019-01-06T05:00:07.193Z,19010605,XBTUSD,3794,102612,3794.5,794856,3794.25,3794.5
9925361,2019-01-06T05:00:10.992Z,19010605,XBTUSD,3794,102738,3794.5,804032,3794.25,3794.5
9925368,2019-01-06T05:00:11.133Z,19010605,XBTUSD,3794,100746,3794.5,814032,3794.25,3794.5
9925399,2019-01-06T05:00:12.249Z,19010605,XBTUSD,3794,81358,3794.5,828782,3794.25,3794.5
9925408,2019-01-06T05:00:12.888Z,19010605,XBTUSD,3794,71349,3794.5,820772,3794.25,3794.5
9925428,2019-01-06T05:00:13.579Z,19010605,XBTUSD,3794,67906,3794.5,832764,3794.25,3794.5
9925452,2019-01-06T05:00:14.484Z,19010605,XBTUSD,3794,57908,3794.5,818878,3794.25,3794.5
9925472,2019-01-06T05:00:15.739Z,19010605,XBTUSD,3794,51122,3794.5,841746,3794.25,3794.5
9925487,2019-01-06T05:00:16.693Z,19010605,XBTUSD,3794,51125,3794.5,863573,3794.25,3794.5
9925505,2019-01-06T05:00:17.120Z,19010605,XBTUSD,3794,77715,3794.5,873492,3794.25,3794.5
9925512,2019-01-06T05:00:17.653Z,19010605,XBTUSD,3794,74227,3794.5,862944,3794.25,3794.5
9925531,2019-01-06T05:00:18.258Z,19010605,XBTUSD,3794,59228,3794.5,875439,3794.25,3794.5
9925537,2019-01-06T05:00:18.821Z,19010605,XBTUSD,3794,25719,3794.5,889571,3794.25,3794.5
9925557,2019-01-06T05:00:19.228Z,19010605,XBTUSD,3794,25748,3794.5,885441,3794.25,3794.5
9925593,2019-01-06T05:00:20.152Z,19010605,XBTUSD,3794,30664,3794.5,871441,3794.25,3794.5
9925616,2019-01-06T05:00:21.652Z,19010605,XBTUSD,3794,9907,3794.5,871040,3794.25,3794.5
9925620,2019-01-06T05:00:21.686Z,19010605,XBTUSD,3794,10307,3794.5,871040,3794.25,3794.5
9925630,2019-01-06T05:00:22.198Z,19010605,XBTUSD,3793.5,13577,3794,128942,3793.75,3794
9925640,2019-01-06T05:00:22.248Z,19010605,XBTUSD,3793.5,13576,3794,262150,3793.75,3794
9925643,2019-01-06T05:00:22.266Z,19010605,XBTUSD,3793.5,13576,3794,376265,3793.75,3794
9925658,2019-01-06T05:00:22.313Z,19010605,XBTUSD,3793.5,8576,3794,535704,3793.75,3794
9925668,2019-01-06T05:00:22.351Z,19010605,XBTUSD,3793.5,8576,3794,618599,3793.75,3794
9925674,2019-01-06T05:00:22.397Z,19010605,XBTUSD,3793.5,8576,3794,639846,3793.75,3794
9925684,2019-01-06T05:00:22.454Z,19010605,XBTUSD,3793.5,9485,3794,746750,3793.75,3794
9925692,2019-01-06T05:00:22.516Z,19010605,XBTUSD,3793.5,9485,3794,796757,3793.75,3794
9925702,2019-01-06T05:00:22.670Z,19010605,XBTUSD,3793.5,9485,3794,734305,3793.75,3794
9925713,2019-01-06T05:00:23.049Z,19010605,XBTUSD,3793.5,7037,3794,709803,3793.75,3794
9925736,2019-01-06T05:00:23.483Z,19010605,XBTUSD,3793.5,22038,3794,737680,3793.75,3794
9925748,2019-01-06T05:00:23.887Z,19010605,XBTUSD,3793.5,22039,3794,752788,3793.75,3794
9925768,2019-01-06T05:00:24.529Z,19010605,XBTUSD,3793.5,19542,3794,724514,3793.75,3794
9925795,2019-01-06T05:00:26.039Z,19010605,XBTUSD,3793.5,15792,3794,772584,3793.75,3794
9925803,2019-01-06T05:00:26.375Z,19010605,XBTUSD,3793.5,16284,3794,762642,3793.75,3794
9925811,2019-01-06T05:00:26.805Z,19010605,XBTUSD,3793.5,16218,3794,748642,3793.75,3794
9925825,2019-01-06T05:00:27.212Z,19010605,XBTUSD,3793.5,15819,3794,754840,3793.75,3794
9925831,2019-01-06T05:00:27.891Z,19010605,XBTUSD,3793.5,14921,3794,760638,3793.75,3794
9925845,2019-01-06T05:00:28.337Z,19010605,XBTUSD,3793.5,14922,3794,757686,3793.75,3794
9925248,2019-01-06T05:00:04.412Z,19010605,XBTUSD,3794,98744,3794.5,786929,3794.25,3794.5
9925257,2019-01-06T05:00:05.029Z,19010605,XBTUSD,3794,78796,3794.5,780378,3794.25,3794.5
9925284,2019-01-06T05:00:05.278Z,19010605,XBTUSD,3794,99857,3794.5,821378,3794.25,3794.5
9925297,2019-01-06T05:00:05.923Z,19010605,XBTUSD,3794,102379,3794.5,824597,3794.25,3794.5
9925313,2019-01-06T05:00:07.074Z,19010605,XBTUSD,3794,102570,3794.5,794856,3794.25,3794.5
9925344,2019-01-06T05:00:09.137Z,19010605,XBTUSD,3794,102633,3794.5,791937,3794.25,3794.5
9925364,2019-01-06T05:00:11.030Z,19010605,XBTUSD,3794,100746,3794.5,814032,3794.25,3794.5
9925370,2019-01-06T05:00:11.251Z,19010605,XBTUSD,3794,90746,3794.5,824032,3794.25,3794.5
9925393,2019-01-06T05:00:11.774Z,19010605,XBTUSD,3794,91557,3794.5,829171,3794.25,3794.5
9925411,2019-01-06T05:00:13.043Z,19010605,XBTUSD,3794,67969,3794.5,831572,3794.25,3794.5
9925424,2019-01-06T05:00:13.178Z,19010605,XBTUSD,3794,67971,3794.5,831572,3794.25,3794.5
9925431,2019-01-06T05:00:13.921Z,19010605,XBTUSD,3794,57906,3794.5,820904,3794.25,3794.5
9925454,2019-01-06T05:00:14.999Z,19010605,XBTUSD,3794,57908,3794.5,821406,3794.25,3794.5
9925471,2019-01-06T05:00:15.732Z,19010605,XBTUSD,3794,51121,3794.5,841746,3794.25,3794.5
9925481,2019-01-06T05:00:16.241Z,19010605,XBTUSD,3794,51124,3794.5,847573,3794.25,3794.5
9925491,2019-01-06T05:00:16.877Z,19010605,XBTUSD,3794,42726,3794.5,863573,3794.25,3794.5
9925515,2019-01-06T05:00:18.069Z,19010605,XBTUSD,3794,59227,3794.5,874913,3794.25,3794.5
9925561,2019-01-06T05:00:19.354Z,19010605,XBTUSD,3794,26127,3794.5,877505,3794.25,3794.5
9925591,2019-01-06T05:00:20.110Z,19010605,XBTUSD,3794,16664,3794.5,871441,3794.25,3794.5
9925624,2019-01-06T05:00:22.179Z,19010605,XBTUSD,3793.5,13577,3794,2343,3793.75,3794
9925636,2019-01-06T05:00:22.222Z,19010605,XBTUSD,3793.5,13576,3794,253838,3793.75,3794
9925648,2019-01-06T05:00:22.283Z,19010605,XBTUSD,3793.5,13576,3794,507945,3793.75,3794
9925655,2019-01-06T05:00:22.305Z,19010605,XBTUSD,3793.5,8576,3794,535295,3793.75,3794
9925665,2019-01-06T05:00:22.339Z,19010605,XBTUSD,3793.5,8576,3794,597399,3793.75,3794
9925682,2019-01-06T05:00:22.443Z,19010605,XBTUSD,3793.5,8727,3794,744950,3793.75,3794
9925693,2019-01-06T05:00:22.517Z,19010605,XBTUSD,3793.5,9485,3794,686706,3793.75,3794
9925704,2019-01-06T05:00:22.713Z,19010605,XBTUSD,3793.5,9485,3794,754305,3793.75,3794
9925712,2019-01-06T05:00:23.032Z,19010605,XBTUSD,3793.5,7037,3794,704803,3793.75,3794
9925740,2019-01-06T05:00:23.662Z,19010605,XBTUSD,3793.5,22039,3794,747808,3793.75,3794
9925752,2019-01-06T05:00:23.980Z,19010605,XBTUSD,3793.5,19539,3794,723984,3793.75,3794
9925773,2019-01-06T05:00:24.829Z,19010605,XBTUSD,3793.5,19576,3794,732560,3793.75,3794
9925794,2019-01-06T05:00:26.011Z,19010605,XBTUSD,3793.5,15792,3794,749329,3793.75,3794
9925808,2019-01-06T05:00:26.719Z,19010605,XBTUSD,3793.5,15980,3794,748690,3793.75,3794
9925813,2019-01-06T05:00:26.876Z,19010605,XBTUSD,3793.5,16418,3794,754840,3793.75,3794
9925828,2019-01-06T05:00:27.374Z,19010605,XBTUSD,3793.5,14919,3794,763118,3793.75,3794
9925843,2019-01-06T05:00:28.312Z,19010605,XBTUSD,3793.5,14922,3794,757686,3793.75,3794
9925855,2019-01-06T05:00:28.915Z,19010605,XBTUSD,3792.5,19171,3793,7294,3792.75,3793
9925865,2019-01-06T05:00:28.957Z,19010605,XBTUSD,3792.5,19171,3793,16904,3792.75,3793
9925872,2019-01-06T05:00:29.009Z,19010605,XBTUSD,3792.5,19171,3793,48180,3792.75,3793
9925887,2019-01-06T05:00:29.091Z,19010605,XBTUSD,3792.5,19170,3793,175941,3792.75,3793
9925895,2019-01-06T05:00:29.144Z,19010605,XBTUSD,3792.5,21173,3793,201793,3792.75,3793
9925910,2019-01-06T05:00:29.289Z,19010605,XBTUSD,3792.5,21173,3793,235250,3792.75,3793
9925918,2019-01-06T05:00:29.345Z,19010605,XBTUSD,3792.5,21663,3793,373699,3792.75,3793
9925932,2019-01-06T05:00:29.455Z,19010605,XBTUSD,3792.5,19687,3793,475249,3792.75,3793
9925939,2019-01-06T05:00:29.519Z,19010605,XBTUSD,3792.5,20153,3793,456424,3792.75,3793
9925950,2019-01-06T05:00:29.643Z,19010605,XBTUSD,3792.5,20153,3793,435082,3792.75,3793
9925229,2019-01-06T05:00:04.204Z,19010605,XBTUSD,3794,198944,3794.5,824728,3794.25,3794.5
9925246,2019-01-06T05:00:04.320Z,19010605,XBTUSD,3794,98944,3794.5,790943,3794.25,3794.5
9925259,2019-01-06T05:00:05.043Z,19010605,XBTUSD,3794,101415,3794.5,780378,3794.25,3794.5
9925285,2019-01-06T05:00:05.280Z,19010605,XBTUSD,3794,98857,3794.5,821378,3794.25,3794.5
9925314,2019-01-06T05:00:07.094Z,19010605,XBTUSD,3794,102581,3794.5,794856,3794.25,3794.5
9925357,2019-01-06T05:00:10.963Z,19010605,XBTUSD,3794,102727,3794.5,803962,3794.25,3794.5
9925375,2019-01-06T05:00:11.357Z,19010605,XBTUSD,3794,91756,3794.5,831237,3794.25,3794.5
9925398,2019-01-06T05:00:12.119Z,19010605,XBTUSD,3794,81358,3794.5,829171,3794.25,3794.5
9925410,2019-01-06T05:00:13.029Z,19010605,XBTUSD,3794,67969,3794.5,821572,3794.25,3794.5
9925425,2019-01-06T05:00:13.414Z,19010605,XBTUSD,3794,67971,3794.5,832812,3794.25,3794.5
9925453,2019-01-06T05:00:14.520Z,19010605,XBTUSD,3794,57908,3794.5,818926,3794.25,3794.5
9925474,2019-01-06T05:00:15.787Z,19010605,XBTUSD,3794,51122,3794.5,847614,3794.25,3794.5
9925486,2019-01-06T05:00:16.616Z,19010605,XBTUSD,3794,51124,3794.5,863573,3794.25,3794.5
9925495,2019-01-06T05:00:17.042Z,19010605,XBTUSD,3794,77726,3794.5,873492,3794.25,3794.5
9925530,2019-01-06T05:00:18.145Z,19010605,XBTUSD,3794,59228,3794.5,874439,3794.25,3794.5
9925564,2019-01-06T05:00:19.343Z,19010605,XBTUSD,3794,26127,3794.5,877507,3794.25,3794.5
9925568,2019-01-06T05:00:19.931Z,19010605,XBTUSD,3794,26619,3794.5,875441,3794.25,3794.5
9925590,2019-01-06T05:00:20.091Z,19010605,XBTUSD,3794,16631,3794.5,871441,3794.25,3794.5
9925600,2019-01-06T05:00:20.504Z,19010605,XBTUSD,3794,29906,3794.5,867245,3794.25,3794.5
9925622,2019-01-06T05:00:21.877Z,19010605,XBTUSD,3794,7807,3794.5,871240,3794.25,3794.5
9925639,2019-01-06T05:00:22.243Z,19010605,XBTUSD,3793.5,13576,3794,262050,3793.75,3794
9925650,2019-01-06T05:00:22.290Z,19010605,XBTUSD,3793.5,13576,3794,521945,3793.75,3794
9925661,2019-01-06T05:00:22.322Z,19010605,XBTUSD,3793.5,8576,3794,566324,3793.75,3794
9925669,2019-01-06T05:00:22.355Z,19010605,XBTUSD,3793.5,8576,3794,628638,3793.75,3794
9925680,2019-01-06T05:00:22.431Z,19010605,XBTUSD,3793.5,8727,3794,650380,3793.75,3794
9925689,2019-01-06T05:00:22.483Z,19010605,XBTUSD,3793.5,9485,3794,776600,3793.75,3794
9925696,2019-01-06T05:00:22.608Z,19010605,XBTUSD,3793.5,9485,3794,712086,3793.75,3794
9925711,2019-01-06T05:00:23.030Z,19010605,XBTUSD,3793.5,7037,3794,694803,3793.75,3794
9925737,2019-01-06T05:00:23.570Z,19010605,XBTUSD,3793.5,22038,3794,747680,3793.75,3794
9925749,2019-01-06T05:00:23.896Z,19010605,XBTUSD,3793.5,22039,3794,742788,3793.75,3794
9925767,2019-01-06T05:00:24.503Z,19010605,XBTUSD,3793.5,19542,3794,724475,3793.75,3794
9925793,2019-01-06T05:00:25.840Z,19010605,XBTUSD,3793.5,15567,3794,749329,3793.75,3794
9925807,2019-01-06T05:00:26.699Z,19010605,XBTUSD,3793.5,15980,3794,758690,3793.75,3794
9925824,2019-01-06T05:00:27.198Z,19010605,XBTUSD,3793.5,16319,3794,754840,3793.75,3794
9925836,2019-01-06T05:00:28.149Z,19010605,XBTUSD,3793.5,14921,3794,767638,3793.75,3794
9925846,2019-01-06T05:00:28.402Z,19010605,XBTUSD,3793.5,14922,3794,760166,3793.75,3794
9925856,2019-01-06T05:00:28.918Z,19010605,XBTUSD,3792.5,19171,3793,7444,3792.75,3793
9925859,2019-01-06T05:00:28.930Z,19010605,XBTUSD,3792.5,19171,3793,7709,3792.75,3793
9925873,2019-01-06T05:00:29.012Z,19010605,XBTUSD,3792.5,19171,3793,56180,3792.75,3793
9925890,2019-01-06T05:00:29.119Z,19010605,XBTUSD,3792.5,21175,3793,184203,3792.75,3793
9925893,2019-01-06T05:00:29.144Z,19010605,XBTUSD,3792.5,21175,3793,201793,3792.75,3793
9925909,2019-01-06T05:00:29.281Z,19010605,XBTUSD,3792.5,21173,3793,245250,3792.75,3793
9925922,2019-01-06T05:00:29.391Z,19010605,XBTUSD,3792.5,21692,3793,394526,3792.75,3793
9925926,2019-01-06T05:00:29.417Z,19010605,XBTUSD,3792.5,19687,3793,434526,3792.75,3793
9925940,2019-01-06T05:00:29.537Z,19010605,XBTUSD,3792.5,20153,3793,446424,3792.75,3793
9925947,2019-01-06T05:00:29.560Z,19010605,XBTUSD,3792.5,20153,3793,442826,3792.75,3793
9925983,2019-01-06T05:00:30.027Z,19010605,XBTUSD,3792.5,23946,3793,413775,3792.75,3793
9925987,2019-01-06T05:00:30.336Z,19010605,XBTUSD,3792.5,94046,3793,396651,3792.75,3793
9925997,2019-01-06T05:00:30.412Z,19010605,XBTUSD,3792.5,98017,3793,392276,3792.75,3793
9926007,2019-01-06T05:00:30.830Z,19010605,XBTUSD,3792.5,97139,3793,359786,3792.75,3793
9925260,2019-01-06T05:00:05.230Z,19010605,XBTUSD,3794,101415,3794.5,781378,3794.25,3794.5
9925288,2019-01-06T05:00:05.351Z,19010605,XBTUSD,3794,99126,3794.5,821406,3794.25,3794.5
9925293,2019-01-06T05:00:05.703Z,19010605,XBTUSD,3794,102157,3794.5,821531,3794.25,3794.5
9925307,2019-01-06T05:00:06.930Z,19010605,XBTUSD,3794,102379,3794.5,824856,3794.25,3794.5
9925317,2019-01-06T05:00:07.140Z,19010605,XBTUSD,3794,102782,3794.5,798870,3794.25,3794.5
9925340,2019-01-06T05:00:08.687Z,19010605,XBTUSD,3794,102613,3794.5,788937,3794.25,3794.5
9925346,2019-01-06T05:00:09.353Z,19010605,XBTUSD,3794,102633,3794.5,793962,3794.25,3794.5
9925359,2019-01-06T05:00:10.973Z,19010605,XBTUSD,3794,102738,3794.5,803957,3794.25,3794.5
9925371,2019-01-06T05:00:11.258Z,19010605,XBTUSD,3794,90746,3794.5,825032,3794.25,3794.5
9925394,2019-01-06T05:00:11.825Z,19010605,XBTUSD,3794,91558,3794.5,829171,3794.25,3794.5
9925405,2019-01-06T05:00:12.812Z,19010605,XBTUSD,3794,71349,3794.5,826764,3794.25,3794.5
9925455,2019-01-06T05:00:15.002Z,19010605,XBTUSD,3794,57908,3794.5,833802,3794.25,3794.5
9925479,2019-01-06T05:00:16.124Z,19010605,XBTUSD,3794,51124,3794.5,847573,3794.25,3794.5
9925484,2019-01-06T05:00:16.546Z,19010605,XBTUSD,3794,51124,3794.5,863573,3794.25,3794.5
9925516,2019-01-06T05:00:18.071Z,19010605,XBTUSD,3794,59227,3794.5,874833,3794.25,3794.5
9925532,2019-01-06T05:00:18.294Z,19010605,XBTUSD,3794,59229,3794.5,875439,3794.25,3794.5
9925562,2019-01-06T05:00:19.388Z,19010605,XBTUSD,3794,26127,3794.5,877507,3794.25,3794.5
9925567,2019-01-06T05:00:19.911Z,19010605,XBTUSD,3794,26129,3794.5,875441,3794.25,3794.5
9925597,2019-01-06T05:00:20.301Z,19010605,XBTUSD,3794,30674,3794.5,867245,3794.25,3794.5
9925615,2019-01-06T05:00:21.628Z,19010605,XBTUSD,3794,19907,3794.5,871040,3794.25,3794.5
9925621,2019-01-06T05:00:21.723Z,19010605,XBTUSD,3794,7807,3794.5,871040,3794.25,3794.5
9925634,2019-01-06T05:00:22.218Z,19010605,XBTUSD,3793.5,13576,3794,249068,3793.75,3794
9925644,2019-01-06T05:00:22.268Z,19010605,XBTUSD,3793.5,13576,3794,490265,3793.75,3794
9925660,2019-01-06T05:00:22.321Z,19010605,XBTUSD,3793.5,8576,3794,556324,3793.75,3794
9925667,2019-01-06T05:00:22.342Z,19010605,XBTUSD,3793.5,8576,3794,612399,3793.75,3794
9925676,2019-01-06T05:00:22.413Z,19010605,XBTUSD,3793.5,8576,3794,643848,3793.75,3794
9925691,2019-01-06T05:00:22.494Z,19010605,XBTUSD,3793.5,9485,3794,796600,3793.75,3794
9925699,2019-01-06T05:00:22.652Z,19010605,XBTUSD,3793.5,9485,3794,722274,3793.75,3794
9925705,2019-01-06T05:00:22.742Z,19010605,XBTUSD,3793.5,9485,3794,760539,3793.75,3794
9925715,2019-01-06T05:00:23.049Z,19010605,XBTUSD,3793.5,7037,3794,738559,3793.75,3794
9925741,2019-01-06T05:00:23.669Z,19010605,XBTUSD,3793.5,22039,3794,757808,3793.75,3794
9925746,2019-01-06T05:00:23.817Z,19010605,XBTUSD,3793.5,22039,3794,750808,3793.75,3794
9925772,2019-01-06T05:00:24.822Z,19010605,XBTUSD,3793.5,19576,3794,734560,3793.75,3794
9925784,2019-01-06T05:00:25.660Z,19010605,XBTUSD,3793.5,16306,3794,751037,3793.75,3794
9925796,2019-01-06T05:00:26.040Z,19010605,XBTUSD,3793.5,15792,3794,772708,3793.75,3794
9925801,2019-01-06T05:00:26.142Z,19010605,XBTUSD,3793.5,16284,3794,774708,3793.75,3794
9925812,2019-01-06T05:00:26.810Z,19010605,XBTUSD,3793.5,16218,3794,754840,3793.75,3794
9925829,2019-01-06T05:00:27.559Z,19010605,XBTUSD,3793.5,14920,3794,763118,3793.75,3794
9925832,2019-01-06T05:00:27.927Z,19010605,XBTUSD,3793.5,14921,3794,757638,3793.75,3794
9925838,2019-01-06T05:00:28.179Z,19010605,XBTUSD,3793.5,14922,3794,757638,3793.75,3794
9925853,2019-01-06T05:00:28.907Z,19010605,XBTUSD,3792.5,19171,3793,10,3792.75,3793
9925866,2019-01-06T05:00:28.959Z,19010605,XBTUSD,3792.5,19171,3793,17004,3792.75,3793
9925870,2019-01-06T05:00:28.998Z,19010605,XBTUSD,3792.5,19171,3793,38180,3792.75,3793
9925885,2019-01-06T05:00:29.086Z,19010605,XBTUSD,3792.5,19170,3793,145941,3792.75,3793
9925899,2019-01-06T05:00:29.221Z,19010605,XBTUSD,3792.5,21173,3793,204803,3792.75,3793
9925908,2019-01-06T05:00:29.275Z,19010605,XBTUSD,3792.5,21173,3793,238410,3792.75,3793
9925914,2019-01-06T05:00:29.345Z,19010605,XBTUSD,3792.5,21663,3793,353187,3792.75,3793
9925924,2019-01-06T05:00:29.412Z,19010605,XBTUSD,3792.5,19687,3793,404526,3792.75,3793
9925934,2019-01-06T05:00:29.479Z,19010605,XBTUSD,3792.5,19916,3793,475249,3792.75,3793
9925944,2019-01-06T05:00:29.543Z,19010605,XBTUSD,3792.5,20153,3793,449940,3792.75,3793
9925954,2019-01-06T05:00:29.714Z,19010605,XBTUSD,3792.5,23946,3793,435223,3792.75,3793
9925978,2019-01-06T05:00:29.900Z,19010605,XBTUSD,3792.5,23826,3793,450780,3792.75,3793
9925995,2019-01-06T05:00:30.399Z,19010605,XBTUSD,3792.5,96080,3793,392276,3792.75,3793
9925999,2019-01-06T05:00:30.593Z,19010605,XBTUSD,3792.5,98017,3793,382788,3792.75,3793
9926011,2019-01-06T05:00:30.941Z,19010605,XBTUSD,3792.5,100100,3793,359827,3792.75,3793
9925362,2019-01-06T05:00:10.999Z,19010605,XBTUSD,3794,102738,3794.5,814032,3794.25,3794.5
9925374,2019-01-06T05:00:11.321Z,19010605,XBTUSD,3794,91746,3794.5,831237,3794.25,3794.5
9925401,2019-01-06T05:00:12.311Z,19010605,XBTUSD,3794,81338,3794.5,826716,3794.25,3794.5
9925403,2019-01-06T05:00:12.463Z,19010605,XBTUSD,3794,81339,3794.5,826764,3794.25,3794.5
9925426,2019-01-06T05:00:13.449Z,19010605,XBTUSD,3794,67891,3794.5,832812,3794.25,3794.5
9925450,2019-01-06T05:00:14.245Z,19010605,XBTUSD,3794,57907,3794.5,818838,3794.25,3794.5
9925473,2019-01-06T05:00:15.749Z,19010605,XBTUSD,3794,51122,3794.5,837614,3794.25,3794.5
9925485,2019-01-06T05:00:16.586Z,19010605,XBTUSD,3794,51124,3794.5,861507,3794.25,3794.5
9925493,2019-01-06T05:00:17.010Z,19010605,XBTUSD,3794,42726,3794.5,873481,3794.25,3794.5
9925511,2019-01-06T05:00:17.615Z,19010605,XBTUSD,3794,74226,3794.5,862944,3794.25,3794.5
9925560,2019-01-06T05:00:19.336Z,19010605,XBTUSD,3794,25938,3794.5,887507,3794.25,3794.5
9925569,2019-01-06T05:00:20.010Z,19010605,XBTUSD,3794,26620,3794.5,875441,3794.25,3794.5
9925598,2019-01-06T05:00:20.306Z,19010605,XBTUSD,3794,29915,3794.5,867245,3794.25,3794.5
9925601,2019-01-06T05:00:20.608Z,19010605,XBTUSD,3794,29907,3794.5,867245,3794.25,3794.5
9925626,2019-01-06T05:00:22.186Z,19010605,XBTUSD,3793.5,13577,3794,122482,3793.75,3794
9925637,2019-01-06T05:00:22.228Z,19010605,XBTUSD,3793.5,13576,3794,253928,3793.75,3794
9925645,2019-01-06T05:00:22.272Z,19010605,XBTUSD,3793.5,13576,3794,502765,3793.75,3794
9925654,2019-01-06T05:00:22.302Z,19010605,XBTUSD,3793.5,8576,3794,535095,3793.75,3794
9925671,2019-01-06T05:00:22.365Z,19010605,XBTUSD,3793.5,8576,3794,616156,3793.75,3794
9925681,2019-01-06T05:00:22.434Z,19010605,XBTUSD,3793.5,8727,3794,669166,3793.75,3794
9925686,2019-01-06T05:00:22.465Z,19010605,XBTUSD,3793.5,9485,3794,753600,3793.75,3794
9925701,2019-01-06T05:00:22.655Z,19010605,XBTUSD,3793.5,9485,3794,724305,3793.75,3794
9925708,2019-01-06T05:00:22.959Z,19010605,XBTUSD,3793.5,9505,3794,770587,3793.75,3794
9925738,2019-01-06T05:00:23.589Z,19010605,XBTUSD,3793.5,22039,3794,747680,3793.75,3794
9925750,2019-01-06T05:00:23.919Z,19010605,XBTUSD,3793.5,22039,3794,724032,3793.75,3794
9925770,2019-01-06T05:00:24.760Z,19010605,XBTUSD,3793.5,19575,3794,724560,3793.75,3794
9925792,2019-01-06T05:00:25.812Z,19010605,XBTUSD,3793.5,15567,3794,749301,3793.75,3794
9925804,2019-01-06T05:00:26.383Z,19010605,XBTUSD,3793.5,16284,3794,763642,3793.75,3794
9925826,2019-01-06T05:00:27.253Z,19010605,XBTUSD,3793.5,15819,3794,754850,3793.75,3794
9925844,2019-01-06T05:00:28.322Z,19010605,XBTUSD,3793.5,14922,3794,767686,3793.75,3794
9925847,2019-01-06T05:00:28.668Z,19010605,XBTUSD,3793.5,14923,3794,760166,3793.75,3794
9925857,2019-01-06T05:00:28.921Z,19010605,XBTUSD,3792.5,19171,3793,7544,3792.75,3793
9925867,2019-01-06T05:00:28.975Z,19010605,XBTUSD,3792.5,19171,3793,18004,3792.75,3793
9925876,2019-01-06T05:00:29.036Z,19010605,XBTUSD,3792.5,19171,3793,81985,3792.75,3793
9925881,2019-01-06T05:00:29.053Z,19010605,XBTUSD,3792.5,19170,3793,106985,3792.75,3793
9925891,2019-01-06T05:00:29.125Z,19010605,XBTUSD,3792.5,21175,3793,196703,3792.75,3793
9925901,2019-01-06T05:00:29.245Z,19010605,XBTUSD,3792.5,21173,3793,216146,3792.75,3793
9925905,2019-01-06T05:00:29.263Z,19010605,XBTUSD,3792.5,21173,3793,228368,3792.75,3793
9925920,2019-01-06T05:00:29.372Z,19010605,XBTUSD,3792.5,21692,3793,373701,3792.75,3793
9925931,2019-01-06T05:00:29.455Z,19010605,XBTUSD,3792.5,19687,3793,472838,3792.75,3793
9925943,2019-01-06T05:00:29.543Z,19010605,XBTUSD,3792.5,20153,3793,449015,3792.75,3793
9925951,2019-01-06T05:00:29.661Z,19010605,XBTUSD,3792.5,20153,3793,435099,3792.75,3793
9925982,2019-01-06T05:00:30.021Z,19010605,XBTUSD,3792.5,23946,3793,424596,3792.75,3793
9925990,2019-01-06T05:00:30.363Z,19010605,XBTUSD,3792.5,94046,3793,393366,3792.75,3793
9926005,2019-01-06T05:00:30.669Z,19010605,XBTUSD,3792.5,96139,3793,369786,3792.75,3793
9926009,2019-01-06T05:00:30.837Z,19010605,XBTUSD,3792.5,100139,3793,359786,3792.75,3793
9926035,2019-01-06T05:00:31.663Z,19010605,XBTUSD,3792.5,132537,3793,359829,3792.75,3793
9926038,2019-01-06T05:00:31.822Z,19010605,XBTUSD,3792.5,156978,3793,359829,3792.75,3793
9926048,2019-01-06T05:00:32.081Z,19010605,XBTUSD,3792.5,154975,3793,236117,3792.75,3793
9926059,2019-01-06T05:00:32.305Z,19010605,XBTUSD,3792.5,206980,3793,211181,3792.75,3793
9926066,2019-01-06T05:00:32.532Z,19010605,XBTUSD,3792.5,148036,3793,199181,3792.75,3793
9926092,2019-01-06T05:00:33.709Z,19010605,XBTUSD,3792.5,136154,3793,181181,3792.75,3793
9926107,2019-01-06T05:00:34.101Z,19010605,XBTUSD,3792.5,135883,3793,178810,3792.75,3793
9926141,2019-01-06T05:00:35.433Z,19010605,XBTUSD,3792.5,112752,3793,190099,3792.75,3793
9926158,2019-01-06T05:00:36.598Z,19010605,XBTUSD,3792.5,102725,3793,192997,3792.75,3793
9925363,2019-01-06T05:00:11.017Z,19010605,XBTUSD,3794,100841,3794.5,814032,3794.25,3794.5
9925372,2019-01-06T05:00:11.269Z,19010605,XBTUSD,3794,90746,3794.5,835032,3794.25,3794.5
9925395,2019-01-06T05:00:11.857Z,19010605,XBTUSD,3794,91331,3794.5,829171,3794.25,3794.5
9925407,2019-01-06T05:00:12.886Z,19010605,XBTUSD,3794,71349,3794.5,822632,3794.25,3794.5
9925423,2019-01-06T05:00:13.155Z,19010605,XBTUSD,3794,67971,3794.5,821572,3794.25,3794.5
9925451,2019-01-06T05:00:14.276Z,19010605,XBTUSD,3794,57908,3794.5,818838,3794.25,3794.5
9925465,2019-01-06T05:00:15.685Z,19010605,XBTUSD,3794,57840,3794.5,831736,3794.25,3794.5
9925477,2019-01-06T05:00:16.093Z,19010605,XBTUSD,3794,51124,3794.5,847573,3794.25,3794.5
9925482,2019-01-06T05:00:16.315Z,19010605,XBTUSD,3794,51124,3794.5,857573,3794.25,3794.5
9925510,2019-01-06T05:00:17.558Z,19010605,XBTUSD,3794,74226,3794.5,864744,3794.25,3794.5
9925534,2019-01-06T05:00:18.607Z,19010605,XBTUSD,3794,25719,3794.5,875439,3794.25,3794.5
9925556,2019-01-06T05:00:19.196Z,19010605,XBTUSD,3794,25748,3794.5,889573,3794.25,3794.5
9925566,2019-01-06T05:00:19.865Z,19010605,XBTUSD,3794,26128,3794.5,875441,3794.25,3794.5
9925594,2019-01-06T05:00:20.190Z,19010605,XBTUSD,3794,30664,3794.5,871452,3794.25,3794.5
9925628,2019-01-06T05:00:22.193Z,19010605,XBTUSD,3793.5,13577,3794,128837,3793.75,3794
9925631,2019-01-06T05:00:22.202Z,19010605,XBTUSD,3793.5,13576,3794,128942,3793.75,3794
9925641,2019-01-06T05:00:22.255Z,19010605,XBTUSD,3793.5,13576,3794,262250,3793.75,3794
9925651,2019-01-06T05:00:22.291Z,19010605,XBTUSD,3793.5,13576,3794,522095,3793.75,3794
9925653,2019-01-06T05:00:22.298Z,19010605,XBTUSD,3793.5,13576,3794,535095,3793.75,3794
9925670,2019-01-06T05:00:22.357Z,19010605,XBTUSD,3793.5,8576,3794,606156,3793.75,3794
9925679,2019-01-06T05:00:22.419Z,19010605,XBTUSD,3793.5,8576,3794,650380,3793.75,3794
9925688,2019-01-06T05:00:22.480Z,19010605,XBTUSD,3793.5,9485,3794,766600,3793.75,3794
9925700,2019-01-06T05:00:22.654Z,19010605,XBTUSD,3793.5,9485,3794,722305,3793.75,3794
9925707,2019-01-06T05:00:22.930Z,19010605,XBTUSD,3793.5,9485,3794,770587,3793.75,3794
9925716,2019-01-06T05:00:23.060Z,19010605,XBTUSD,3793.5,7037,3794,743559,3793.75,3794
9925734,2019-01-06T05:00:23.428Z,19010605,XBTUSD,3793.5,22037,3794,737669,3793.75,3794
9925744,2019-01-06T05:00:23.702Z,19010605,XBTUSD,3793.5,22039,3794,758808,3793.75,3794
9925764,2019-01-06T05:00:24.079Z,19010605,XBTUSD,3793.5,19540,3794,724355,3793.75,3794
9925774,2019-01-06T05:00:24.847Z,19010605,XBTUSD,3793.5,19576,3794,722560,3793.75,3794
9925780,2019-01-06T05:00:25.580Z,19010605,XBTUSD,3793.5,19556,3794,722600,3793.75,3794
9925790,2019-01-06T05:00:25.711Z,19010605,XBTUSD,3793.5,16306,3794,759301,3793.75,3794
9925806,2019-01-06T05:00:26.646Z,19010605,XBTUSD,3793.5,16284,3794,758690,3793.75,3794
9925827,2019-01-06T05:00:27.334Z,19010605,XBTUSD,3793.5,15819,3794,763118,3793.75,3794
9925837,2019-01-06T05:00:28.167Z,19010605,XBTUSD,3793.5,14922,3794,767638,3793.75,3794
9925848,2019-01-06T05:00:28.823Z,19010605,XBTUSD,3793.5,14924,3794,760166,3793.75,3794
9925863,2019-01-06T05:00:28.947Z,19010605,XBTUSD,3792.5,19171,3793,12889,3792.75,3793
9925869,2019-01-06T05:00:28.994Z,19010605,XBTUSD,3792.5,19171,3793,28180,3792.75,3793
9925879,2019-01-06T05:00:29.053Z,19010605,XBTUSD,3792.5,19171,3793,106985,3792.75,3793
9925884,2019-01-06T05:00:29.083Z,19010605,XBTUSD,3792.5,19170,3793,145741,3792.75,3793
9925892,2019-01-06T05:00:29.140Z,19010605,XBTUSD,3792.5,21175,3793,196793,3792.75,3793
9925902,2019-01-06T05:00:29.245Z,19010605,XBTUSD,3792.5,21173,3793,218472,3792.75,3793
9925912,2019-01-06T05:00:29.304Z,19010605,XBTUSD,3792.5,21663,3793,245740,3792.75,3793
9925921,2019-01-06T05:00:29.374Z,19010605,XBTUSD,3792.5,21692,3793,375701,3792.75,3793
9925933,2019-01-06T05:00:29.474Z,19010605,XBTUSD,3792.5,19727,3793,475249,3792.75,3793
9925937,2019-01-06T05:00:29.498Z,19010605,XBTUSD,3792.5,20153,3793,456424,3792.75,3793
9925948,2019-01-06T05:00:29.561Z,19010605,XBTUSD,3792.5,20153,3793,432826,3792.75,3793
9925957,2019-01-06T05:00:29.794Z,19010605,XBTUSD,3792.5,23846,3793,435966,3792.75,3793
9925985,2019-01-06T05:00:30.315Z,19010605,XBTUSD,3792.5,23946,3793,396280,3792.75,3793
9925993,2019-01-06T05:00:30.391Z,19010605,XBTUSD,3792.5,94047,3793,392243,3792.75,3793
9926003,2019-01-06T05:00:30.632Z,19010605,XBTUSD,3792.5,96018,3793,374786,3792.75,3793
9926034,2019-01-06T05:00:31.588Z,19010605,XBTUSD,3792.5,132547,3793,359829,3792.75,3793
9926041,2019-01-06T05:00:31.908Z,19010605,XBTUSD,3792.5,154974,3793,360029,3792.75,3793
9926060,2019-01-06T05:00:32.310Z,19010605,XBTUSD,3792.5,206980,3793,209181,3792.75,3793
9926068,2019-01-06T05:00:32.551Z,19010605,XBTUSD,3792.5,144876,3793,209181,3792.75,3793
9926090,2019-01-06T05:00:33.703Z,19010605,XBTUSD,3792.5,136143,3793,181181,3792.75,3793
9926096,2019-01-06T05:00:33.834Z,19010605,XBTUSD,3792.5,136254,3793,179181,3792.75,3793
9926106,2019-01-06T05:00:34.096Z,19010605,XBTUSD,3792.5,135883,3793,180810,3792.75,3793
9926116,2019-01-06T05:00:34.305Z,19010605,XBTUSD,3792.5,96740,3793,197650,3792.75,3793
9926134,2019-01-06T05:00:35.098Z,19010605,XBTUSD,3792.5,110746,3793,197650,3792.75,3793
9925392,2019-01-06T05:00:11.730Z,19010605,XBTUSD,3794,91557,3794.5,831237,3794.25,3794.5
9925402,2019-01-06T05:00:12.342Z,19010605,XBTUSD,3794,81339,3794.5,826716,3794.25,3794.5
9925412,2019-01-06T05:00:13.056Z,19010605,XBTUSD,3794,67970,3794.5,831572,3794.25,3794.5
9925427,2019-01-06T05:00:13.528Z,19010605,XBTUSD,3794,67891,3794.5,832764,3794.25,3794.5
9925456,2019-01-06T05:00:15.016Z,19010605,XBTUSD,3794,57908,3794.5,831736,3794.25,3794.5
9925468,2019-01-06T05:00:15.696Z,19010605,XBTUSD,3794,57820,3794.5,841746,3794.25,3794.5
9925470,2019-01-06T05:00:15.729Z,19010605,XBTUSD,3794,57821,3794.5,841746,3794.25,3794.5
9925480,2019-01-06T05:00:16.223Z,19010605,XBTUSD,3794,51124,3794.5,857573,3794.25,3794.5
9925490,2019-01-06T05:00:16.733Z,19010605,XBTUSD,3794,42526,3794.5,863573,3794.25,3794.5
9925492,2019-01-06T05:00:16.940Z,19010605,XBTUSD,3794,42726,3794.5,863481,3794.25,3794.5
9925507,2019-01-06T05:00:17.138Z,19010605,XBTUSD,3794,74215,3794.5,870386,3794.25,3794.5
9925514,2019-01-06T05:00:17.862Z,19010605,XBTUSD,3794,59227,3794.5,862944,3794.25,3794.5
9925533,2019-01-06T05:00:18.532Z,19010605,XBTUSD,3794,25729,3794.5,875439,3794.25,3794.5
9925563,2019-01-06T05:00:19.342Z,19010605,XBTUSD,3794,25938,3794.5,877507,3794.25,3794.5
9925570,2019-01-06T05:00:20.026Z,19010605,XBTUSD,3794,16620,3794.5,875441,3794.25,3794.5
9925596,2019-01-06T05:00:20.298Z,19010605,XBTUSD,3794,30674,3794.5,869386,3794.25,3794.5
9925629,2019-01-06T05:00:22.195Z,19010605,XBTUSD,3793.5,13577,3794,128927,3793.75,3794
9925638,2019-01-06T05:00:22.239Z,19010605,XBTUSD,3793.5,13576,3794,253938,3793.75,3794
9925649,2019-01-06T05:00:22.287Z,19010605,XBTUSD,3793.5,13576,3794,517945,3793.75,3794
9925657,2019-01-06T05:00:22.310Z,19010605,XBTUSD,3793.5,8576,3794,535595,3793.75,3794
9925664,2019-01-06T05:00:22.337Z,19010605,XBTUSD,3793.5,8576,3794,596399,3793.75,3794
9925678,2019-01-06T05:00:22.417Z,19010605,XBTUSD,3793.5,8576,3794,650248,3793.75,3794
9925685,2019-01-06T05:00:22.463Z,19010605,XBTUSD,3793.5,9485,3794,746760,3793.75,3794
9925697,2019-01-06T05:00:22.625Z,19010605,XBTUSD,3793.5,9485,3794,722086,3793.75,3794
9925706,2019-01-06T05:00:22.766Z,19010605,XBTUSD,3793.5,9485,3794,770539,3793.75,3794
9925733,2019-01-06T05:00:23.264Z,19010605,XBTUSD,3793.5,22037,3794,747669,3793.75,3794
9925735,2019-01-06T05:00:23.435Z,19010605,XBTUSD,3793.5,22038,3794,737669,3793.75,3794
9925745,2019-01-06T05:00:23.813Z,19010605,XBTUSD,3793.5,22039,3794,760808,3793.75,3794
9925765,2019-01-06T05:00:24.109Z,19010605,XBTUSD,3793.5,19541,3794,724355,3793.75,3794
9925783,2019-01-06T05:00:25.640Z,19010605,XBTUSD,3793.5,17056,3794,751037,3793.75,3794
9925797,2019-01-06T05:00:26.081Z,19010605,XBTUSD,3793.5,15793,3794,772708,3793.75,3794
9925800,2019-01-06T05:00:26.113Z,19010605,XBTUSD,3793.5,16284,3794,782708,3793.75,3794
9925810,2019-01-06T05:00:26.736Z,19010605,XBTUSD,3793.5,16217,3794,748642,3793.75,3794
9925830,2019-01-06T05:00:27.862Z,19010605,XBTUSD,3793.5,14921,3794,763118,3793.75,3794
9925840,2019-01-06T05:00:28.239Z,19010605,XBTUSD,3793.5,14922,3794,757638,3793.75,3794
9925852,2019-01-06T05:00:28.903Z,19010605,XBTUSD,3792.5,19171,3793.5,2000,3793,3793.5
9925861,2019-01-06T05:00:28.939Z,19010605,XBTUSD,3792.5,19171,3793,7889,3792.75,3793
9925871,2019-01-06T05:00:29.001Z,19010605,XBTUSD,3792.5,19171,3793,43180,3792.75,3793
9925886,2019-01-06T05:00:29.087Z,19010605,XBTUSD,3792.5,19170,3793,155941,3792.75,3793
9925894,2019-01-06T05:00:29.144Z,19010605,XBTUSD,3792.5,21174,3793,201793,3792.75,3793
9925904,2019-01-06T05:00:29.245Z,19010605,XBTUSD,3792.5,21173,3793,226568,3792.75,3793
9925919,2019-01-06T05:00:29.365Z,19010605,XBTUSD,3792.5,21663,3793,373701,3792.75,3793
9925929,2019-01-06T05:00:29.455Z,19010605,XBTUSD,3792.5,19687,3793,464515,3792.75,3793
9925941,2019-01-06T05:00:29.540Z,19010605,XBTUSD,3792.5,20153,3793,446452,3792.75,3793
9925953,2019-01-06T05:00:29.707Z,19010605,XBTUSD,3792.5,23945,3793,435223,3792.75,3793
9925980,2019-01-06T05:00:30.013Z,19010605,XBTUSD,3792.5,23946,3793,441888,3792.75,3793
9925988,2019-01-06T05:00:30.340Z,19010605,XBTUSD,3792.5,94046,3793,396641,3792.75,3793
9925998,2019-01-06T05:00:30.433Z,19010605,XBTUSD,3792.5,98017,3793,392788,3792.75,3793
9926008,2019-01-06T05:00:30.834Z,19010605,XBTUSD,3792.5,99139,3793,359786,3792.75,3793
9926036,2019-01-06T05:00:31.674Z,19010605,XBTUSD,3792.5,157537,3793,359829,3792.75,3793
9926047,2019-01-06T05:00:32.075Z,19010605,XBTUSD,3792.5,154975,3793,239117,3792.75,3793
9926063,2019-01-06T05:00:32.377Z,19010605,XBTUSD,3792.5,220140,3793,199181,3792.75,3793
9926067,2019-01-06T05:00:32.544Z,19010605,XBTUSD,3792.5,148036,3793,209181,3792.75,3793
9926086,2019-01-06T05:00:33.212Z,19010605,XBTUSD,3792.5,134879,3793,191181,3792.75,3793
9926095,2019-01-06T05:00:33.825Z,19010605,XBTUSD,3792.5,136254,3793,181181,3792.75,3793
9925535,2019-01-06T05:00:18.681Z,19010605,XBTUSD,3794,25719,3794.5,873373,3794.25,3794.5
9925555,2019-01-06T05:00:19.099Z,19010605,XBTUSD,3794,25748,3794.5,889571,3794.25,3794.5
9925565,2019-01-06T05:00:19.442Z,19010605,XBTUSD,3794,26128,3794.5,877507,3794.25,3794.5
9925599,2019-01-06T05:00:20.406Z,19010605,XBTUSD,3794,29905,3794.5,867245,3794.25,3794.5
9925627,2019-01-06T05:00:22.190Z,19010605,XBTUSD,3793.5,13577,3794,128812,3793.75,3794
9925633,2019-01-06T05:00:22.215Z,19010605,XBTUSD,3793.5,13576,3794,139017,3793.75,3794
9925646,2019-01-06T05:00:22.277Z,19010605,XBTUSD,3793.5,13576,3794,507765,3793.75,3794
9925659,2019-01-06T05:00:22.316Z,19010605,XBTUSD,3793.5,8576,3794,545704,3793.75,3794
9925663,2019-01-06T05:00:22.327Z,19010605,XBTUSD,3793.5,8576,3794,576399,3793.75,3794
9925673,2019-01-06T05:00:22.382Z,19010605,XBTUSD,3793.5,8576,3794,636246,3793.75,3794
9925683,2019-01-06T05:00:22.449Z,19010605,XBTUSD,3793.5,9485,3794,744950,3793.75,3794
9925694,2019-01-06T05:00:22.522Z,19010605,XBTUSD,3793.5,9485,3794,682086,3793.75,3794
9925703,2019-01-06T05:00:22.708Z,19010605,XBTUSD,3793.5,9485,3794,744305,3793.75,3794
9925714,2019-01-06T05:00:23.049Z,19010605,XBTUSD,3793.5,7037,3794,728559,3793.75,3794
9925731,2019-01-06T05:00:23.144Z,19010605,XBTUSD,3793.5,7037,3794,747559,3793.75,3794
9925743,2019-01-06T05:00:23.701Z,19010605,XBTUSD,3793.5,22039,3794,748808,3793.75,3794
9925747,2019-01-06T05:00:23.857Z,19010605,XBTUSD,3793.5,22039,3794,750788,3793.75,3794
9925769,2019-01-06T05:00:24.546Z,19010605,XBTUSD,3793.5,19575,3794,724547,3793.75,3794
9925781,2019-01-06T05:00:25.586Z,19010605,XBTUSD,3793.5,17056,3794,722600,3793.75,3794
9925799,2019-01-06T05:00:26.098Z,19010605,XBTUSD,3793.5,16284,3794,772708,3793.75,3794
9925809,2019-01-06T05:00:26.734Z,19010605,XBTUSD,3793.5,16217,3794,748690,3793.75,3794
9925842,2019-01-06T05:00:28.292Z,19010605,XBTUSD,3793.5,14922,3794,757638,3793.75,3794
9925854,2019-01-06T05:00:28.909Z,19010605,XBTUSD,3792.5,19171,3793,7144,3792.75,3793
9925858,2019-01-06T05:00:28.926Z,19010605,XBTUSD,3792.5,19171,3793,7634,3792.75,3793
9925868,2019-01-06T05:00:28.986Z,19010605,XBTUSD,3792.5,19171,3793,28071,3792.75,3793
9925878,2019-01-06T05:00:29.043Z,19010605,XBTUSD,3792.5,19171,3793,101985,3792.75,3793
9925883,2019-01-06T05:00:29.071Z,19010605,XBTUSD,3792.5,19170,3793,135741,3792.75,3793
9925896,2019-01-06T05:00:29.165Z,19010605,XBTUSD,3792.5,23178,3793,201793,3792.75,3793
9925911,2019-01-06T05:00:29.296Z,19010605,XBTUSD,3792.5,21173,3793,245250,3792.75,3793
9925915,2019-01-06T05:00:29.345Z,19010605,XBTUSD,3792.5,21663,3793,354320,3792.75,3793
9925925,2019-01-06T05:00:29.415Z,19010605,XBTUSD,3792.5,19687,3793,424526,3792.75,3793
9925935,2019-01-06T05:00:29.482Z,19010605,XBTUSD,3792.5,20105,3793,475249,3792.75,3793
9925945,2019-01-06T05:00:29.543Z,19010605,XBTUSD,3792.5,20153,3793,451437,3792.75,3793
9925955,2019-01-06T05:00:29.737Z,19010605,XBTUSD,3792.5,23846,3793,435223,3792.75,3793
9925977,2019-01-06T05:00:29.856Z,19010605,XBTUSD,3792.5,23826,3793,458892,3792.75,3793
9925994,2019-01-06T05:00:30.394Z,19010605,XBTUSD,3792.5,94080,3793,392276,3792.75,3793
9926004,2019-01-06T05:00:30.658Z,19010605,XBTUSD,3792.5,96139,3793,374786,3792.75,3793
9926037,2019-01-06T05:00:31.704Z,19010605,XBTUSD,3792.5,157547,3793,359829,3792.75,3793
9926046,2019-01-06T05:00:32.073Z,19010605,XBTUSD,3792.5,154975,3793,240460,3792.75,3793
9926055,2019-01-06T05:00:32.120Z,19010605,XBTUSD,3792.5,156980,3793,231553,3792.75,3793
9926064,2019-01-06T05:00:32.419Z,19010605,XBTUSD,3792.5,220141,3793,199181,3792.75,3793
9926074,2019-01-06T05:00:32.654Z,19010605,XBTUSD,3792.5,134877,3793,218021,3792.75,3793
9926088,2019-01-06T05:00:33.291Z,19010605,XBTUSD,3792.5,138039,3793,181181,3792.75,3793
9926098,2019-01-06T05:00:34.006Z,19010605,XBTUSD,3792.5,136254,3793,179181,3792.75,3793
9926110,2019-01-06T05:00:34.138Z,19010605,XBTUSD,3792.5,82723,3793,188810,3792.75,3793
9926120,2019-01-06T05:00:35.023Z,19010605,XBTUSD,3792.5,112750,3793,197650,3792.75,3793
9926136,2019-01-06T05:00:35.192Z,19010605,XBTUSD,3792.5,110747,3793,196165,3792.75,3793
9926145,2019-01-06T05:00:35.835Z,19010605,XBTUSD,3792.5,110711,3793,190099,3792.75,3793
9926156,2019-01-06T05:00:36.574Z,19010605,XBTUSD,3792.5,102725,3793,186610,3792.75,3793
9926163,2019-01-06T05:00:36.988Z,19010605,XBTUSD,3792.5,102906,3793,192997,3792.75,3793
9926185,2019-01-06T05:00:38.226Z,19010605,XBTUSD,3792.5,132884,3793,186516,3792.75,3793
9926189,2019-01-06T05:00:38.612Z,19010605,XBTUSD,3792.5,127992,3793,186512,3792.75,3793
9926212,2019-01-06T05:00:39.683Z,19010605,XBTUSD,3792.5,127994,3793,200672,3792.75,3793
9926234,2019-01-06T05:00:40.956Z,19010605,XBTUSD,3792.5,127796,3793,208285,3792.75,3793
9926273,2019-01-06T05:00:43.415Z,19010605,XBTUSD,3792.5,131963,3793,192527,3792.75,3793
9925710,2019-01-06T05:00:22.980Z,19010605,XBTUSD,3793.5,7037,3794,770587,3793.75,3794
9925732,2019-01-06T05:00:23.239Z,19010605,XBTUSD,3793.5,7037,3794,747669,3793.75,3794
9925739,2019-01-06T05:00:23.599Z,19010605,XBTUSD,3793.5,22039,3794,747804,3793.75,3794
9925751,2019-01-06T05:00:23.940Z,19010605,XBTUSD,3793.5,22039,3794,723984,3793.75,3794
9925766,2019-01-06T05:00:24.396Z,19010605,XBTUSD,3793.5,19541,3794,724475,3793.75,3794
9925782,2019-01-06T05:00:25.600Z,19010605,XBTUSD,3793.5,17056,3794,751143,3793.75,3794
9925798,2019-01-06T05:00:26.094Z,19010605,XBTUSD,3793.5,15794,3794,772708,3793.75,3794
9925805,2019-01-06T05:00:26.420Z,19010605,XBTUSD,3793.5,16284,3794,763690,3793.75,3794
9925814,2019-01-06T05:00:26.928Z,19010605,XBTUSD,3793.5,16419,3794,754840,3793.75,3794
9925841,2019-01-06T05:00:28.266Z,19010605,XBTUSD,3793.5,14922,3794,767638,3793.75,3794
9925850,2019-01-06T05:00:28.900Z,19010605,XBTUSD,3792.5,19171,3793.5,120048,3793,3793.5
9925860,2019-01-06T05:00:28.937Z,19010605,XBTUSD,3792.5,19171,3793,7799,3792.75,3793
9925875,2019-01-06T05:00:29.035Z,19010605,XBTUSD,3792.5,19171,3793,71985,3792.75,3793
9925882,2019-01-06T05:00:29.071Z,19010605,XBTUSD,3792.5,19170,3793,125741,3792.75,3793
9925897,2019-01-06T05:00:29.172Z,19010605,XBTUSD,3792.5,23178,3793,204793,3792.75,3793
9925903,2019-01-06T05:00:29.245Z,19010605,XBTUSD,3792.5,21173,3793,222004,3792.75,3793
9925913,2019-01-06T05:00:29.337Z,19010605,XBTUSD,3792.5,21663,3793,350740,3792.75,3793
9925923,2019-01-06T05:00:29.393Z,19010605,XBTUSD,3792.5,21692,3793,404526,3792.75,3793
9925930,2019-01-06T05:00:29.455Z,19010605,XBTUSD,3792.5,19687,3793,472010,3792.75,3793
9925942,2019-01-06T05:00:29.543Z,19010605,XBTUSD,3792.5,20153,3793,447530,3792.75,3793
9925952,2019-01-06T05:00:29.692Z,19010605,XBTUSD,3792.5,20153,3793,435223,3792.75,3793
9925958,2019-01-06T05:00:29.811Z,19010605,XBTUSD,3792.5,23846,3793,425966,3792.75,3793
9925984,2019-01-06T05:00:30.029Z,19010605,XBTUSD,3792.5,23946,3793,406280,3792.75,3793
9925992,2019-01-06T05:00:30.383Z,19010605,XBTUSD,3792.5,94047,3793,393376,3792.75,3793
9926000,2019-01-06T05:00:30.603Z,19010605,XBTUSD,3792.5,98017,3793,382786,3792.75,3793
9926030,2019-01-06T05:00:31.403Z,19010605,XBTUSD,3792.5,100201,3793,359827,3792.75,3793
9926043,2019-01-06T05:00:32.027Z,19010605,XBTUSD,3792.5,154975,3793,255029,3792.75,3793
9926062,2019-01-06T05:00:32.329Z,19010605,XBTUSD,3792.5,210140,3793,199181,3792.75,3793
9926070,2019-01-06T05:00:32.554Z,19010605,XBTUSD,3792.5,134876,3793,211181,3792.75,3793
9926085,2019-01-06T05:00:33.107Z,19010605,XBTUSD,3792.5,134879,3793,198021,3792.75,3793
9926111,2019-01-06T05:00:34.150Z,19010605,XBTUSD,3792.5,82723,3793,195650,3792.75,3793
9926144,2019-01-06T05:00:35.707Z,19010605,XBTUSD,3792.5,110749,3793,190099,3792.75,3793
9926151,2019-01-06T05:00:36.539Z,19010605,XBTUSD,3792.5,104716,3793,190099,3792.75,3793
9926160,2019-01-06T05:00:36.877Z,19010605,XBTUSD,3792.5,100920,3793,192997,3792.75,3793
9926173,2019-01-06T05:00:37.516Z,19010605,XBTUSD,3792.5,92901,3793,192747,3792.75,3793
9926187,2019-01-06T05:00:38.409Z,19010605,XBTUSD,3792.5,131784,3793,186668,3792.75,3793
9926211,2019-01-06T05:00:39.370Z,19010605,XBTUSD,3792.5,131154,3793,200672,3792.75,3793
9926241,2019-01-06T05:00:41.590Z,19010605,XBTUSD,3792.5,131959,3793,191445,3792.75,3793
9926282,2019-01-06T05:00:44.235Z,19010605,XBTUSD,3792.5,132289,3793,193527,3792.75,3793
9926300,2019-01-06T05:00:47.666Z,19010605,XBTUSD,3792.5,31751,3793,203922,3792.75,3793
9926338,2019-01-06T05:00:48.328Z,19010605,XBTUSD,3792.5,31653,3793,203537,3792.75,3793
9926348,2019-01-06T05:00:49.809Z,19010605,XBTUSD,3792.5,27816,3793,209667,3792.75,3793
9926369,2019-01-06T05:00:51.610Z,19010605,XBTUSD,3792.5,28370,3793,245367,3792.75,3793
9926407,2019-01-06T05:00:53.096Z,19010605,XBTUSD,3792.5,28145,3793,245881,3792.75,3793
9926463,2019-01-06T05:00:56.965Z,19010605,XBTUSD,3792.5,30089,3793,236386,3792.75,3793
9926477,2019-01-06T05:00:57.371Z,19010605,XBTUSD,3792.5,30089,3793,244586,3792.75,3793
9926493,2019-01-06T05:00:58.643Z,19010605,XBTUSD,3792.5,28088,3793,234807,3792.75,3793
9925851,2019-01-06T05:00:28.902Z,19010605,XBTUSD,3792.5,19171,3793.5,122048,3793,3793.5
9925864,2019-01-06T05:00:28.951Z,19010605,XBTUSD,3792.5,19171,3793,12904,3792.75,3793
9925874,2019-01-06T05:00:29.019Z,19010605,XBTUSD,3792.5,19171,3793,61180,3792.75,3793
9925889,2019-01-06T05:00:29.112Z,19010605,XBTUSD,3792.5,21175,3793,176091,3792.75,3793
9925898,2019-01-06T05:00:29.192Z,19010605,XBTUSD,3792.5,21173,3793,204793,3792.75,3793
9925906,2019-01-06T05:00:29.269Z,19010605,XBTUSD,3792.5,21173,3793,228379,3792.75,3793
9925916,2019-01-06T05:00:29.345Z,19010605,XBTUSD,3792.5,21663,3793,356563,3792.75,3793
9925927,2019-01-06T05:00:29.433Z,19010605,XBTUSD,3792.5,19687,3793,444526,3792.75,3793
9925938,2019-01-06T05:00:29.513Z,19010605,XBTUSD,3792.5,20153,3793,446424,3792.75,3793
9925949,2019-01-06T05:00:29.610Z,19010605,XBTUSD,3792.5,20153,3793,432827,3792.75,3793
9925981,2019-01-06T05:00:30.019Z,19010605,XBTUSD,3792.5,23946,3793,433764,3792.75,3793
9925991,2019-01-06T05:00:30.370Z,19010605,XBTUSD,3792.5,94046,3793,393376,3792.75,3793
9926002,2019-01-06T05:00:30.623Z,19010605,XBTUSD,3792.5,98018,3793,374786,3792.75,3793
9926031,2019-01-06T05:00:31.409Z,19010605,XBTUSD,3792.5,100202,3793,359827,3792.75,3793
9926042,2019-01-06T05:00:32.005Z,19010605,XBTUSD,3792.5,154975,3793,360029,3792.75,3793
9926057,2019-01-06T05:00:32.142Z,19010605,XBTUSD,3792.5,156980,3793,218021,3792.75,3793
9926073,2019-01-06T05:00:32.609Z,19010605,XBTUSD,3792.5,134867,3793,218021,3792.75,3793
9926076,2019-01-06T05:00:33.022Z,19010605,XBTUSD,3792.5,134878,3793,198021,3792.75,3793
9926093,2019-01-06T05:00:33.805Z,19010605,XBTUSD,3792.5,136154,3793,179181,3792.75,3793
9926114,2019-01-06T05:00:34.205Z,19010605,XBTUSD,3792.5,90724,3793,197650,3792.75,3793
9926118,2019-01-06T05:00:34.671Z,19010605,XBTUSD,3792.5,102735,3793,197650,3792.75,3793
9926138,2019-01-06T05:00:35.208Z,19010605,XBTUSD,3792.5,110747,3793,193851,3792.75,3793
9926143,2019-01-06T05:00:35.705Z,19010605,XBTUSD,3792.5,110748,3793,190099,3792.75,3793
9926150,2019-01-06T05:00:36.535Z,19010605,XBTUSD,3792.5,108726,3793,190099,3792.75,3793
9926174,2019-01-06T05:00:37.597Z,19010605,XBTUSD,3792.5,92901,3793,186516,3792.75,3793
9926194,2019-01-06T05:00:38.867Z,19010605,XBTUSD,3792.5,131152,3793,200672,3792.75,3793
9926210,2019-01-06T05:00:39.251Z,19010605,XBTUSD,3792.5,131153,3793,200672,3792.75,3793
9926242,2019-01-06T05:00:41.605Z,19010605,XBTUSD,3792.5,131960,3793,191445,3792.75,3793
9926253,2019-01-06T05:00:42.399Z,19010605,XBTUSD,3792.5,141961,3793,191452,3792.75,3793
9926271,2019-01-06T05:00:43.127Z,19010605,XBTUSD,3792.5,131962,3793,192452,3792.75,3793
9926296,2019-01-06T05:00:47.558Z,19010605,XBTUSD,3792.5,106789,3793,203822,3792.75,3793
9926336,2019-01-06T05:00:48.310Z,19010605,XBTUSD,3792.5,31651,3793,203537,3792.75,3793
9926346,2019-01-06T05:00:49.505Z,19010605,XBTUSD,3792.5,28836,3793,209667,3792.75,3793
9926366,2019-01-06T05:00:51.282Z,19010605,XBTUSD,3792.5,28370,3793,229088,3792.75,3793
9926447,2019-01-06T05:00:55.963Z,19010605,XBTUSD,3792.5,30376,3793,246381,3792.75,3793
9926479,2019-01-06T05:00:57.850Z,19010605,XBTUSD,3792.5,30091,3793,244586,3792.75,3793
9926512,2019-01-06T05:00:59.246Z,19010605,XBTUSD,3792.5,28059,3793,234586,3792.75,3793
9926564,2019-01-06T05:01:02.168Z,19010605,XBTUSD,3792.5,64574,3793,226438,3792.75,3793
9926592,2019-01-06T05:01:04.327Z,19010605,XBTUSD,3792.5,64575,3793,216438,3792.75,3793
9926638,2019-01-06T05:01:06.651Z,19010605,XBTUSD,3792.5,69602,3793,216103,3792.75,3793
9926655,2019-01-06T05:01:07.111Z,19010605,XBTUSD,3792.5,56443,3793,226103,3792.75,3793
9926679,2019-01-06T05:01:08.894Z,19010605,XBTUSD,3792.5,59500,3793,246103,3792.75,3793
9925877,2019-01-06T05:00:29.040Z,19010605,XBTUSD,3792.5,19171,3793,91985,3792.75,3793
9925888,2019-01-06T05:00:29.100Z,19010605,XBTUSD,3792.5,19170,3793,176091,3792.75,3793
9925900,2019-01-06T05:00:29.223Z,19010605,XBTUSD,3792.5,21173,3793,214803,3792.75,3793
9925907,2019-01-06T05:00:29.273Z,19010605,XBTUSD,3792.5,21173,3793,228410,3792.75,3793
9925917,2019-01-06T05:00:29.345Z,19010605,XBTUSD,3792.5,21663,3793,364687,3792.75,3793
9925928,2019-01-06T05:00:29.455Z,19010605,XBTUSD,3792.5,19687,3793,455347,3792.75,3793
9925936,2019-01-06T05:00:29.497Z,19010605,XBTUSD,3792.5,20153,3793,475249,3792.75,3793
9925946,2019-01-06T05:00:29.543Z,19010605,XBTUSD,3792.5,20153,3793,452826,3792.75,3793
9925956,2019-01-06T05:00:29.745Z,19010605,XBTUSD,3792.5,23846,3793,435225,3792.75,3793
9925979,2019-01-06T05:00:29.985Z,19010605,XBTUSD,3792.5,23946,3793,450900,3792.75,3793
9925989,2019-01-06T05:00:30.343Z,19010605,XBTUSD,3792.5,94046,3793,395813,3792.75,3793
9926001,2019-01-06T05:00:30.607Z,19010605,XBTUSD,3792.5,98017,3793,374786,3792.75,3793
9926032,2019-01-06T05:00:31.437Z,19010605,XBTUSD,3792.5,100202,3793,359829,3792.75,3793
9926045,2019-01-06T05:00:32.067Z,19010605,XBTUSD,3792.5,154975,3793,242786,3792.75,3793
9926054,2019-01-06T05:00:32.114Z,19010605,XBTUSD,3792.5,156980,3793,236117,3792.75,3793
9926072,2019-01-06T05:00:32.604Z,19010605,XBTUSD,3792.5,134877,3793,218021,3792.75,3793
9926091,2019-01-06T05:00:33.705Z,19010605,XBTUSD,3792.5,136144,3793,181181,3792.75,3793
9926115,2019-01-06T05:00:34.258Z,19010605,XBTUSD,3792.5,96739,3793,197650,3792.75,3793
9926119,2019-01-06T05:00:34.681Z,19010605,XBTUSD,3792.5,112735,3793,197650,3792.75,3793
9926139,2019-01-06T05:00:35.226Z,19010605,XBTUSD,3792.5,110747,3793,192354,3792.75,3793
9926147,2019-01-06T05:00:35.878Z,19010605,XBTUSD,3792.5,116726,3793,190099,3792.75,3793
9926152,2019-01-06T05:00:36.542Z,19010605,XBTUSD,3792.5,104716,3793,187688,3792.75,3793
9926164,2019-01-06T05:00:37.007Z,19010605,XBTUSD,3792.5,102906,3793,192797,3792.75,3793
9926184,2019-01-06T05:00:38.203Z,19010605,XBTUSD,3792.5,132883,3793,186516,3792.75,3793
9926193,2019-01-06T05:00:38.843Z,19010605,XBTUSD,3792.5,127992,3793,200672,3792.75,3793
9926237,2019-01-06T05:00:41.080Z,19010605,XBTUSD,3792.5,127798,3793,201445,3792.75,3793
9926254,2019-01-06T05:00:42.411Z,19010605,XBTUSD,3792.5,141962,3793,191452,3792.75,3793
9926286,2019-01-06T05:00:44.306Z,19010605,XBTUSD,3792.5,101951,3793,203527,3792.75,3793
9926294,2019-01-06T05:00:47.387Z,19010605,XBTUSD,3792.5,106789,3793,203527,3792.75,3793
9926301,2019-01-06T05:00:47.683Z,19010605,XBTUSD,3792.5,34751,3793,196947,3792.75,3793
9926343,2019-01-06T05:00:48.497Z,19010605,XBTUSD,3792.5,28835,3793,210002,3792.75,3793
9926367,2019-01-06T05:00:51.286Z,19010605,XBTUSD,3792.5,28370,3793,239088,3792.75,3793
9926421,2019-01-06T05:00:54.204Z,19010605,XBTUSD,3792.5,28319,3793,246381,3792.75,3793
9926461,2019-01-06T05:00:56.676Z,19010605,XBTUSD,3792.5,30087,3793,236386,3792.75,3793
9926515,2019-01-06T05:00:59.504Z,19010605,XBTUSD,3792.5,28060,3793,239745,3792.75,3793
9926517,2019-01-06T05:00:59.955Z,19010605,XBTUSD,3792.5,28061,3793,239615,3792.75,3793
9926550,2019-01-06T05:01:01.918Z,19010605,XBTUSD,3792.5,61412,3793,233278,3792.75,3793
9926619,2019-01-06T05:01:05.152Z,19010605,XBTUSD,3792.5,64590,3793,216103,3792.75,3793
9926624,2019-01-06T05:01:05.556Z,19010605,XBTUSD,3792.5,69643,3793,216103,3792.75,3793
9925959,2019-01-06T05:00:29.815Z,19010605,XBTUSD,3792.5,23846,3793,458978,3792.75,3793
9925976,2019-01-06T05:00:29.832Z,19010605,XBTUSD,3792.5,23826,3793,458978,3792.75,3793
9925986,2019-01-06T05:00:30.330Z,19010605,XBTUSD,3792.5,23946,3793,396651,3792.75,3793
9925996,2019-01-06T05:00:30.406Z,19010605,XBTUSD,3792.5,98080,3793,392276,3792.75,3793
9926006,2019-01-06T05:00:30.756Z,19010605,XBTUSD,3792.5,96139,3793,359786,3792.75,3793
9926010,2019-01-06T05:00:30.903Z,19010605,XBTUSD,3792.5,100140,3793,359786,3792.75,3793
9926029,2019-01-06T05:00:31.326Z,19010605,XBTUSD,3792.5,100200,3793,359827,3792.75,3793
9926044,2019-01-06T05:00:32.063Z,19010605,XBTUSD,3792.5,154975,3793,252786,3792.75,3793
9926061,2019-01-06T05:00:32.319Z,19010605,XBTUSD,3792.5,206980,3793,199181,3792.75,3793
9926071,2019-01-06T05:00:32.561Z,19010605,XBTUSD,3792.5,134876,3793,218021,3792.75,3793
9926089,2019-01-06T05:00:33.615Z,19010605,XBTUSD,3792.5,136142,3793,181181,3792.75,3793
9926108,2019-01-06T05:00:34.114Z,19010605,XBTUSD,3792.5,85883,3793,178810,3792.75,3793
9926137,2019-01-06T05:00:35.195Z,19010605,XBTUSD,3792.5,110747,3793,195240,3792.75,3793
9926153,2019-01-06T05:00:36.547Z,19010605,XBTUSD,3792.5,104726,3793,187688,3792.75,3793
9926213,2019-01-06T05:00:39.699Z,19010605,XBTUSD,3792.5,127994,3793,207512,3792.75,3793
9926239,2019-01-06T05:00:41.154Z,19010605,XBTUSD,3792.5,130958,3793,191445,3792.75,3793
9926252,2019-01-06T05:00:42.261Z,19010605,XBTUSD,3792.5,141961,3793,191485,3792.75,3793
9926299,2019-01-06T05:00:47.660Z,19010605,XBTUSD,3792.5,56751,3793,203922,3792.75,3793
9926337,2019-01-06T05:00:48.325Z,19010605,XBTUSD,3792.5,31652,3793,203537,3792.75,3793
9926360,2019-01-06T05:00:50.740Z,19010605,XBTUSD,3792.5,26816,3793,204688,3792.75,3793
9926370,2019-01-06T05:00:51.615Z,19010605,XBTUSD,3792.5,28370,3793,245523,3792.75,3793
9926410,2019-01-06T05:00:53.489Z,19010605,XBTUSD,3792.5,28317,3793,245881,3792.75,3793
9926446,2019-01-06T05:00:55.714Z,19010605,XBTUSD,3792.5,28371,3793,246381,3792.75,3793
9926458,2019-01-06T05:00:56.155Z,19010605,XBTUSD,3792.5,30087,3793,246381,3792.75,3793
9926478,2019-01-06T05:00:57.739Z,19010605,XBTUSD,3792.5,30090,3793,244586,3792.75,3793
9926495,2019-01-06T05:00:58.808Z,19010605,XBTUSD,3792.5,28078,3793,234586,3792.75,3793
9926524,2019-01-06T05:01:00.212Z,19010605,XBTUSD,3792.5,28013,3793,239459,3792.75,3793
9926547,2019-01-06T05:01:01.513Z,19010605,XBTUSD,3792.5,32073,3793,233278,3792.75,3793
9926587,2019-01-06T05:01:03.991Z,19010605,XBTUSD,3792.5,64574,3793,216438,3792.75,3793
9926599,2019-01-06T05:01:04.670Z,19010605,XBTUSD,3792.5,61416,3793,232943,3792.75,3793
9926621,2019-01-06T05:01:05.422Z,19010605,XBTUSD,3792.5,74591,3793,216103,3792.75,3793
9926637,2019-01-06T05:01:06.624Z,19010605,XBTUSD,3792.5,69602,3793,215768,3792.75,3793
9926652,2019-01-06T05:01:07.074Z,19010605,XBTUSD,3792.5,59602,3793,216103,3792.75,3793
9926675,2019-01-06T05:01:08.538Z,19010605,XBTUSD,3792.5,59500,3793,226103,3792.75,3793
9926686,2019-01-06T05:01:08.932Z,19010605,XBTUSD,3792.5,53500,3793,258103,3792.75,3793
9926694,2019-01-06T05:01:09.582Z,19010605,XBTUSD,3792.5,50341,3793,264943,3792.75,3793
9926718,2019-01-06T05:01:10.190Z,19010605,XBTUSD,3792.5,18036,3793,306956,3792.75,3793
9926744,2019-01-06T05:01:11.857Z,19010605,XBTUSD,3792.5,19420,3793,329366,3792.75,3793
9926033,2019-01-06T05:00:31.571Z,19010605,XBTUSD,3792.5,102207,3793,359829,3792.75,3793
9926039,2019-01-06T05:00:31.880Z,19010605,XBTUSD,3792.5,156978,3793,360029,3792.75,3793
9926056,2019-01-06T05:00:32.131Z,19010605,XBTUSD,3792.5,156980,3793,228021,3792.75,3793
9926065,2019-01-06T05:00:32.428Z,19010605,XBTUSD,3792.5,218136,3793,199181,3792.75,3793
9926075,2019-01-06T05:00:32.969Z,19010605,XBTUSD,3792.5,134877,3793,198021,3792.75,3793
9926094,2019-01-06T05:00:33.819Z,19010605,XBTUSD,3792.5,136154,3793,181181,3792.75,3793
9926097,2019-01-06T05:00:33.953Z,19010605,XBTUSD,3792.5,136254,3793,181181,3792.75,3793
9926112,2019-01-06T05:00:34.155Z,19010605,XBTUSD,3792.5,82723,3793,197650,3792.75,3793
9926135,2019-01-06T05:00:35.113Z,19010605,XBTUSD,3792.5,110747,3793,197650,3792.75,3793
9926159,2019-01-06T05:00:36.664Z,19010605,XBTUSD,3792.5,100720,3793,192997,3792.75,3793
9926161,2019-01-06T05:00:36.967Z,19010605,XBTUSD,3792.5,102925,3793,192997,3792.75,3793
9926171,2019-01-06T05:00:37.142Z,19010605,XBTUSD,3792.5,102906,3793,192747,3792.75,3793
9926190,2019-01-06T05:00:38.692Z,19010605,XBTUSD,3792.5,127992,3793,176512,3792.75,3793
9926236,2019-01-06T05:00:41.077Z,19010605,XBTUSD,3792.5,127798,3793,208285,3792.75,3793
9926270,2019-01-06T05:00:43.126Z,19010605,XBTUSD,3792.5,131962,3793,190452,3792.75,3793
9926284,2019-01-06T05:00:44.272Z,19010605,XBTUSD,3792.5,101949,3793,203527,3792.75,3793
9926298,2019-01-06T05:00:47.642Z,19010605,XBTUSD,3792.5,106751,3793,203922,3792.75,3793
9926341,2019-01-06T05:00:48.384Z,19010605,XBTUSD,3792.5,28845,3793,210337,3792.75,3793
9926349,2019-01-06T05:00:49.839Z,19010605,XBTUSD,3792.5,27816,3793,204467,3792.75,3793
9926363,2019-01-06T05:00:51.247Z,19010605,XBTUSD,3792.5,28416,3793,229088,3792.75,3793
9926373,2019-01-06T05:00:51.950Z,19010605,XBTUSD,3792.5,28372,3793,245653,3792.75,3793
9926391,2019-01-06T05:00:52.385Z,19010605,XBTUSD,3792.5,28144,3793,245881,3792.75,3793
9926423,2019-01-06T05:00:54.702Z,19010605,XBTUSD,3792.5,28370,3793,246381,3792.75,3793
9926489,2019-01-06T05:00:58.227Z,19010605,XBTUSD,3792.5,30091,3793,244807,3792.75,3793
9926513,2019-01-06T05:00:59.410Z,19010605,XBTUSD,3792.5,28059,3793,235586,3792.75,3793
9926596,2019-01-06T05:01:04.594Z,19010605,XBTUSD,3792.5,63416,3793,226438,3792.75,3793
9926604,2019-01-06T05:01:05.024Z,19010605,XBTUSD,3792.5,64590,3793,226103,3792.75,3793
9926620,2019-01-06T05:01:05.288Z,19010605,XBTUSD,3792.5,74590,3793,216103,3792.75,3793
9926622,2019-01-06T05:01:05.443Z,19010605,XBTUSD,3792.5,73642,3793,216103,3792.75,3793
9926677,2019-01-06T05:01:08.886Z,19010605,XBTUSD,3792.5,59500,3793,231103,3792.75,3793
9926684,2019-01-06T05:01:08.921Z,19010605,XBTUSD,3792.5,55500,3793,258103,3792.75,3793
9926695,2019-01-06T05:01:09.645Z,19010605,XBTUSD,3792.5,20001,3793,264943,3792.75,3793
9926721,2019-01-06T05:01:10.399Z,19010605,XBTUSD,3792.5,18037,3793,306956,3792.75,3793
9926743,2019-01-06T05:01:11.735Z,19010605,XBTUSD,3792.5,19419,3793,329356,3792.75,3793
9926752,2019-01-06T05:01:12.631Z,19010605,XBTUSD,3792.5,19420,3793,329116,3792.75,3793
9926760,2019-01-06T05:01:12.683Z,19010605,XBTUSD,3792.5,25549,3793,329085,3792.75,3793
9926766,2019-01-06T05:01:13.208Z,19010605,XBTUSD,3792.5,25812,3793,329085,3792.75,3793
9926802,2019-01-06T05:01:15.720Z,19010605,XBTUSD,3792,91720,3792.5,340706,3792.25,3792.5
9926812,2019-01-06T05:01:15.751Z,19010605,XBTUSD,3792,91744,3792.5,395331,3792.25,3792.5
9926827,2019-01-06T05:01:15.831Z,19010605,XBTUSD,3792,93789,3792.5,477091,3792.25,3792.5
9926835,2019-01-06T05:01:15.849Z,19010605,XBTUSD,3792,93789,3792.5,488010,3792.25,3792.5
9926845,2019-01-06T05:01:15.901Z,19010605,XBTUSD,3792,93789,3792.5,600818,3792.25,3792.5
9926860,2019-01-06T05:01:16.025Z,19010605,XBTUSD,3792,164030,3792.5,547280,3792.25,3792.5
9926875,2019-01-06T05:01:16.289Z,19010605,XBTUSD,3792,167042,3792.5,561486,3792.25,3792.5
9926885,2019-01-06T05:01:16.720Z,19010605,XBTUSD,3792,169164,3792.5,553384,3792.25,3792.5
9926911,2019-01-06T05:01:17.493Z,19010605,XBTUSD,3792,172200,3792.5,564037,3792.25,3792.5
9926040,2019-01-06T05:00:31.889Z,19010605,XBTUSD,3792.5,154973,3793,360029,3792.75,3793
9926058,2019-01-06T05:00:32.274Z,19010605,XBTUSD,3792.5,206980,3793,218021,3792.75,3793
9926069,2019-01-06T05:00:32.552Z,19010605,XBTUSD,3792.5,134876,3793,209181,3792.75,3793
9926087,2019-01-06T05:00:33.227Z,19010605,XBTUSD,3792.5,138039,3793,191181,3792.75,3793
9926099,2019-01-06T05:00:34.069Z,19010605,XBTUSD,3792.5,136254,3793,181181,3792.75,3793
9926109,2019-01-06T05:00:34.131Z,19010605,XBTUSD,3792.5,85883,3793,188810,3792.75,3793
9926121,2019-01-06T05:00:35.037Z,19010605,XBTUSD,3792.5,112751,3793,197650,3792.75,3793
9926140,2019-01-06T05:00:35.232Z,19010605,XBTUSD,3792.5,110747,3793,190099,3792.75,3793
9926146,2019-01-06T05:00:35.869Z,19010605,XBTUSD,3792.5,112716,3793,190099,3792.75,3793
9926154,2019-01-06T05:00:36.548Z,19010605,XBTUSD,3792.5,104730,3793,187688,3792.75,3793
9926182,2019-01-06T05:00:38.165Z,19010605,XBTUSD,3792.5,132901,3793,186516,3792.75,3793
9926240,2019-01-06T05:00:41.369Z,19010605,XBTUSD,3792.5,131958,3793,191445,3792.75,3793
9926255,2019-01-06T05:00:42.573Z,19010605,XBTUSD,3792.5,141962,3793,189452,3792.75,3793
9926303,2019-01-06T05:00:47.689Z,19010605,XBTUSD,3792.5,34753,3793,196947,3792.75,3793
9926340,2019-01-06T05:00:48.354Z,19010605,XBTUSD,3792.5,31845,3793,203537,3792.75,3793
9926347,2019-01-06T05:00:49.509Z,19010605,XBTUSD,3792.5,28816,3793,209667,3792.75,3793
9926368,2019-01-06T05:00:51.420Z,19010605,XBTUSD,3792.5,28370,3793,239136,3792.75,3793
9926372,2019-01-06T05:00:51.933Z,19010605,XBTUSD,3792.5,28371,3793,245653,3792.75,3793
9926412,2019-01-06T05:00:54.075Z,19010605,XBTUSD,3792.5,28318,3793,246381,3792.75,3793
9926424,2019-01-06T05:00:54.709Z,19010605,XBTUSD,3792.5,28371,3793,246381,3792.75,3793
9926450,2019-01-06T05:00:56.068Z,19010605,XBTUSD,3792.5,30388,3793,246381,3792.75,3793
9926460,2019-01-06T05:00:56.523Z,19010605,XBTUSD,3792.5,30087,3793,203369,3792.75,3793
9926492,2019-01-06T05:00:58.579Z,19010605,XBTUSD,3792.5,30093,3793,234807,3792.75,3793
9926496,2019-01-06T05:00:58.853Z,19010605,XBTUSD,3792.5,28078,3793,244586,3792.75,3793
9926518,2019-01-06T05:01:00.005Z,19010605,XBTUSD,3792.5,28062,3793,239615,3792.75,3793
9926526,2019-01-06T05:01:00.280Z,19010605,XBTUSD,3792.5,32013,3793,233228,3792.75,3793
9926548,2019-01-06T05:01:01.618Z,19010605,XBTUSD,3792.5,62413,3793,233278,3792.75,3793
9926598,2019-01-06T05:01:04.630Z,19010605,XBTUSD,3792.5,61416,3793,233278,3792.75,3793
9926653,2019-01-06T05:01:07.082Z,19010605,XBTUSD,3792.5,59602,3793,226103,3792.75,3793
9926673,2019-01-06T05:01:08.208Z,19010605,XBTUSD,3792.5,56340,3793,232943,3792.75,3793
9926682,2019-01-06T05:01:08.904Z,19010605,XBTUSD,3792.5,59500,3793,258103,3792.75,3793
9926697,2019-01-06T05:01:09.664Z,19010605,XBTUSD,3792.5,20002,3793,274943,3792.75,3793
9926724,2019-01-06T05:01:10.920Z,19010605,XBTUSD,3792.5,18039,3793,329956,3792.75,3793
9926755,2019-01-06T05:01:12.664Z,19010605,XBTUSD,3792.5,23420,3793,329085,3792.75,3793
9926769,2019-01-06T05:01:14.003Z,19010605,XBTUSD,3792.5,25813,3793,327995,3792.75,3793
9926794,2019-01-06T05:01:15.693Z,19010605,XBTUSD,3792,91720,3792.5,120248,3792.25,3792.5
9926801,2019-01-06T05:01:15.717Z,19010605,XBTUSD,3792,91720,3792.5,330706,3792.25,3792.5
9926810,2019-01-06T05:01:15.746Z,19010605,XBTUSD,3792,91744,3792.5,384059,3792.25,3792.5
9926822,2019-01-06T05:01:15.808Z,19010605,XBTUSD,3792,93779,3792.5,436581,3792.25,3792.5
9926113,2019-01-06T05:00:34.175Z,19010605,XBTUSD,3792.5,90723,3793,197650,3792.75,3793
9926117,2019-01-06T05:00:34.550Z,19010605,XBTUSD,3792.5,94735,3793,197650,3792.75,3793
9926142,2019-01-06T05:00:35.617Z,19010605,XBTUSD,3792.5,110747,3793,190099,3792.75,3793
9926157,2019-01-06T05:00:36.592Z,19010605,XBTUSD,3792.5,102725,3793,192841,3792.75,3793
9926172,2019-01-06T05:00:37.269Z,19010605,XBTUSD,3792.5,100901,3793,192747,3792.75,3793
9926186,2019-01-06T05:00:38.385Z,19010605,XBTUSD,3792.5,131784,3793,186516,3792.75,3793
9926192,2019-01-06T05:00:38.775Z,19010605,XBTUSD,3792.5,127992,3793,207512,3792.75,3793
9926218,2019-01-06T05:00:40.576Z,19010605,XBTUSD,3792.5,127896,3793,207633,3792.75,3793
9926235,2019-01-06T05:00:41.074Z,19010605,XBTUSD,3792.5,127797,3793,208285,3792.75,3793
9926244,2019-01-06T05:00:42.057Z,19010605,XBTUSD,3792.5,141960,3793,191485,3792.75,3793
9926283,2019-01-06T05:00:44.256Z,19010605,XBTUSD,3792.5,101949,3793,193527,3792.75,3793
9926297,2019-01-06T05:00:47.629Z,19010605,XBTUSD,3792.5,106789,3793,203922,3792.75,3793
9926302,2019-01-06T05:00:47.686Z,19010605,XBTUSD,3792.5,34752,3793,196947,3792.75,3793
9926339,2019-01-06T05:00:48.349Z,19010605,XBTUSD,3792.5,31745,3793,203537,3792.75,3793
9926345,2019-01-06T05:00:49.401Z,19010605,XBTUSD,3792.5,28835,3793,209667,3792.75,3793
9926358,2019-01-06T05:00:50.706Z,19010605,XBTUSD,3792.5,27816,3793,204688,3792.75,3793
9926364,2019-01-06T05:00:51.268Z,19010605,XBTUSD,3792.5,28417,3793,229088,3792.75,3793
9926409,2019-01-06T05:00:53.441Z,19010605,XBTUSD,3792.5,28246,3793,245881,3792.75,3793
9926449,2019-01-06T05:00:56.065Z,19010605,XBTUSD,3792.5,30387,3793,246381,3792.75,3793
9926459,2019-01-06T05:00:56.396Z,19010605,XBTUSD,3792.5,30087,3793,213369,3792.75,3793
9926523,2019-01-06T05:01:00.021Z,19010605,XBTUSD,3792.5,28013,3793,239615,3792.75,3793
9926549,2019-01-06T05:01:01.743Z,19010605,XBTUSD,3792.5,62412,3793,233278,3792.75,3793
9926561,2019-01-06T05:01:02.057Z,19010605,XBTUSD,3792.5,61413,3793,233278,3792.75,3793
9926597,2019-01-06T05:01:04.607Z,19010605,XBTUSD,3792.5,63416,3793,233278,3792.75,3793
9926676,2019-01-06T05:01:08.882Z,19010605,XBTUSD,3792.5,59500,3793,229103,3792.75,3793
9926696,2019-01-06T05:01:09.662Z,19010605,XBTUSD,3792.5,20002,3793,264943,3792.75,3793
9926722,2019-01-06T05:01:10.679Z,19010605,XBTUSD,3792.5,18037,3793,329956,3792.75,3793
9926763,2019-01-06T05:01:12.994Z,19010605,XBTUSD,3792.5,25851,3793,329085,3792.75,3793
9926764,2019-01-06T05:01:13.122Z,19010605,XBTUSD,3792.5,25810,3793,329085,3792.75,3793
9926805,2019-01-06T05:01:15.728Z,19010605,XBTUSD,3792,91720,3792.5,344871,3792.25,3792.5
9926816,2019-01-06T05:01:15.772Z,19010605,XBTUSD,3792,91779,3792.5,411632,3792.25,3792.5
9926819,2019-01-06T05:01:15.793Z,19010605,XBTUSD,3792,91779,3792.5,429632,3792.25,3792.5
9926829,2019-01-06T05:01:15.838Z,19010605,XBTUSD,3792,93789,3792.5,491091,3792.25,3792.5
9926839,2019-01-06T05:01:15.865Z,19010605,XBTUSD,3792,93789,3792.5,580779,3792.25,3792.5
9926848,2019-01-06T05:01:15.915Z,19010605,XBTUSD,3792,93930,3792.5,602818,3792.25,3792.5
9926857,2019-01-06T05:01:15.971Z,19010605,XBTUSD,3792,93930,3792.5,614940,3792.25,3792.5
9926874,2019-01-06T05:01:16.287Z,19010605,XBTUSD,3792,165042,3792.5,561486,3792.25,3792.5
9926886,2019-01-06T05:01:16.810Z,19010605,XBTUSD,3792,169165,3792.5,553384,3792.25,3792.5
9926155,2019-01-06T05:00:36.551Z,19010605,XBTUSD,3792.5,104730,3793,186610,3792.75,3793
9926162,2019-01-06T05:00:36.982Z,19010605,XBTUSD,3792.5,102905,3793,192997,3792.75,3793
9926175,2019-01-06T05:00:37.734Z,19010605,XBTUSD,3792.5,82901,3793,186516,3792.75,3793
9926183,2019-01-06T05:00:38.173Z,19010605,XBTUSD,3792.5,132882,3793,186516,3792.75,3793
9926188,2019-01-06T05:00:38.518Z,19010605,XBTUSD,3792.5,131784,3793,186512,3792.75,3793
9926214,2019-01-06T05:00:39.804Z,19010605,XBTUSD,3792.5,127995,3793,207512,3792.75,3793
9926217,2019-01-06T05:00:40.574Z,19010605,XBTUSD,3792.5,127996,3793,207633,3792.75,3793
9926243,2019-01-06T05:00:41.671Z,19010605,XBTUSD,3792.5,141960,3793,191445,3792.75,3793
9926256,2019-01-06T05:00:42.959Z,19010605,XBTUSD,3792.5,131962,3793,189452,3792.75,3793
9926272,2019-01-06T05:00:43.362Z,19010605,XBTUSD,3792.5,131963,3793,192452,3792.75,3793
9926275,2019-01-06T05:00:43.783Z,19010605,XBTUSD,3792.5,132289,3793,192527,3792.75,3793
9926304,2019-01-06T05:00:47.717Z,19010605,XBTUSD,3792.5,31593,3793,196947,3792.75,3793
9926342,2019-01-06T05:00:48.413Z,19010605,XBTUSD,3792.5,28835,3793,210337,3792.75,3793
9926357,2019-01-06T05:00:50.703Z,19010605,XBTUSD,3792.5,27816,3793,204802,3792.75,3793
9926362,2019-01-06T05:00:50.756Z,19010605,XBTUSD,3792.5,28416,3793,227088,3792.75,3793
9926389,2019-01-06T05:00:52.084Z,19010605,XBTUSD,3792.5,28372,3793,245546,3792.75,3793
9926408,2019-01-06T05:00:53.217Z,19010605,XBTUSD,3792.5,28146,3793,245881,3792.75,3793
9926490,2019-01-06T05:00:58.339Z,19010605,XBTUSD,3792.5,30092,3793,244807,3792.75,3793
9926497,2019-01-06T05:00:58.903Z,19010605,XBTUSD,3792.5,28058,3793,244586,3792.75,3793
9926514,2019-01-06T05:00:59.428Z,19010605,XBTUSD,3792.5,28059,3793,239745,3792.75,3793
9926519,2019-01-06T05:01:00.007Z,19010605,XBTUSD,3792.5,28063,3793,239615,3792.75,3793
9926593,2019-01-06T05:01:04.375Z,19010605,XBTUSD,3792.5,64576,3793,216438,3792.75,3793
9926603,2019-01-06T05:01:04.960Z,19010605,XBTUSD,3792.5,64578,3793,226103,3792.75,3793
9926625,2019-01-06T05:01:05.592Z,19010605,XBTUSD,3792.5,69643,3793,215768,3792.75,3793
9926654,2019-01-06T05:01:07.100Z,19010605,XBTUSD,3792.5,56442,3793,226103,3792.75,3793
9926681,2019-01-06T05:01:08.899Z,19010605,XBTUSD,3792.5,59500,3793,253103,3792.75,3793
9926698,2019-01-06T05:01:09.687Z,19010605,XBTUSD,3792.5,20002,3793,306943,3792.75,3793
9926720,2019-01-06T05:01:10.318Z,19010605,XBTUSD,3792.5,18038,3793,306956,3792.75,3793
9926753,2019-01-06T05:01:12.657Z,19010605,XBTUSD,3792.5,21420,3793,329116,3792.75,3793
9926791,2019-01-06T05:01:15.655Z,19010605,XBTUSD,3792,91720,3793,327995,3792.5,3793
9926799,2019-01-06T05:01:15.713Z,19010605,XBTUSD,3792,91720,3792.5,231606,3792.25,3792.5
9926813,2019-01-06T05:01:15.752Z,19010605,XBTUSD,3792,91744,3792.5,396331,3792.25,3792.5
9926825,2019-01-06T05:01:15.823Z,19010605,XBTUSD,3792,93779,3792.5,474081,3792.25,3792.5
9926838,2019-01-06T05:01:15.857Z,19010605,XBTUSD,3792,93789,3792.5,505010,3792.25,3792.5
9926847,2019-01-06T05:01:15.910Z,19010605,XBTUSD,3792,93940,3792.5,602818,3792.25,3792.5
9926863,2019-01-06T05:01:16.050Z,19010605,XBTUSD,3792,164030,3792.5,581036,3792.25,3792.5
9926873,2019-01-06T05:01:16.239Z,19010605,XBTUSD,3792,164042,3792.5,561486,3792.25,3792.5
9926879,2019-01-06T05:01:16.404Z,19010605,XBTUSD,3792,168532,3792.5,552628,3792.25,3792.5
9926913,2019-01-06T05:01:18.018Z,19010605,XBTUSD,3792,170198,3792.5,564037,3792.25,3792.5
9926967,2019-01-06T05:01:20.491Z,19010605,XBTUSD,3792,129263,3792.5,463163,3792.25,3792.5
9926977,2019-01-06T05:01:21.043Z,19010605,XBTUSD,3792,122630,3792.5,440225,3792.25,3792.5
9926991,2019-01-06T05:01:21.904Z,19010605,XBTUSD,3792,132833,3792.5,415725,3792.25,3792.5
9926191,2019-01-06T05:00:38.755Z,19010605,XBTUSD,3792.5,127992,3793,197512,3792.75,3793
9926215,2019-01-06T05:00:39.904Z,19010605,XBTUSD,3792.5,127996,3793,207512,3792.75,3793
9926219,2019-01-06T05:00:40.584Z,19010605,XBTUSD,3792.5,127896,3793,208285,3792.75,3793
9926238,2019-01-06T05:00:41.093Z,19010605,XBTUSD,3792.5,130958,3793,201445,3792.75,3793
9926274,2019-01-06T05:00:43.570Z,19010605,XBTUSD,3792.5,131964,3793,192527,3792.75,3793
9926285,2019-01-06T05:00:44.303Z,19010605,XBTUSD,3792.5,101950,3793,203527,3792.75,3793
9926295,2019-01-06T05:00:47.403Z,19010605,XBTUSD,3792.5,106789,3793,203487,3792.75,3793
9926305,2019-01-06T05:00:47.731Z,19010605,XBTUSD,3792.5,31593,3793,203787,3792.75,3793
9926335,2019-01-06T05:00:48.303Z,19010605,XBTUSD,3792.5,31651,3793,203729,3792.75,3793
9926365,2019-01-06T05:00:51.278Z,19010605,XBTUSD,3792.5,28369,3793,229088,3792.75,3793
9926390,2019-01-06T05:00:52.109Z,19010605,XBTUSD,3792.5,28144,3793,245546,3792.75,3793
9926422,2019-01-06T05:00:54.602Z,19010605,XBTUSD,3792.5,28369,3793,246381,3792.75,3793
9926448,2019-01-06T05:00:56.061Z,19010605,XBTUSD,3792.5,30386,3793,246381,3792.75,3793
9926476,2019-01-06T05:00:57.212Z,19010605,XBTUSD,3792.5,30089,3793,234586,3792.75,3793
9926491,2019-01-06T05:00:58.477Z,19010605,XBTUSD,3792.5,30093,3793,244807,3792.75,3793
9926494,2019-01-06T05:00:58.716Z,19010605,XBTUSD,3792.5,28078,3793,234807,3792.75,3793
9926527,2019-01-06T05:01:00.406Z,19010605,XBTUSD,3792.5,32023,3793,233228,3792.75,3793
9926562,2019-01-06T05:01:02.062Z,19010605,XBTUSD,3792.5,61414,3793,233278,3792.75,3793
9926600,2019-01-06T05:01:04.814Z,19010605,XBTUSD,3792.5,61416,3793,226103,3792.75,3793
9926623,2019-01-06T05:01:05.538Z,19010605,XBTUSD,3792.5,73643,3793,216103,3792.75,3793
9926674,2019-01-06T05:01:08.527Z,19010605,XBTUSD,3792.5,56340,3793,226103,3792.75,3793
9926685,2019-01-06T05:01:08.923Z,19010605,XBTUSD,3792.5,54500,3793,258103,3792.75,3793
9926693,2019-01-06T05:01:09.166Z,19010605,XBTUSD,3792.5,50340,3793,264943,3792.75,3793
9926757,2019-01-06T05:01:12.675Z,19010605,XBTUSD,3792.5,24495,3793,329085,3792.75,3793
9926793,2019-01-06T05:01:15.689Z,19010605,XBTUSD,3792,91720,3792.5,120098,3792.25,3792.5
9926797,2019-01-06T05:01:15.708Z,19010605,XBTUSD,3792,91720,3792.5,212338,3792.25,3792.5
9926807,2019-01-06T05:01:15.735Z,19010605,XBTUSD,3792,91720,3792.5,345121,3792.25,3792.5
9926817,2019-01-06T05:01:15.774Z,19010605,XBTUSD,3792,91779,3792.5,419632,3792.25,3792.5
9926826,2019-01-06T05:01:15.825Z,19010605,XBTUSD,3792,93789,3792.5,474091,3792.25,3792.5
9926834,2019-01-06T05:01:15.847Z,19010605,XBTUSD,3792,93789,3792.5,488008,3792.25,3792.5
9926844,2019-01-06T05:01:15.899Z,19010605,XBTUSD,3792,93789,3792.5,590818,3792.25,3792.5
9926865,2019-01-06T05:01:16.064Z,19010605,XBTUSD,3792,164030,3792.5,623036,3792.25,3792.5
9926867,2019-01-06T05:01:16.118Z,19010605,XBTUSD,3792,164030,3792.5,586084,3792.25,3792.5
9926877,2019-01-06T05:01:16.320Z,19010605,XBTUSD,3792,168042,3792.5,562138,3792.25,3792.5
9926887,2019-01-06T05:01:16.943Z,19010605,XBTUSD,3792,167165,3792.5,553384,3792.25,3792.5
9926909,2019-01-06T05:01:17.405Z,19010605,XBTUSD,3792,172199,3792.5,553417,3792.25,3792.5
9926334,2019-01-06T05:00:48.198Z,19010605,XBTUSD,3792.5,31593,3793,203729,3792.75,3793
9926361,2019-01-06T05:00:50.754Z,19010605,XBTUSD,3792.5,28416,3793,203088,3792.75,3793
9926371,2019-01-06T05:00:51.624Z,19010605,XBTUSD,3792.5,28370,3793,245653,3792.75,3793
9926411,2019-01-06T05:00:53.960Z,19010605,XBTUSD,3792.5,28317,3793,246381,3792.75,3793
9926445,2019-01-06T05:00:55.604Z,19010605,XBTUSD,3792.5,30376,3793,246381,3792.75,3793
9926462,2019-01-06T05:00:56.923Z,19010605,XBTUSD,3792.5,30088,3793,236386,3792.75,3793
9926498,2019-01-06T05:00:59.007Z,19010605,XBTUSD,3792.5,28059,3793,244586,3792.75,3793
9926525,2019-01-06T05:01:00.213Z,19010605,XBTUSD,3792.5,28013,3793,233228,3792.75,3793
9926563,2019-01-06T05:01:02.072Z,19010605,XBTUSD,3792.5,61414,3793,226438,3792.75,3793
9926595,2019-01-06T05:01:04.549Z,19010605,XBTUSD,3792.5,66576,3793,226438,3792.75,3793
9926602,2019-01-06T05:01:04.908Z,19010605,XBTUSD,3792.5,61418,3793,226103,3792.75,3793
9926657,2019-01-06T05:01:07.120Z,19010605,XBTUSD,3792.5,56444,3793,232943,3792.75,3793
9926683,2019-01-06T05:01:08.914Z,19010605,XBTUSD,3792.5,57500,3793,258103,3792.75,3793
9926699,2019-01-06T05:01:09.711Z,19010605,XBTUSD,3792.5,19992,3793,306943,3792.75,3793
9926719,2019-01-06T05:01:10.316Z,19010605,XBTUSD,3792.5,18037,3793,306956,3792.75,3793
9926741,2019-01-06T05:01:11.291Z,19010605,XBTUSD,3792.5,21039,3793,327956,3792.75,3793
9926761,2019-01-06T05:01:12.707Z,19010605,XBTUSD,3792.5,25550,3793,329085,3792.75,3793
9926765,2019-01-06T05:01:13.206Z,19010605,XBTUSD,3792.5,25811,3793,329085,3792.75,3793
9926796,2019-01-06T05:01:15.701Z,19010605,XBTUSD,3792,91720,3792.5,202338,3792.25,3792.5
9926806,2019-01-06T05:01:15.732Z,19010605,XBTUSD,3792,91720,3792.5,345021,3792.25,3792.5
9926815,2019-01-06T05:01:15.756Z,19010605,XBTUSD,3792,91779,3792.5,411432,3792.25,3792.5
9926824,2019-01-06T05:01:15.818Z,19010605,XBTUSD,3792,93779,3792.5,469081,3792.25,3792.5
9926830,2019-01-06T05:01:15.840Z,19010605,XBTUSD,3792,93789,3792.5,495091,3792.25,3792.5
9926840,2019-01-06T05:01:15.866Z,19010605,XBTUSD,3792,93789,3792.5,584779,3792.25,3792.5
9926850,2019-01-06T05:01:15.937Z,19010605,XBTUSD,3792,93930,3792.5,604816,3792.25,3792.5
9926858,2019-01-06T05:01:15.994Z,19010605,XBTUSD,3792,93930,3792.5,623049,3792.25,3792.5
9926871,2019-01-06T05:01:16.208Z,19010605,XBTUSD,3792,164041,3792.5,557328,3792.25,3792.5
9926880,2019-01-06T05:01:16.472Z,19010605,XBTUSD,3792,168721,3792.5,552628,3792.25,3792.5
9926907,2019-01-06T05:01:17.165Z,19010605,XBTUSD,3792,167198,3792.5,553417,3792.25,3792.5
9926922,2019-01-06T05:01:18.208Z,19010605,XBTUSD,3792,170199,3792.5,564037,3792.25,3792.5
9926963,2019-01-06T05:01:20.417Z,19010605,XBTUSD,3792,171262,3792.5,463163,3792.25,3792.5
9926971,2019-01-06T05:01:20.534Z,19010605,XBTUSD,3792,129264,3792.5,455054,3792.25,3792.5
9926989,2019-01-06T05:01:21.876Z,19010605,XBTUSD,3792,132632,3792.5,415725,3792.25,3792.5
9927047,2019-01-06T05:01:24.504Z,19010605,XBTUSD,3792,135907,3792.5,385012,3792.25,3792.5
9927072,2019-01-06T05:01:26.210Z,19010605,XBTUSD,3792,137394,3792.5,385012,3792.25,3792.5
9926516,2019-01-06T05:00:59.508Z,19010605,XBTUSD,3792.5,28061,3793,239745,3792.75,3793
9926594,2019-01-06T05:01:04.519Z,19010605,XBTUSD,3792.5,64576,3793,226438,3792.75,3793
9926601,2019-01-06T05:01:04.903Z,19010605,XBTUSD,3792.5,61417,3793,226103,3792.75,3793
9926656,2019-01-06T05:01:07.116Z,19010605,XBTUSD,3792.5,56444,3793,226103,3792.75,3793
9926680,2019-01-06T05:01:08.896Z,19010605,XBTUSD,3792.5,59500,3793,249103,3792.75,3793
9926701,2019-01-06T05:01:09.848Z,19010605,XBTUSD,3792.5,18096,3793,306956,3792.75,3793
9926725,2019-01-06T05:01:11.041Z,19010605,XBTUSD,3792.5,23039,3793,329956,3792.75,3793
9926756,2019-01-06T05:01:12.669Z,19010605,XBTUSD,3792.5,23495,3793,329085,3792.75,3793
9926803,2019-01-06T05:01:15.722Z,19010605,XBTUSD,3792,91720,3792.5,340796,3792.25,3792.5
9926814,2019-01-06T05:01:15.754Z,19010605,XBTUSD,3792,91779,3792.5,406432,3792.25,3792.5
9926823,2019-01-06T05:01:15.811Z,19010605,XBTUSD,3792,93779,3792.5,449081,3792.25,3792.5
9926836,2019-01-06T05:01:15.850Z,19010605,XBTUSD,3792,93789,3792.5,493010,3792.25,3792.5
9926849,2019-01-06T05:01:15.935Z,19010605,XBTUSD,3792,93930,3792.5,602816,3792.25,3792.5
9926859,2019-01-06T05:01:15.997Z,19010605,XBTUSD,3792,93930,3792.5,547280,3792.25,3792.5
9926872,2019-01-06T05:01:16.217Z,19010605,XBTUSD,3792,164042,3792.5,557328,3792.25,3792.5
9926878,2019-01-06T05:01:16.358Z,19010605,XBTUSD,3792,168042,3792.5,552138,3792.25,3792.5
9926927,2019-01-06T05:01:18.705Z,19010605,XBTUSD,3792,170097,3792.5,465037,3792.25,3792.5
9926946,2019-01-06T05:01:19.838Z,19010605,XBTUSD,3792,170058,3792.5,463163,3792.25,3792.5
9926969,2019-01-06T05:01:20.505Z,19010605,XBTUSD,3792,129264,3792.5,465163,3792.25,3792.5
9926983,2019-01-06T05:01:21.105Z,19010605,XBTUSD,3792,122631,3792.5,440225,3792.25,3792.5
9926993,2019-01-06T05:01:21.984Z,19010605,XBTUSD,3792,132834,3792.5,416225,3792.25,3792.5
9927028,2019-01-06T05:01:23.410Z,19010605,XBTUSD,3792,130685,3792.5,396225,3792.25,3792.5
9927046,2019-01-06T05:01:24.406Z,19010605,XBTUSD,3792,175902,3792.5,385012,3792.25,3792.5
9927074,2019-01-06T05:01:26.461Z,19010605,XBTUSD,3792,137094,3792.5,387012,3792.25,3792.5
9927076,2019-01-06T05:01:26.725Z,19010605,XBTUSD,3792,137104,3792.5,387052,3792.25,3792.5
9927122,2019-01-06T05:01:29.807Z,19010605,XBTUSD,3792,133316,3792.5,390052,3792.25,3792.5
9927129,2019-01-06T05:01:30.814Z,19010605,XBTUSD,3792,139928,3792.5,466215,3792.25,3792.5
9927139,2019-01-06T05:01:31.034Z,19010605,XBTUSD,3792,10,3792.5,470836,3792.25,3792.5
9927145,2019-01-06T05:01:31.177Z,19010605,XBTUSD,3792,10,3792.5,482588,3792.25,3792.5
9927169,2019-01-06T05:01:31.751Z,19010605,XBTUSD,3791.5,225619,3792,175,3791.75,3792
9927171,2019-01-06T05:01:31.762Z,19010605,XBTUSD,3791.5,225619,3792,475,3791.75,3792
9927181,2019-01-06T05:01:31.817Z,19010605,XBTUSD,3791.5,225619,3792,160101,3791.75,3792
9927191,2019-01-06T05:01:31.894Z,19010605,XBTUSD,3791.5,225619,3792,581457,3791.75,3792
9927193,2019-01-06T05:01:31.968Z,19010605,XBTUSD,3791.5,225619,3792,591250,3791.75,3792
9927203,2019-01-06T05:01:32.131Z,19010605,XBTUSD,3791.5,225618,3792,682115,3791.75,3792
9927232,2019-01-06T05:01:32.824Z,19010605,XBTUSD,3791.5,147353,3792,721749,3791.75,3792
9927235,2019-01-06T05:01:33.433Z,19010605,XBTUSD,3791.5,137377,3792,721759,3791.75,3792
9927257,2019-01-06T05:01:33.833Z,19010605,XBTUSD,3791.5,129342,3792,461506,3791.75,3792
9927267,2019-01-06T05:01:33.944Z,19010605,XBTUSD,3791.5,129342,3792,608279,3791.75,3792
9927277,2019-01-06T05:01:33.989Z,19010605,XBTUSD,3791.5,129342,3792,641924,3791.75,3792
9927279,2019-01-06T05:01:34.009Z,19010605,XBTUSD,3791.5,129342,3792,650924,3791.75,3792
9927289,2019-01-06T05:01:34.132Z,19010605,XBTUSD,3791.5,129342,3792,703195,3791.75,3792
9926678,2019-01-06T05:01:08.890Z,19010605,XBTUSD,3792.5,59500,3793,236103,3792.75,3793
9926692,2019-01-06T05:01:09.095Z,19010605,XBTUSD,3792.5,50340,3793,258103,3792.75,3793
9926723,2019-01-06T05:01:10.817Z,19010605,XBTUSD,3792.5,18038,3793,329956,3792.75,3793
9926742,2019-01-06T05:01:11.673Z,19010605,XBTUSD,3792.5,19439,3793,329356,3792.75,3793
9926762,2019-01-06T05:01:12.709Z,19010605,XBTUSD,3792.5,25551,3793,329085,3792.75,3793
9926768,2019-01-06T05:01:13.948Z,19010605,XBTUSD,3792.5,25812,3793,327995,3792.75,3793
9926800,2019-01-06T05:01:15.715Z,19010605,XBTUSD,3792,91720,3792.5,330606,3792.25,3792.5
9926809,2019-01-06T05:01:15.741Z,19010605,XBTUSD,3792,91744,3792.5,364059,3792.25,3792.5
9926820,2019-01-06T05:01:15.804Z,19010605,XBTUSD,3792,93779,3792.5,429632,3792.25,3792.5
9926832,2019-01-06T05:01:15.842Z,19010605,XBTUSD,3792,93789,3792.5,498091,3792.25,3792.5
9926842,2019-01-06T05:01:15.886Z,19010605,XBTUSD,3792,93789,3792.5,587807,3792.25,3792.5
9926862,2019-01-06T05:01:16.050Z,19010605,XBTUSD,3792,164030,3792.5,571036,3792.25,3792.5
9926869,2019-01-06T05:01:16.193Z,19010605,XBTUSD,3792,164030,3792.5,557328,3792.25,3792.5
9926883,2019-01-06T05:01:16.684Z,19010605,XBTUSD,3792,168910,3792.5,553264,3792.25,3792.5
9926928,2019-01-06T05:01:18.898Z,19010605,XBTUSD,3792,170097,3792.5,463037,3792.25,3792.5
9926945,2019-01-06T05:01:19.344Z,19010605,XBTUSD,3792,170078,3792.5,463122,3792.25,3792.5
9926966,2019-01-06T05:01:20.465Z,19010605,XBTUSD,3792,129262,3792.5,463163,3792.25,3792.5
9926975,2019-01-06T05:01:20.742Z,19010605,XBTUSD,3792,122630,3792.5,448214,3792.25,3792.5
9926984,2019-01-06T05:01:21.109Z,19010605,XBTUSD,3792,122632,3792.5,440225,3792.25,3792.5
9927045,2019-01-06T05:01:24.404Z,19010605,XBTUSD,3792,175901,3792.5,385012,3792.25,3792.5
9927070,2019-01-06T05:01:26.128Z,19010605,XBTUSD,3792,137392,3792.5,385012,3792.25,3792.5
9927079,2019-01-06T05:01:27.015Z,19010605,XBTUSD,3792,137331,3792.5,387052,3792.25,3792.5
9927088,2019-01-06T05:01:27.707Z,19010605,XBTUSD,3792,137312,3792.5,388052,3792.25,3792.5
9927120,2019-01-06T05:01:29.766Z,19010605,XBTUSD,3792,133314,3792.5,390052,3792.25,3792.5
9927123,2019-01-06T05:01:29.884Z,19010605,XBTUSD,3792,134316,3792.5,390052,3792.25,3792.5
9927134,2019-01-06T05:01:30.961Z,19010605,XBTUSD,3792,117937,3792.5,471215,3792.25,3792.5
9927164,2019-01-06T05:01:31.462Z,19010605,XBTUSD,3792,10,3792.5,546588,3792.25,3792.5
9927172,2019-01-06T05:01:31.767Z,19010605,XBTUSD,3791.5,225619,3792,625,3791.75,3792
9927186,2019-01-06T05:01:31.849Z,19010605,XBTUSD,3791.5,225619,3792,442787,3791.75,3792
9927198,2019-01-06T05:01:32.050Z,19010605,XBTUSD,3791.5,225619,3792,630115,3791.75,3792
9927206,2019-01-06T05:01:32.300Z,19010605,XBTUSD,3791.5,225653,3792,721749,3791.75,3792
9927233,2019-01-06T05:01:33.043Z,19010605,XBTUSD,3791.5,137353,3792,721749,3791.75,3792
9927237,2019-01-06T05:01:33.730Z,19010605,XBTUSD,3791.5,129377,3792,721769,3791.75,3792
9927263,2019-01-06T05:01:33.929Z,19010605,XBTUSD,3791.5,129342,3792,352071,3791.75,3792
9927271,2019-01-06T05:01:33.965Z,19010605,XBTUSD,3791.5,129342,3792,623384,3791.75,3792
9927284,2019-01-06T05:01:34.075Z,19010605,XBTUSD,3791.5,129342,3792,684777,3791.75,3792
9927292,2019-01-06T05:01:34.178Z,19010605,XBTUSD,3791.5,129342,3792,717202,3791.75,3792
9927301,2019-01-06T05:01:34.229Z,19010605,XBTUSD,3791.5,129365,3792,803235,3791.75,3792
9927311,2019-01-06T05:01:34.297Z,19010605,XBTUSD,3791.5,129375,3792,819432,3791.75,3792
9927321,2019-01-06T05:01:34.445Z,19010605,XBTUSD,3791.5,159697,3792,888716,3791.75,3792
9927324,2019-01-06T05:01:34.470Z,19010605,XBTUSD,3791.5,159697,3792,899709,3791.75,3792
9927364,2019-01-06T05:01:34.525Z,19010605,XBTUSD,3791.5,139697,3792,891709,3791.75,3792
9927381,2019-01-06T05:01:34.697Z,19010605,XBTUSD,3791.5,150214,3792,869937,3791.75,3792
9927392,2019-01-06T05:01:34.950Z,19010605,XBTUSD,3791.5,200217,3792,747922,3791.75,3792
9927489,2019-01-06T05:01:35.701Z,19010605,XBTUSD,3791.5,150227,3792,644700,3791.75,3792
9927496,2019-01-06T05:01:35.745Z,19010605,XBTUSD,3791.5,109885,3792,639360,3791.75,3792
9926700,2019-01-06T05:01:09.718Z,19010605,XBTUSD,3792.5,18096,3793,306943,3792.75,3793
9926745,2019-01-06T05:01:11.786Z,19010605,XBTUSD,3792.5,19420,3793,329356,3792.75,3793
9926754,2019-01-06T05:01:12.659Z,19010605,XBTUSD,3792.5,23420,3793,329116,3792.75,3793
9926758,2019-01-06T05:01:12.676Z,19010605,XBTUSD,3792.5,25495,3793,329085,3792.75,3793
9926770,2019-01-06T05:01:14.005Z,19010605,XBTUSD,3792.5,25814,3793,327995,3792.75,3793
9926792,2019-01-06T05:01:15.674Z,19010605,XBTUSD,3792,91720,3792.5,120083,3792.25,3792.5
9926798,2019-01-06T05:01:15.710Z,19010605,XBTUSD,3792,91720,3792.5,212488,3792.25,3792.5
9926808,2019-01-06T05:01:15.739Z,19010605,XBTUSD,3792,91744,3792.5,363969,3792.25,3792.5
9926818,2019-01-06T05:01:15.779Z,19010605,XBTUSD,3792,91779,3792.5,424632,3792.25,3792.5
9926828,2019-01-06T05:01:15.835Z,19010605,XBTUSD,3792,93789,3792.5,487091,3792.25,3792.5
9926831,2019-01-06T05:01:15.841Z,19010605,XBTUSD,3792,93789,3792.5,496091,3792.25,3792.5
9926843,2019-01-06T05:01:15.892Z,19010605,XBTUSD,3792,93789,3792.5,587818,3792.25,3792.5
9926856,2019-01-06T05:01:15.953Z,19010605,XBTUSD,3792,93930,3792.5,614816,3792.25,3792.5
9926866,2019-01-06T05:01:16.115Z,19010605,XBTUSD,3792,164030,3792.5,623084,3792.25,3792.5
9926876,2019-01-06T05:01:16.290Z,19010605,XBTUSD,3792,168042,3792.5,561486,3792.25,3792.5
9926884,2019-01-06T05:01:16.716Z,19010605,XBTUSD,3792,169163,3792.5,553384,3792.25,3792.5
9926912,2019-01-06T05:01:17.516Z,19010605,XBTUSD,3792,172198,3792.5,564037,3792.25,3792.5
9926924,2019-01-06T05:01:18.354Z,19010605,XBTUSD,3792,170200,3792.5,465037,3792.25,3792.5
9926943,2019-01-06T05:01:19.204Z,19010605,XBTUSD,3792,170077,3792.5,463047,3792.25,3792.5
9926962,2019-01-06T05:01:20.247Z,19010605,XBTUSD,3792,172262,3792.5,463163,3792.25,3792.5
9926973,2019-01-06T05:01:20.547Z,19010605,XBTUSD,3792,132424,3792.5,448214,3792.25,3792.5
9926988,2019-01-06T05:01:21.467Z,19010605,XBTUSD,3792,132632,3792.5,415225,3792.25,3792.5
9927020,2019-01-06T05:01:22.777Z,19010605,XBTUSD,3792,120685,3792.5,416225,3792.25,3792.5
9927032,2019-01-06T05:01:23.526Z,19010605,XBTUSD,3792,125687,3792.5,393225,3792.25,3792.5
9927048,2019-01-06T05:01:24.678Z,19010605,XBTUSD,3792,135701,3792.5,385012,3792.25,3792.5
9927052,2019-01-06T05:01:24.913Z,19010605,XBTUSD,3792,140892,3792.5,385012,3792.25,3792.5
9927075,2019-01-06T05:01:26.720Z,19010605,XBTUSD,3792,137104,3792.5,387012,3792.25,3792.5
9927119,2019-01-06T05:01:29.763Z,19010605,XBTUSD,3792,133314,3792.5,388052,3792.25,3792.5
9927133,2019-01-06T05:01:30.958Z,19010605,XBTUSD,3792,121937,3792.5,471215,3792.25,3792.5
9927179,2019-01-06T05:01:31.799Z,19010605,XBTUSD,3791.5,225619,3792,139967,3791.75,3792
9927183,2019-01-06T05:01:31.828Z,19010605,XBTUSD,3791.5,225619,3792,290192,3791.75,3792
9927195,2019-01-06T05:01:32.050Z,19010605,XBTUSD,3791.5,225619,3792,596359,3791.75,3792
9927234,2019-01-06T05:01:33.407Z,19010605,XBTUSD,3791.5,137353,3792,721759,3791.75,3792
9927259,2019-01-06T05:01:33.863Z,19010605,XBTUSD,3791.5,129342,3792,356407,3791.75,3792
9927272,2019-01-06T05:01:33.967Z,19010605,XBTUSD,3791.5,129342,3792,623474,3791.75,3792
9927283,2019-01-06T05:01:34.037Z,19010605,XBTUSD,3791.5,129342,3792,684677,3791.75,3792
9927295,2019-01-06T05:01:34.194Z,19010605,XBTUSD,3791.5,129342,3792,802702,3791.75,3792
9927309,2019-01-06T05:01:34.290Z,19010605,XBTUSD,3791.5,129375,3792,818252,3791.75,3792
9927312,2019-01-06T05:01:34.299Z,19010605,XBTUSD,3791.5,129375,3792,818812,3791.75,3792
9927322,2019-01-06T05:01:34.456Z,19010605,XBTUSD,3791.5,159697,3792,898716,3791.75,3792
9927363,2019-01-06T05:01:34.516Z,19010605,XBTUSD,3791.5,139697,3792,889709,3791.75,3792
9927373,2019-01-06T05:01:34.638Z,19010605,XBTUSD,3791.5,140214,3792,876765,3791.75,3792
9927383,2019-01-06T05:01:34.796Z,19010605,XBTUSD,3791.5,150214,3792,873944,3791.75,3792
9927393,2019-01-06T05:01:34.972Z,19010605,XBTUSD,3791.5,200217,3792,747920,3791.75,3792
9927493,2019-01-06T05:01:35.715Z,19010605,XBTUSD,3791.5,119895,3792,638981,3791.75,3792
9926759,2019-01-06T05:01:12.679Z,19010605,XBTUSD,3792.5,25514,3793,329085,3792.75,3793
9926767,2019-01-06T05:01:13.898Z,19010605,XBTUSD,3792.5,25812,3793,328995,3792.75,3793
9926795,2019-01-06T05:01:15.696Z,19010605,XBTUSD,3792,91720,3792.5,120338,3792.25,3792.5
9926804,2019-01-06T05:01:15.727Z,19010605,XBTUSD,3792,91720,3792.5,344796,3792.25,3792.5
9926811,2019-01-06T05:01:15.748Z,19010605,XBTUSD,3792,91744,3792.5,391331,3792.25,3792.5
9926821,2019-01-06T05:01:15.806Z,19010605,XBTUSD,3792,93779,3792.5,436472,3792.25,3792.5
9926837,2019-01-06T05:01:15.852Z,19010605,XBTUSD,3792,93789,3792.5,503010,3792.25,3792.5
9926841,2019-01-06T05:01:15.879Z,19010605,XBTUSD,3792,93789,3792.5,584807,3792.25,3792.5
9926861,2019-01-06T05:01:16.050Z,19010605,XBTUSD,3792,164030,3792.5,552280,3792.25,3792.5
9926868,2019-01-06T05:01:16.192Z,19010605,XBTUSD,3792,164030,3792.5,576084,3792.25,3792.5
9926882,2019-01-06T05:01:16.585Z,19010605,XBTUSD,3792,168721,3792.5,553264,3792.25,3792.5
9926910,2019-01-06T05:01:17.407Z,19010605,XBTUSD,3792,172200,3792.5,553417,3792.25,3792.5
9926923,2019-01-06T05:01:18.210Z,19010605,XBTUSD,3792,170200,3792.5,564037,3792.25,3792.5
9926942,2019-01-06T05:01:19.143Z,19010605,XBTUSD,3792,170097,3792.5,463047,3792.25,3792.5
9926961,2019-01-06T05:01:20.222Z,19010605,XBTUSD,3792,168262,3792.5,463163,3792.25,3792.5
9926974,2019-01-06T05:01:20.667Z,19010605,XBTUSD,3792,122424,3792.5,448214,3792.25,3792.5
9926986,2019-01-06T05:01:21.202Z,19010605,XBTUSD,3792,122632,3792.5,425225,3792.25,3792.5
9927019,2019-01-06T05:01:22.739Z,19010605,XBTUSD,3792,120205,3792.5,416225,3792.25,3792.5
9927033,2019-01-06T05:01:23.600Z,19010605,XBTUSD,3792,123900,3792.5,395012,3792.25,3792.5
9927043,2019-01-06T05:01:24.385Z,19010605,XBTUSD,3792,165900,3792.5,385012,3792.25,3792.5
9927073,2019-01-06T05:01:26.446Z,19010605,XBTUSD,3792,137394,3792.5,387012,3792.25,3792.5
9927086,2019-01-06T05:01:27.580Z,19010605,XBTUSD,3792,137332,3792.5,387052,3792.25,3792.5
9927128,2019-01-06T05:01:30.788Z,19010605,XBTUSD,3792,134928,3792.5,466215,3792.25,3792.5
9927138,2019-01-06T05:01:31.017Z,19010605,XBTUSD,3792,10,3792.5,471215,3792.25,3792.5
9927166,2019-01-06T05:01:31.543Z,19010605,XBTUSD,3792,10,3792.5,559628,3792.25,3792.5
9927173,2019-01-06T05:01:31.773Z,19010605,XBTUSD,3791.5,225619,3792,715,3791.75,3792
9927190,2019-01-06T05:01:31.869Z,19010605,XBTUSD,3791.5,225619,3792,576886,3791.75,3792
9927199,2019-01-06T05:01:32.071Z,19010605,XBTUSD,3791.5,225619,3792,635115,3791.75,3792
9927205,2019-01-06T05:01:32.254Z,19010605,XBTUSD,3791.5,225618,3792,721749,3791.75,3792
9927231,2019-01-06T05:01:32.626Z,19010605,XBTUSD,3791.5,150353,3792,721749,3791.75,3792
9927241,2019-01-06T05:01:33.824Z,19010605,XBTUSD,3791.5,129342,3792,581601,3791.75,3792
9927266,2019-01-06T05:01:33.938Z,19010605,XBTUSD,3791.5,129342,3792,589161,3791.75,3792
9927269,2019-01-06T05:01:33.954Z,19010605,XBTUSD,3791.5,129342,3792,608444,3791.75,3792
9927281,2019-01-06T05:01:34.016Z,19010605,XBTUSD,3791.5,129342,3792,679594,3791.75,3792
9927297,2019-01-06T05:01:34.211Z,19010605,XBTUSD,3791.5,129389,3792,802702,3791.75,3792
9927307,2019-01-06T05:01:34.274Z,19010605,XBTUSD,3791.5,129375,3792,828587,3791.75,3792
9927320,2019-01-06T05:01:34.441Z,19010605,XBTUSD,3791.5,159697,3792,881966,3791.75,3792
9927367,2019-01-06T05:01:34.594Z,19010605,XBTUSD,3791.5,140187,3792,883443,3791.75,3792
9927378,2019-01-06T05:01:34.673Z,19010605,XBTUSD,3791.5,140214,3792,867285,3791.75,3792
9927389,2019-01-06T05:01:34.915Z,19010605,XBTUSD,3791.5,200217,3792,750068,3791.75,3792
9927398,2019-01-06T05:01:35.017Z,19010605,XBTUSD,3791.5,200217,3792,580948,3791.75,3792
9927498,2019-01-06T05:01:35.796Z,19010605,XBTUSD,3791.5,109887,3792,639360,3791.75,3792
9927538,2019-01-06T05:01:36.181Z,19010605,XBTUSD,3791.5,92609,3792,559379,3791.75,3792
9927591,2019-01-06T05:01:37.466Z,19010605,XBTUSD,3791.5,95021,3792,563936,3791.75,3792
9926833,2019-01-06T05:01:15.845Z,19010605,XBTUSD,3792,93789,3792.5,478008,3792.25,3792.5
9926846,2019-01-06T05:01:15.909Z,19010605,XBTUSD,3792,93940,3792.5,600818,3792.25,3792.5
9926864,2019-01-06T05:01:16.064Z,19010605,XBTUSD,3792,164030,3792.5,586036,3792.25,3792.5
9926870,2019-01-06T05:01:16.204Z,19010605,XBTUSD,3792,164040,3792.5,557328,3792.25,3792.5
9926881,2019-01-06T05:01:16.544Z,19010605,XBTUSD,3792,168721,3792.5,552752,3792.25,3792.5
9926948,2019-01-06T05:01:19.906Z,19010605,XBTUSD,3792,170060,3792.5,463163,3792.25,3792.5
9926970,2019-01-06T05:01:20.521Z,19010605,XBTUSD,3792,129264,3792.5,457054,3792.25,3792.5
9926990,2019-01-06T05:01:21.878Z,19010605,XBTUSD,3792,132832,3792.5,415725,3792.25,3792.5
9927018,2019-01-06T05:01:22.507Z,19010605,XBTUSD,3792,130205,3792.5,416225,3792.25,3792.5
9927030,2019-01-06T05:01:23.507Z,19010605,XBTUSD,3792,125686,3792.5,396225,3792.25,3792.5
9927050,2019-01-06T05:01:24.905Z,19010605,XBTUSD,3792,135891,3792.5,385012,3792.25,3792.5
9927071,2019-01-06T05:01:26.207Z,19010605,XBTUSD,3792,137393,3792.5,385012,3792.25,3792.5
9927117,2019-01-06T05:01:29.758Z,19010605,XBTUSD,3792,136314,3792.5,388052,3792.25,3792.5
9927124,2019-01-06T05:01:30.000Z,19010605,XBTUSD,3792,134928,3792.5,390052,3792.25,3792.5
9927127,2019-01-06T05:01:30.782Z,19010605,XBTUSD,3792,134928,3792.5,390451,3792.25,3792.5
9927137,2019-01-06T05:01:30.993Z,19010605,XBTUSD,3792,3714,3792.5,471215,3792.25,3792.5
9927144,2019-01-06T05:01:31.173Z,19010605,XBTUSD,3792,10,3792.5,480338,3792.25,3792.5
9927170,2019-01-06T05:01:31.757Z,19010605,XBTUSD,3791.5,225619,3792,325,3791.75,3792
9927180,2019-01-06T05:01:31.804Z,19010605,XBTUSD,3791.5,225619,3792,149967,3791.75,3792
9927188,2019-01-06T05:01:31.861Z,19010605,XBTUSD,3791.5,225619,3792,456787,3791.75,3792
9927194,2019-01-06T05:01:32.050Z,19010605,XBTUSD,3791.5,225619,3792,591359,3791.75,3792
9927239,2019-01-06T05:01:33.786Z,19010605,XBTUSD,3791.5,129342,3792,721779,3791.75,3792
9927261,2019-01-06T05:01:33.905Z,19010605,XBTUSD,3791.5,129342,3792,351846,3791.75,3792
9927273,2019-01-06T05:01:33.975Z,19010605,XBTUSD,3791.5,129342,3792,629674,3791.75,3792
9927282,2019-01-06T05:01:34.031Z,19010605,XBTUSD,3791.5,129342,3792,684667,3791.75,3792
9927298,2019-01-06T05:01:34.218Z,19010605,XBTUSD,3791.5,129389,3792,802713,3791.75,3792
9927302,2019-01-06T05:01:34.235Z,19010605,XBTUSD,3791.5,129365,3792,813235,3791.75,3792
9927319,2019-01-06T05:01:34.438Z,19010605,XBTUSD,3791.5,159697,3792,879966,3791.75,3792
