id,timestamp,hour,symbol,side,size,price,tickDirection,trdMatchID,volTime,tickTime
2832247,2019-01-06T05:00:04.283Z,19010605,XBTUSD,Sell,189,3794,ZeroMinusTick,366d6358-9e02-f323-5f23-87a06808a6db,189,1
2832252,2019-01-06T05:00:04.283Z,19010605,XBTUSD,Sell,33,3794,ZeroMinusTick,17ce9cab-9cdc-5582-5ad1-aba5b744a86c,222,2
2832264,2019-01-06T05:00:04.283Z,19010605,XBTUSD,Sell,20000,3794,ZeroMinusTick,cfbc731a-b2e0-769d-7b17-510427360cae,20222,3
2832278,2019-01-06T05:00:04.283Z,19010605,XBTUSD,Sell,125,3794,ZeroMinusTick,25b31b29-254b-8c59-c4ca-9c91e3097fab,20347,4
2832284,2019-01-06T05:00:04.491Z,19010605,XBTUSD,Sell,500,3794,ZeroMinusTick,836ef97f-bb5f-e1e4-ca2a-79b86bb5bd3a,20847,5
2832328,2019-01-06T05:00:07.193Z,19010605,XBTUSD,Sell,170,3794,ZeroMinusTick,d3ba3e60-b740-31e2-8076-638cc61933c4,21017,6
2832246,2019-01-06T05:00:04.283Z,19010605,XBTUSD,Sell,202,3794,ZeroMinusTick,52bdb293-40b8-09d4-ff47-015b4b6c055b,21219,7
2832259,2019-01-06T05:00:04.283Z,19010605,XBTUSD,Sell,49,3794,ZeroMinusTick,1d709f5b-5a0d-c436-ebe6-13ea1a6fafd0,21268,8
2832262,2019-01-06T05:00:04.283Z,19010605,XBTUSD,Sell,3000,3794,ZeroMinusTick,cc32ffc0-b4da-8bdc-339e-e111019eb261,24268,9
2832272,2019-01-06T05:00:04.283Z,19010605,XBTUSD,Sell,1500,3794,ZeroMinusTick,47a7a54e-06c8-a69f-d153-7307408e3a18,25768,10
2832290,2019-01-06T05:00:04.491Z,19010605,XBTUSD,Sell,800,3794,ZeroMinusTick,0e581b94-2a76-57f2-4f81-3aa924237e91,26568,11
2832241,2019-01-06T05:00:04.283Z,19010605,XBTUSD,Sell,512,3794,ZeroMinusTick,3fa292db-5228-6ab3-3032-56b213da7bea,27080,12
2832251,2019-01-06T05:00:04.283Z,19010605,XBTUSD,Sell,9943,3794,ZeroMinusTick,ca43144c-cf7a-7585-4e0d-e7b71b9e07a9,37023,13
2832261,2019-01-06T05:00:04.283Z,19010605,XBTUSD,Sell,10,3794,ZeroMinusTick,e19cfd47-9d97-7f0c-267a-b3b884b97778,37033,14
2832271,2019-01-06T05:00:04.283Z,19010605,XBTUSD,Sell,500,3794,ZeroMinusTick,2d139e1a-005d-1a2b-4415-ae5ccb56aefb,37533,15
2832276,2019-01-06T05:00:04.283Z,19010605,XBTUSD,Sell,1000,3794,ZeroMinusTick,58492b0b-b007-f245-259b-8fd6ac9b1b98,38533,16
2832291,2019-01-06T05:00:04.491Z,19010605,XBTUSD,Sell,12206,3794,ZeroMinusTick,c4f624ec-e6be-d66c-a6cf-fb884e7c589c,50739,17
2832388,2019-01-06T05:00:17.862Z,19010605,XBTUSD,Sell,1000,3794,ZeroMinusTick,700ca553-5a83-a85b-8aab-1747337b234c,51739,18
2832400,2019-01-06T05:00:18.532Z,19010605,XBTUSD,Sell,33,3794,ZeroMinusTick,9feb047c-1820-96ac-37d8-7b6f00a4ce4a,51772,19
2832410,2019-01-06T05:00:18.532Z,19010605,XBTUSD,Sell,100,3794,ZeroMinusTick,66d6e486-42fc-f2a6-821b-59e5e969ad7f,51872,20
2832426,2019-01-06T05:00:21.652Z,19010605,XBTUSD,Sell,5162,3794,ZeroMinusTick,178c551f-9140-a3d3-caf9-878fdb5cc145,57034,21
2832428,2019-01-06T05:00:22.167Z,19010605,XBTUSD,Sell,7338,3794,ZeroMinusTick,fe4aea2a-b60f-7850-79c1-6d992090196b,64372,22
2832439,2019-01-06T05:00:22.980Z,19010605,XBTUSD,Sell,125,3793.5,ZeroMinusTick,cc183fb6-aeb6-6ca0-2fb1-1af3dc6a28b0,64497,23
2832445,2019-01-06T05:00:23.980Z,19010605,XBTUSD,Sell,16,3793.5,ZeroMinusTick,85b0a9b1-d791-1556-ab8d-d5827e2feca9,64513,24
2832452,2019-01-06T05:00:23.980Z,19010605,XBTUSD,Sell,30,3793.5,ZeroMinusTick,149e6f24-160b-5fd9-4ba6-84ac7b7cc27c,64543,25
2832461,2019-01-06T05:00:25.640Z,19010605,XBTUSD,Buy,106,3794,PlusTick,437c4354-2558-f2bd-b1cb-ca37852500ed,64649,26
2832464,2019-01-06T05:00:25.748Z,19010605,XBTUSD,Sell,189,3793.5,ZeroMinusTick,5eb6a4cb-69cd-01e2-e618-48b54be4055a,64838,27
2832473,2019-01-06T05:00:28.879Z,19010605,XBTUSD,Sell,29,3793.5,ZeroMinusTick,38aa4e91-8592-daac-5056-61d73e014a48,64867,28
2832485,2019-01-06T05:00:28.879Z,19010605,XBTUSD,Sell,33,3793,ZeroMinusTick,ae3bfae2-bb3a-cfe8-d48c-f06c610ac431,64900,29
2832248,2019-01-06T05:00:04.283Z,19010605,XBTUSD,Sell,189,3794,ZeroMinusTick,371aa3d1-7f3d-c227-e3f8-d4e4d3e96131,65089,30
2832257,2019-01-06T05:00:04.283Z,19010605,XBTUSD,Sell,10,3794,ZeroMinusTick,f15374b3-ee37-bbf0-6ea5-ed51bcd50172,65099,31
2832268,2019-01-06T05:00:04.283Z,19010605,XBTUSD,Sell,10,3794,ZeroMinusTick,19a0be9d-3c0d-19c9-b9b6-3ce472b30cce,65109,32
2832281,2019-01-06T05:00:04.283Z,19010605,XBTUSD,Sell,28521,3794,ZeroMinusTick,c4b1fa15-f364-ea03-c32e-6047aa0a9548,93630,33
2832283,2019-01-06T05:00:04.491Z,19010605,XBTUSD,Sell,1148,3794,ZeroMinusTick,73d05784-80a5-3376-40f1-927574118f9b,94778,34
2832334,2019-01-06T05:00:09.353Z,19010605,XBTUSD,Buy,41,3794.5,PlusTick,b137a308-8410-0067-8c50-df4349789180,94819,35
2832340,2019-01-06T05:00:11.030Z,19010605,XBTUSD,Sell,95,3794,ZeroMinusTick,2774c386-bb03-8b04-576c-085936a6d806,94914,36
2832348,2019-01-06T05:00:11.604Z,19010605,XBTUSD,Sell,200,3794,ZeroMinusTick,8e145942-de7c-8192-05bf-56ccdb31ea81,95114,37
2832357,2019-01-06T05:00:13.859Z,19010605,XBTUSD,Sell,10,3794,ZeroMinusTick,4fa6d7f2-96ad-f2c3-8d70-3e07bde9f746,95124,38
2832375,2019-01-06T05:00:17.698Z,19010605,XBTUSD,Sell,9822,3794,MinusTick,08015b6d-d696-990b-28a7-710fed55e4eb,104946,39
2832385,2019-01-06T05:00:17.862Z,19010605,XBTUSD,Sell,200,3794,ZeroMinusTick,d4d6102c-d656-fc3a-e1e1-370a2934d541,105146,40
2832390,2019-01-06T05:00:17.862Z,19010605,XBTUSD,Sell,500,3794,ZeroMinusTick,6e113c0f-0f94-062d-7963-0ee07a5423df,105646,41
2832401,2019-01-06T05:00:18.532Z,19010605,XBTUSD,Sell,189,3794,ZeroMinusTick,627b61cd-ab87-fbf6-5349-cdf033c1679f,105835,42
2832408,2019-01-06T05:00:18.532Z,19010605,XBTUSD,Sell,10,3794,ZeroMinusTick,62da6edf-e617-a1a4-db97-1294005d4038,105845,43
2832423,2019-01-06T05:00:21.652Z,19010605,XBTUSD,Sell,490,3794,ZeroMinusTick,d670748e-30f4-9cf0-fd8d-57c021d0695b,106335,44
2832441,2019-01-06T05:00:22.980Z,19010605,XBTUSD,Sell,15,3793.5,ZeroMinusTick,c1a9c90c-94f8-f3c1-df54-e143f6c3b1d4,106350,45
2832447,2019-01-06T05:00:23.980Z,19010605,XBTUSD,Sell,30,3793.5,ZeroMinusTick,be1c890b-a221-e7e7-85d6-4014cc7011d1,106380,46
2832462,2019-01-06T05:00:25.660Z,19010605,XBTUSD,Sell,750,3793.5,MinusTick,2657761e-00e1-e0e8-ef67-0e957c121b86,107130,47
2832463,2019-01-06T05:00:25.748Z,19010605,XBTUSD,Sell,88,3793.5,ZeroMinusTick,1456af5a-979f-7523-d440-258e15662d31,107218,48
2832471,2019-01-06T05:00:27.374Z,19010605,XBTUSD,Sell,900,3793.5,ZeroMinusTick,6bf3deba-3269-d0a9-7bce-b90f5445ace2,108118,49
2832481,2019-01-06T05:00:28.879Z,19010605,XBTUSD,Sell,10,3793,MinusTick,b087f9e8-78c2-ecdd-c4ba-3749a92abf74,108128,50
2832483,2019-01-06T05:00:28.879Z,19010605,XBTUSD,Sell,11,3793,ZeroMinusTick,3113ecd8-7177-da45-953e-c8c05e6d6fb9,108139,51
2832493,2019-01-06T05:00:28.879Z,19010605,XBTUSD,Sell,100,3793,ZeroMinusTick,3143ed0b-7092-555e-7475-9787789425c2,108239,52
2832503,2019-01-06T05:00:28.879Z,19010605,XBTUSD,Sell,33,3792.5,ZeroMinusTick,74f7134b-f031-0589-f77e-662de744214c,108272,53
2832511,2019-01-06T05:00:28.879Z,19010605,XBTUSD,Sell,121,3792.5,ZeroMinusTick,d9c41ac1-85f7-3dd9-a0ed-f2d6fb45cdc3,108393,54
2832522,2019-01-06T05:00:29.144Z,19010605,XBTUSD,Sell,1,3792.5,ZeroMinusTick,74d1f01e-e75c-44b3-b76b-57d8b4ccce10,108394,55
2832525,2019-01-06T05:00:29.856Z,19010605,XBTUSD,Buy,10,3793,PlusTick,fd05ad69-ed2a-fb03-b539-900d5a924f92,108404,56
2832533,2019-01-06T05:00:33.615Z,19010605,XBTUSD,Sell,1897,3792.5,ZeroMinusTick,be8f7c6d-dce9-30b3-3a64-72bc5b6ed6cf,110301,57
2832546,2019-01-06T05:00:38.173Z,19010605,XBTUSD,Sell,19,3792.5,MinusTick,19478cd6-1a11-a2cd-a787-78f0e2123795,110320,58
2832243,2019-01-06T05:00:04.283Z,19010605,XBTUSD,Sell,125,3794,ZeroMinusTick,3aa96f3a-5ec2-d088-da9f-463e82c5e337,110445,59
2832256,2019-01-06T05:00:04.283Z,19010605,XBTUSD,Sell,24,3794,ZeroMinusTick,17e49cea-7ac7-911b-c5f0-d16259524627,110469,60
2832263,2019-01-06T05:00:04.283Z,19010605,XBTUSD,Sell,127,3794,ZeroMinusTick,c3d1183c-550a-f45c-2db2-fa81e6fef923,110596,61
2832279,2019-01-06T05:00:04.283Z,19010605,XBTUSD,Sell,199,3794,ZeroMinusTick,a1603a19-073b-8859-ba76-03475606bc02,110795,62
2832287,2019-01-06T05:00:04.491Z,19010605,XBTUSD,Sell,100,3794,ZeroMinusTick,511f83e7-58f9-53c0-1904-a3144c625993,110895,63
2832343,2019-01-06T05:00:11.169Z,19010605,XBTUSD,Sell,10000,3794,ZeroMinusTick,42b6671b-ee22-3d6f-6f30-7aff4886c9a7,120895,64
2832359,2019-01-06T05:00:13.859Z,19010605,XBTUSD,Sell,4878,3794,ZeroMinusTick,9e9f7f84-1840-ddeb-57c3-6258cae63fe5,125773,65
2832383,2019-01-06T05:00:17.862Z,19010605,XBTUSD,Sell,22,3794,ZeroMinusTick,6eec4bfa-3901-8526-c038-be29563ca914,125795,66
2832389,2019-01-06T05:00:17.862Z,19010605,XBTUSD,Sell,200,3794,ZeroMinusTick,0da17512-e603-f08c-1c48-d9d8d2318150,125995,67
2832403,2019-01-06T05:00:18.532Z,19010605,XBTUSD,Sell,43,3794,ZeroMinusTick,f8acedec-e9f2-9db9-51ce-0bf707e237ec,126038,68
2832415,2019-01-06T05:00:20.026Z,19010605,XBTUSD,Sell,10000,3794,ZeroMinusTick,de9af0fd-6d2d-25b7-992a-6c7d4a329c98,136038,69
2832425,2019-01-06T05:00:21.652Z,19010605,XBTUSD,Sell,33,3794,ZeroMinusTick,0d8ba910-e445-362f-7155-8cc682ac0d4a,136071,70
2832427,2019-01-06T05:00:21.723Z,19010605,XBTUSD,Sell,2500,3794,ZeroMinusTick,feae4a39-7333-65aa-00b6-bed321ee0c19,138571,71
2832458,2019-01-06T05:00:23.980Z,19010605,XBTUSD,Sell,1662,3793.5,ZeroMinusTick,70283e9e-5369-151f-0ba7-e1e85d52d125,140233,72
2832467,2019-01-06T05:00:26.699Z,19010605,XBTUSD,Sell,304,3793.5,ZeroMinusTick,845080ca-8e43-f78b-7d06-8aca9e478e01,140537,73
2832472,2019-01-06T05:00:28.879Z,19010605,XBTUSD,Sell,13643,3793.5,ZeroMinusTick,5572e798-8f2e-e2e5-17c6-f2bff93def5b,154180,74
2832482,2019-01-06T05:00:28.879Z,19010605,XBTUSD,Sell,28,3793,ZeroMinusTick,1cbea47b-771c-1f38-67a3-76ba01420efa,154208,75
2832492,2019-01-06T05:00:28.879Z,19010605,XBTUSD,Sell,1000,3793,ZeroMinusTick,a819fe13-201f-486f-0c81-cf2f4ca4ad4a,155208,76
2832497,2019-01-06T05:00:28.879Z,19010605,XBTUSD,Sell,189,3793,ZeroMinusTick,76a84a2d-81f2-aa75-943c-46fcdba8151b,155397,77
2832508,2019-01-06T05:00:28.879Z,19010605,XBTUSD,Sell,125,3792.5,ZeroMinusTick,c395b630-3744-f1c4-5284-53725cd82303,155522,78
2832516,2019-01-06T05:00:28.879Z,19010605,XBTUSD,Sell,10,3792.5,ZeroMinusTick,7c925cc4-0dbd-febe-4bca-f2a45cedff32,155532,79
2832538,2019-01-06T05:00:35.835Z,19010605,XBTUSD,Sell,38,3792.5,ZeroMinusTick,18aac8f7-b5ef-3f24-4795-9dd90652d7a5,155570,80
2832249,2019-01-06T05:00:04.283Z,19010605,XBTUSD,Sell,7500,3794,ZeroMinusTick,4b08de51-a959-e98f-173d-bf44d07985f3,163070,81
2832253,2019-01-06T05:00:04.283Z,19010605,XBTUSD,Sell,10000,3794,ZeroMinusTick,b0bc5c6e-df29-0741-8343-20da70f6ce9b,173070,82
2832266,2019-01-06T05:00:04.283Z,19010605,XBTUSD,Sell,1,3794,ZeroMinusTick,fcef053a-4705-60be-1a52-1a3693c50e3c,173071,83
2832277,2019-01-06T05:00:04.283Z,19010605,XBTUSD,Sell,42,3794,ZeroMinusTick,5cd81b0c-81ef-e17c-bc59-1dcf88b45689,173113,84
2832288,2019-01-06T05:00:04.491Z,19010605,XBTUSD,Sell,61,3794,ZeroMinusTick,e080258b-ffa0-4b35-152d-415ac800b9b2,173174,85
2832368,2019-01-06T05:00:16.712Z,19010605,XBTUSD,Sell,10000,3794,ZeroMinusTick,f9635f89-8169-1632-c559-84388a08658a,183174,86
2832392,2019-01-06T05:00:17.862Z,19010605,XBTUSD,Sell,2618,3794,ZeroMinusTick,8a3b7a64-0974-5ed9-2ac9-3b40fe78d102,185792,87
2832395,2019-01-06T05:00:18.532Z,19010605,XBTUSD,Sell,18849,3794,ZeroMinusTick,6d8926d0-7ac1-3e1e-def7-d9bc835e1096,204641,88
2832406,2019-01-06T05:00:18.532Z,19010605,XBTUSD,Sell,10,3794,ZeroMinusTick,ac803d65-8964-1fe2-2704-d267cd11b034,204651,89
2832413,2019-01-06T05:00:18.532Z,19010605,XBTUSD,Sell,9344,3794,ZeroMinusTick,556fdf04-a42b-8cbe-d499-2bea3c161fa7,213995,90
2832417,2019-01-06T05:00:20.306Z,19010605,XBTUSD,Sell,759,3794,ZeroMinusTick,2d66eddf-387c-617a-903d-1a401ebfb32f,214754,91
2832418,2019-01-06T05:00:20.780Z,19010605,XBTUSD,Sell,10000,3794,ZeroMinusTick,0298b9e9-5a50-5cf8-e0e1-932111ec6501,224754,92
2832419,2019-01-06T05:00:21.652Z,19010605,XBTUSD,Sell,3897,3794,ZeroMinusTick,8dcb8f99-7b5f-8296-58b0-f131b945c060,228651,93
2832430,2019-01-06T05:00:22.167Z,19010605,XBTUSD,Sell,39,3794,ZeroMinusTick,0e755eab-a6ab-1c7b-0628-279f0555717c,228690,94
2832440,2019-01-06T05:00:22.980Z,19010605,XBTUSD,Sell,33,3793.5,ZeroMinusTick,6abd8a49-794a-f92c-d68f-9dab548bc3cc,228723,95
2832443,2019-01-06T05:00:23.857Z,19010605,XBTUSD,Buy,20,3794,PlusTick,e1d4d580-a151-5eb2-c8c2-3a51eba46855,228743,96
2832455,2019-01-06T05:00:23.980Z,19010605,XBTUSD,Sell,166,3793.5,ZeroMinusTick,c6916845-38cb-bf65-89f9-7e52a0a813ef,228909,97
2832474,2019-01-06T05:00:28.879Z,19010605,XBTUSD,Sell,33,3793.5,ZeroMinusTick,156fd9bf-e774-c8e8-b2d0-4066bb039073,228942,98
2832487,2019-01-06T05:00:28.879Z,19010605,XBTUSD,Sell,120,3793,ZeroMinusTick,7765c75a-f85f-8da4-5ee9-0a01bbbbed69,229062,99
2832502,2019-01-06T05:00:28.879Z,19010605,XBTUSD,Sell,490,3792.5,ZeroMinusTick,9066d5a5-15a3-592a-bbd0-0dcc3a893819,229552,100
2832513,2019-01-06T05:00:28.879Z,19010605,XBTUSD,Sell,1000,3792.5,ZeroMinusTick,e5a60575-d2e9-9d53-76ab-68dd1819d27e,230552,101
2832592,2019-01-06T05:00:52.084Z,19010605,XBTUSD,Buy,71,3793,ZeroPlusTick,47db8e04-ff22-81d7-eae5-7af6bcde9a31,230623,102
2832612,2019-01-06T05:00:56.155Z,19010605,XBTUSD,Sell,301,3792.5,ZeroMinusTick,98a410da-d405-5dd0-75f7-27412954891e,230924,103
2832637,2019-01-06T05:01:01.743Z,19010605,XBTUSD,Sell,1,3792.5,ZeroMinusTick,4a72f0ef-2313-c69d-54ac-8f9d81d7a768,230925,104
2832639,2019-01-06T05:01:01.918Z,19010605,XBTUSD,Sell,1000,3792.5,ZeroMinusTick,046dce61-3e38-e6ff-51a5-818cc2de43c1,231925,105
2832245,2019-01-06T05:00:04.283Z,19010605,XBTUSD,Sell,606,3794,ZeroMinusTick,d654ac23-8919-5ebd-1d88-ad9f137ec738,232531,106
2832255,2019-01-06T05:00:04.283Z,19010605,XBTUSD,Sell,1000,3794,ZeroMinusTick,ec5a87dd-0e0e-85f2-5951-83c5acc5893b,233531,107
2832270,2019-01-06T05:00:04.283Z,19010605,XBTUSD,Sell,1,3794,ZeroMinusTick,6275a733-88bf-796e-bd2a-c47cab3db5aa,233532,108
2832280,2019-01-06T05:00:04.283Z,19010605,XBTUSD,Sell,20,3794,ZeroMinusTick,7c9f2b07-7dc0-2e22-dd80-e9e8eee7d8aa,233552,109
2832286,2019-01-06T05:00:04.491Z,19010605,XBTUSD,Sell,64,3794,ZeroMinusTick,a0ea43ad-9d16-48c1-813f-44288624ec30,233616,110
2832351,2019-01-06T05:00:12.249Z,19010605,XBTUSD,Buy,389,3794.5,PlusTick,6b4dd6d8-8386-fba6-33f0-4427e12616b9,234005,111
2832352,2019-01-06T05:00:12.689Z,19010605,XBTUSD,Sell,10000,3794,MinusTick,60307d8f-ab92-f59a-b9a4-6eaf1838872b,244005,112
2832353,2019-01-06T05:00:12.911Z,19010605,XBTUSD,Sell,380,3794,ZeroMinusTick,e100efaf-93ce-2412-2dc0-0314cc9477ef,244385,113
2832364,2019-01-06T05:00:15.937Z,19010605,XBTUSD,Buy,41,3794.5,PlusTick,06353164-8971-1ce1-60ff-004d2e2dfc13,244426,114
2832369,2019-01-06T05:00:16.940Z,19010605,XBTUSD,Buy,92,3794.5,PlusTick,167b0975-e4ae-2589-0e21-32526958df23,244518,115
2832376,2019-01-06T05:00:17.698Z,19010605,XBTUSD,Sell,178,3794,ZeroMinusTick,f9d53909-690b-725d-9581-f678b23f9c31,244696,116
2832386,2019-01-06T05:00:17.862Z,19010605,XBTUSD,Sell,10,3794,ZeroMinusTick,dac020d6-73ee-42f8-e72a-db6baed3def8,244706,117
2832399,2019-01-06T05:00:18.532Z,19010605,XBTUSD,Sell,189,3794,ZeroMinusTick,cdae42ba-4de3-f1aa-1246-ea150e1068fd,244895,118
2832411,2019-01-06T05:00:18.532Z,19010605,XBTUSD,Sell,1400,3794,ZeroMinusTick,5ed6552f-76ce-e381-c003-ce10b5e4c30d,246295,119
2832424,2019-01-06T05:00:21.652Z,19010605,XBTUSD,Sell,11,3794,ZeroMinusTick,4f3791fa-da1b-0989-515f-09d2f6f6fe82,246306,120
2832442,2019-01-06T05:00:22.980Z,19010605,XBTUSD,Sell,279,3793.5,ZeroMinusTick,2f98e3f2-829e-15c7-6c3e-a0004935eeb1,246585,121
2832451,2019-01-06T05:00:23.980Z,19010605,XBTUSD,Sell,30,3793.5,ZeroMinusTick,439b541a-61e5-9f50-f45e-119040a373d4,246615,122
2832468,2019-01-06T05:00:27.198Z,19010605,XBTUSD,Sell,100,3793.5,ZeroMinusTick,7f2b0377-aa59-89d5-128d-53e8401a7f72,246715,123
2832477,2019-01-06T05:00:28.879Z,19010605,XBTUSD,Sell,237,3793.5,ZeroMinusTick,9487d100-71fd-9a68-8c3e-a0875c19a1db,246952,124
2832489,2019-01-06T05:00:28.879Z,19010605,XBTUSD,Sell,500,3793,ZeroMinusTick,0d530cf9-aaad-1341-efd7-48ed62043df7,247452,125
2832501,2019-01-06T05:00:28.879Z,19010605,XBTUSD,Sell,4931,3792.5,MinusTick,bda1129b-617c-40d9-bc90-b972e9c46e98,252383,126
2832512,2019-01-06T05:00:28.879Z,19010605,XBTUSD,Sell,2000,3792.5,ZeroMinusTick,b4c15518-78d3-5139-b31a-f31f058400eb,254383,127
2832529,2019-01-06T05:00:31.663Z,19010605,XBTUSD,Sell,10,3792.5,MinusTick,6e512c8a-e4b9-abd0-9d85-14141ee2eaf1,254393,128
2832531,2019-01-06T05:00:31.822Z,19010605,XBTUSD,Sell,569,3792.5,ZeroMinusTick,e6be30fd-5099-1cf2-6efd-4e9c7b709184,254962,129
2832583,2019-01-06T05:00:49.809Z,19010605,XBTUSD,Sell,1000,3792.5,MinusTick,6c856ddf-2775-c568-d56a-d646bdc0e0a8,255962,130
2832586,2019-01-06T05:00:50.706Z,19010605,XBTUSD,Buy,50,3793,PlusTick,996fc703-08f6-c7a4-2631-c0877303b30a,256012,131
2832679,2019-01-06T05:01:05.443Z,19010605,XBTUSD,Sell,8,3792.5,ZeroMinusTick,9e280157-311d-da77-7890-7ef984fd4978,256020,132
2832712,2019-01-06T05:01:12.631Z,19010605,XBTUSD,Buy,19,3793,PlusTick,9eceb80c-06c7-1dbd-9f0e-11e85a42a629,256039,133
2832730,2019-01-06T05:01:15.655Z,19010605,XBTUSD,Sell,100,3792.5,ZeroMinusTick,43c08fa6-2a74-0747-eefd-d46f478e0546,256139,134
2832735,2019-01-06T05:01:15.655Z,19010605,XBTUSD,Sell,325,3792.5,ZeroMinusTick,7c64dd00-3c8d-01d4-59a6-e5849a7884c9,256464,135
2832746,2019-01-06T05:01:15.655Z,19010605,XBTUSD,Sell,1000,3792.5,ZeroMinusTick,f01d6f67-0005-3e06-3998-c7a92f292496,257464,136
2832761,2019-01-06T05:01:15.655Z,19010605,XBTUSD,Sell,30,3792,ZeroMinusTick,09ff5f3e-0f6e-6c43-bcc4-7b8afa007b22,257494,137
2832240,2019-01-06T05:00:04.283Z,19010605,XBTUSD,Sell,11351,3794,MinusTick,a15e7fb8-bca1-4762-bd0c-32a77cd5f2ea,268845,138
2832250,2019-01-06T05:00:04.283Z,19010605,XBTUSD,Sell,490,3794,ZeroMinusTick,c70154d8-a519-d283-0d22-2aab1b39961e,269335,139
2832260,2019-01-06T05:00:04.283Z,19010605,XBTUSD,Sell,29,3794,ZeroMinusTick,8c13d18b-4482-715e-9e52-389b27293e5f,269364,140
2832269,2019-01-06T05:00:04.283Z,19010605,XBTUSD,Sell,45,3794,ZeroMinusTick,cf71abc3-f95b-5ee5-12f3-ee61e2fa018c,269409,141
2832274,2019-01-06T05:00:04.283Z,19010605,XBTUSD,Sell,10,3794,ZeroMinusTick,e2a914f8-9aee-ad6b-c8da-e60508501408,269419,142
2832285,2019-01-06T05:00:04.491Z,19010605,XBTUSD,Sell,121,3794,ZeroMinusTick,30ff95cf-d310-3f15-073a-f09bcf106c01,269540,143
2832393,2019-01-06T05:00:18.071Z,19010605,XBTUSD,Buy,80,3794.5,PlusTick,76c98891-b974-e878-2547-40699f79746f,269620,144
2832396,2019-01-06T05:00:18.532Z,19010605,XBTUSD,Sell,490,3794,ZeroMinusTick,049f17f7-35e3-159d-3caa-ffc827d93339,270110,145
2832405,2019-01-06T05:00:18.532Z,19010605,XBTUSD,Sell,1000,3794,ZeroMinusTick,bff58d9f-8c38-73c4-3f37-2b9d388d7415,271110,146
2832412,2019-01-06T05:00:18.532Z,19010605,XBTUSD,Sell,200,3794,ZeroMinusTick,97f7765e-00e8-2926-00c4-1aecb87f308c,271310,147
2832421,2019-01-06T05:00:21.652Z,19010605,XBTUSD,Sell,189,3794,ZeroMinusTick,01ef35ee-58fc-69e4-242d-70458f38c9fb,271499,148
2832429,2019-01-06T05:00:22.167Z,19010605,XBTUSD,Sell,30,3794,ZeroMinusTick,23ffcd53-8574-7feb-a30d-5c36f1f49490,271529,149
2832436,2019-01-06T05:00:22.980Z,19010605,XBTUSD,Sell,2000,3793.5,ZeroMinusTick,63367238-5a1b-7f90-1037-eed3839c201e,273529,150
2832449,2019-01-06T05:00:23.980Z,19010605,XBTUSD,Sell,107,3793.5,ZeroMinusTick,adc26516-6233-fc2b-1810-fed69da5fd26,273636,151
2832453,2019-01-06T05:00:23.980Z,19010605,XBTUSD,Sell,30,3793.5,ZeroMinusTick,1cb6e3ac-f0b2-7bdf-04bd-f93a655a32be,273666,152
2832465,2019-01-06T05:00:25.748Z,19010605,XBTUSD,Sell,151,3793.5,ZeroMinusTick,46e05022-9378-9845-891d-b31eeed1ad6e,273817,153
2832478,2019-01-06T05:00:28.879Z,19010605,XBTUSD,Sell,200,3793.5,ZeroMinusTick,ee258af1-57f5-7e2d-9a7f-ef10823fb17b,274017,154
2832484,2019-01-06T05:00:28.879Z,19010605,XBTUSD,Sell,125,3793,ZeroMinusTick,90f246eb-094b-5048-6f2b-882d4c019355,274142,155
2832495,2019-01-06T05:00:28.879Z,19010605,XBTUSD,Sell,50,3793,ZeroMinusTick,712992f7-67fc-b7f6-9115-b6aca3a8d2c1,274192,156
2832510,2019-01-06T05:00:28.879Z,19010605,XBTUSD,Sell,1,3792.5,ZeroMinusTick,3985b340-8669-50c0-77c2-4f052b6ce309,274193,157
2832521,2019-01-06T05:00:29.144Z,19010605,XBTUSD,Sell,1,3792.5,ZeroMinusTick,9ffea946-e323-0897-df8e-249a8ba9f6cd,274194,158
2832523,2019-01-06T05:00:29.737Z,19010605,XBTUSD,Sell,100,3792.5,ZeroMinusTick,09971143-57db-db5c-ab7e-a86bae9349dc,274294,159
2832526,2019-01-06T05:00:29.856Z,19010605,XBTUSD,Buy,76,3793,ZeroPlusTick,f9670d7a-02bc-ddb1-2e69-7e8803a60340,274370,160
2832587,2019-01-06T05:00:50.706Z,19010605,XBTUSD,Buy,64,3793,ZeroPlusTick,7093ff5f-f2b3-a0d5-1e90-c6d4cc6eb71d,274434,161
2832674,2019-01-06T05:01:05.443Z,19010605,XBTUSD,Sell,670,3792.5,ZeroMinusTick,83c92039-95da-dc8f-e843-75e189e4239a,275104,162
2832713,2019-01-06T05:01:12.631Z,19010605,XBTUSD,Buy,75,3793,ZeroPlusTick,245cfff7-79b5-153f-1ee5-823b37ffe8ab,275179,163
2832724,2019-01-06T05:01:15.655Z,19010605,XBTUSD,Sell,189,3792.5,ZeroMinusTick,f4848c5b-778a-f869-b4f3-5c2a4786835b,275368,164
2832734,2019-01-06T05:01:15.655Z,19010605,XBTUSD,Sell,200,3792.5,ZeroMinusTick,5e33e57c-0ed7-822c-7b16-c6a781e35149,275568,165
2832744,2019-01-06T05:01:15.655Z,19010605,XBTUSD,Sell,2000,3792.5,ZeroMinusTick,b4854321-e33e-17a1-a9dd-3215158c612c,277568,166
2832754,2019-01-06T05:01:15.655Z,19010605,XBTUSD,Sell,11,3792,ZeroMinusTick,df64923e-b49c-0f08-f44b-73e14a9fb62c,277579,167
2832244,2019-01-06T05:00:04.283Z,19010605,XBTUSD,Sell,28,3794,ZeroMinusTick,87703cbf-6f4a-224f-98bb-d200f143c6a2,277607,168
2832258,2019-01-06T05:00:04.283Z,19010605,XBTUSD,Sell,75,3794,ZeroMinusTick,2f60a080-6423-ef01-ab81-968328519d59,277682,169
2832267,2019-01-06T05:00:04.283Z,19010605,XBTUSD,Sell,2000,3794,ZeroMinusTick,7c0643a0-0425-5b8d-08ab-ba84aaac0760,279682,170
2832275,2019-01-06T05:00:04.283Z,19010605,XBTUSD,Sell,11,3794,ZeroMinusTick,976e8893-2bef-5607-cf9d-7fb5602c3ae5,279693,171
2832289,2019-01-06T05:00:04.491Z,19010605,XBTUSD,Sell,5000,3794,ZeroMinusTick,e2faca90-d632-ab67-c8ab-d006766ccb05,284693,172
2832337,2019-01-06T05:00:10.973Z,19010605,XBTUSD,Buy,5,3794.5,ZeroPlusTick,f645ee6f-f364-2b1c-2711-c7fcea2182ad,284698,173
2832384,2019-01-06T05:00:17.862Z,19010605,XBTUSD,Sell,200,3794,ZeroMinusTick,766edda0-72d9-4c56-f63d-ea7f99dca847,284898,174
2832387,2019-01-06T05:00:17.862Z,19010605,XBTUSD,Sell,200,3794,ZeroMinusTick,28c6e52f-a316-5001-5ddb-d5a447011a6c,285098,175
2832398,2019-01-06T05:00:18.532Z,19010605,XBTUSD,Sell,29,3794,ZeroMinusTick,8d3d5706-34d9-97bb-2729-82e4d8c12343,285127,176
2832409,2019-01-06T05:00:18.532Z,19010605,XBTUSD,Sell,15,3794,ZeroMinusTick,b539c765-1ba0-5ace-497a-537cc9587222,285142,177
2832431,2019-01-06T05:00:22.167Z,19010605,XBTUSD,Sell,400,3794,ZeroMinusTick,8efa20f4-b937-5267-a144-580a9e8761f8,285542,178
2832437,2019-01-06T05:00:22.980Z,19010605,XBTUSD,Sell,28,3793.5,ZeroMinusTick,0fcaadd2-ac69-f3c9-3f45-82fbb6fa3dba,285570,179
2832450,2019-01-06T05:00:23.980Z,19010605,XBTUSD,Sell,10,3793.5,ZeroMinusTick,7bb30cc7-ece5-ea79-0b93-42119634d878,285580,180
2832466,2019-01-06T05:00:25.748Z,19010605,XBTUSD,Sell,311,3793.5,ZeroMinusTick,7cb646c6-6828-24f1-9f42-9c97c9560377,285891,181
2832469,2019-01-06T05:00:27.212Z,19010605,XBTUSD,Sell,43,3793.5,ZeroMinusTick,6b9af320-86c0-0499-49f8-3a15b0c11bab,285934,182
2832479,2019-01-06T05:00:28.879Z,19010605,XBTUSD,Sell,28,3793.5,ZeroMinusTick,ac872655-317f-5c92-934a-c4f7dfa2f331,285962,183
2832486,2019-01-06T05:00:28.879Z,19010605,XBTUSD,Sell,490,3793,ZeroMinusTick,feead8e6-39e6-aa4a-5ac8-f2c15b7760d6,286452,184
2832496,2019-01-06T05:00:28.879Z,19010605,XBTUSD,Sell,189,3793,ZeroMinusTick,dc4a8f00-11bb-fd17-df2f-162711238e75,286641,185
2832505,2019-01-06T05:00:28.879Z,19010605,XBTUSD,Sell,10,3792.5,ZeroMinusTick,53ab6eed-bb75-4d44-7e1b-84d9b62bab9d,286651,186
2832515,2019-01-06T05:00:28.879Z,19010605,XBTUSD,Sell,1000,3792.5,ZeroMinusTick,4399bf5e-b538-084f-a860-ba1f1334dfcf,287651,187
2832579,2019-01-06T05:00:48.310Z,19010605,XBTUSD,Buy,92,3793,ZeroPlusTick,8f5cb49e-7c4a-7cb7-2c48-625b35aab302,287743,188
2832591,2019-01-06T05:00:52.084Z,19010605,XBTUSD,Buy,36,3793,ZeroPlusTick,5e80f26c-99e0-66f5-1129-4a4400b9c82c,287779,189
2832676,2019-01-06T05:01:05.443Z,19010605,XBTUSD,Sell,20,3792.5,ZeroMinusTick,83f888cd-99b1-e72e-119a-b0a017fca502,287799,190
2832714,2019-01-06T05:01:12.631Z,19010605,XBTUSD,Buy,90,3793,ZeroPlusTick,1d0ab923-295d-da17-9755-917cc622edb4,287889,191
2832725,2019-01-06T05:01:15.655Z,19010605,XBTUSD,Sell,189,3792.5,ZeroMinusTick,1fa3a050-9198-3f45-1d80-5204f720b20c,288078,192
2832242,2019-01-06T05:00:04.283Z,19010605,XBTUSD,Sell,124,3794,ZeroMinusTick,b8650cc1-6555-3172-8069-ffd2740f013b,288202,193
2832254,2019-01-06T05:00:04.283Z,19010605,XBTUSD,Sell,189,3794,ZeroMinusTick,8ab58942-cfba-15b2-8c2c-25000f67a243,288391,194
2832265,2019-01-06T05:00:04.283Z,19010605,XBTUSD,Sell,127,3794,ZeroMinusTick,a39c5b25-cf93-81e4-b5f5-fb5d286fd93c,288518,195
2832273,2019-01-06T05:00:04.283Z,19010605,XBTUSD,Sell,83,3794,ZeroMinusTick,050bfe93-a2f6-d8a0-a661-13cc9d2b86be,288601,196
2832363,2019-01-06T05:00:15.732Z,19010605,XBTUSD,Sell,6700,3794,ZeroMinusTick,f6d2335d-2244-2d2c-91d0-08a306e63377,295301,197
2832366,2019-01-06T05:00:16.116Z,19010605,XBTUSD,Sell,100,3794,MinusTick,50808752-b314-efd5-2e8d-945d0fb8621a,295401,198
2832370,2019-01-06T05:00:17.138Z,19010605,XBTUSD,Sell,3500,3794,MinusTick,720364d8-cf72-f965-a27b-325d280e0893,298901,199
2832391,2019-01-06T05:00:17.862Z,19010605,XBTUSD,Sell,50,3794,ZeroMinusTick,72ddbeb3-d376-cd16-c210-7a0f4369e705,298951,200
2832397,2019-01-06T05:00:18.532Z,19010605,XBTUSD,Sell,189,3794,ZeroMinusTick,f1b44d97-f4ac-d97e-f2f5-5a6c20377858,299140,201
2832407,2019-01-06T05:00:18.532Z,19010605,XBTUSD,Sell,227,3794,ZeroMinusTick,349fc1d6-23fd-e1c2-a9d8-6df75630a339,299367,202
2832448,2019-01-06T05:00:23.980Z,19010605,XBTUSD,Sell,30,3793.5,ZeroMinusTick,ab42655b-6bb6-5cc2-bf55-4aabca37fd4e,299397,203
2832456,2019-01-06T05:00:23.980Z,19010605,XBTUSD,Sell,50,3793.5,ZeroMinusTick,89b653ed-20af-e78d-22ac-9fa9b9464352,299447,204
2832475,2019-01-06T05:00:28.879Z,19010605,XBTUSD,Sell,225,3793.5,ZeroMinusTick,c285be9f-a6d9-1ea6-9c8c-6a5c87d42fe5,299672,205
2832488,2019-01-06T05:00:28.879Z,19010605,XBTUSD,Sell,3,3793,ZeroMinusTick,880ccbc2-104e-0351-71c8-1d58c09e98a1,299675,206
2832500,2019-01-06T05:00:28.879Z,19010605,XBTUSD,Sell,189,3793,ZeroMinusTick,bb5b487a-66d2-7eb4-11bd-a82c19f5b936,299864,207
2832506,2019-01-06T05:00:28.879Z,19010605,XBTUSD,Sell,28,3792.5,ZeroMinusTick,6d74d655-113c-b7ed-4a8b-7aa09fd322f8,299892,208
2832519,2019-01-06T05:00:28.879Z,19010605,XBTUSD,Sell,15655,3792.5,ZeroMinusTick,fbb07db2-2001-46af-9c4a-65a80ff94c44,315547,209
2832520,2019-01-06T05:00:29.053Z,19010605,XBTUSD,Sell,1,3792.5,ZeroMinusTick,a6144a94-241d-be86-ecf8-9477c059b697,315548,210
2832543,2019-01-06T05:00:37.142Z,19010605,XBTUSD,Buy,50,3793,PlusTick,4f0e7f5e-6b43-2d69-5e57-c3a8e4134f23,315598,211
2832548,2019-01-06T05:00:38.385Z,19010605,XBTUSD,Sell,1100,3792.5,ZeroMinusTick,1f079a04-5fce-388f-a479-9040ee13dacb,316698,212
2832593,2019-01-06T05:00:52.109Z,19010605,XBTUSD,Sell,228,3792.5,MinusTick,0cd50223-a2e1-13c8-2309-8ad3e9aa76d4,316926,213
2832722,2019-01-06T05:01:15.655Z,19010605,XBTUSD,Sell,7122,3792.5,ZeroMinusTick,2c097f72-5d23-9ab5-957d-c05c46063171,324048,214
2832732,2019-01-06T05:01:15.655Z,19010605,XBTUSD,Sell,10,3792.5,ZeroMinusTick,d7429e10-fae9-7dcd-7b8c-a4a1b3c82e00,324058,215
2832742,2019-01-06T05:01:15.655Z,19010605,XBTUSD,Sell,5000,3792.5,ZeroMinusTick,6430e2ce-33b9-2908-3adf-85ddfdd027b0,329058,216
2832747,2019-01-06T05:01:15.655Z,19010605,XBTUSD,Sell,1000,3792.5,ZeroMinusTick,7fe28934-ff8c-e3f0-e507-bd9a4a3c674f,330058,217
2832758,2019-01-06T05:01:15.655Z,19010605,XBTUSD,Sell,33,3792,ZeroMinusTick,ac2c45c2-6616-7ddb-25f0-dbc3b62fa300,330091,218
2832804,2019-01-06T05:01:24.504Z,19010605,XBTUSD,Sell,317,3792,ZeroMinusTick,f93e11e6-c4e4-747c-8b26-5ccd454cf040,330408,219
2832814,2019-01-06T05:01:24.504Z,19010605,XBTUSD,Sell,1000,3792,ZeroMinusTick,e72b3231-6113-fcd3-5fa0-1cce021d10c1,331408,220
2832824,2019-01-06T05:01:24.504Z,19010605,XBTUSD,Sell,24,3792,ZeroMinusTick,d7d79dd2-7f5d-9f2a-f82c-06622ef781ac,331432,221
2832834,2019-01-06T05:01:24.504Z,19010605,XBTUSD,Sell,50,3792,ZeroMinusTick,b4bf3573-fe38-3470-0778-5186d77b84e6,331482,222
2832862,2019-01-06T05:01:30.993Z,19010605,XBTUSD,Sell,253,3792,ZeroMinusTick,fbb7af8f-8b5e-5c86-f8bf-c92c77e73cba,331735,223
2832872,2019-01-06T05:01:30.993Z,19010605,XBTUSD,Sell,10,3792,ZeroMinusTick,7f520da2-b2c1-94d9-484a-1dd9b31ba1d7,331745,224
2832878,2019-01-06T05:01:30.993Z,19010605,XBTUSD,Sell,1296,3792,ZeroMinusTick,23465915-b0bc-5e0d-432a-9967c3ba4b95,333041,225
2832906,2019-01-06T05:01:31.685Z,19010605,XBTUSD,Sell,37,3791.5,ZeroMinusTick,3f4c8fda-2d39-cd39-0141-5f8004a69237,333078,226
2832915,2019-01-06T05:01:31.685Z,19010605,XBTUSD,Sell,10,3791.5,ZeroMinusTick,0a27757f-ea09-5e37-d91f-74dd894ccf33,333088,227
2832339,2019-01-06T05:00:11.017Z,19010605,XBTUSD,Sell,1897,3794,MinusTick,ea97479b-c099-e52c-b9b5-85910a8ae098,334985,228
2832349,2019-01-06T05:00:12.119Z,19010605,XBTUSD,Sell,10000,3794,ZeroMinusTick,8a2138ac-7c5c-cc5c-f6d7-d23046da7b5a,344985,229
2832358,2019-01-06T05:00:13.859Z,19010605,XBTUSD,Sell,60,3794,ZeroMinusTick,f9d7650f-02d4-7548-f107-ac908b9b6b3f,345045,230
2832374,2019-01-06T05:00:17.615Z,19010605,XBTUSD,Buy,1800,3794.5,PlusTick,e6aa9537-9e79-09b9-5064-0b14675ae4d0,346845,231
2832394,2019-01-06T05:00:18.532Z,19010605,XBTUSD,Sell,1152,3794,MinusTick,e14283e4-9bb1-f6e5-cef4-cd322705cea7,347997,232
2832404,2019-01-06T05:00:18.532Z,19010605,XBTUSD,Sell,11,3794,ZeroMinusTick,dac4ea5d-345e-3aaa-51de-c4a62fb96a06,348008,233
2832416,2019-01-06T05:00:20.152Z,19010605,XBTUSD,Sell,1000,3794,ZeroMinusTick,9bde1ffd-7617-2553-04d6-f678b1ffcd2b,349008,234
2832422,2019-01-06T05:00:21.652Z,19010605,XBTUSD,Sell,189,3794,ZeroMinusTick,16d39c7c-680a-046a-7aea-ef01fba4d576,349197,235
2832438,2019-01-06T05:00:22.980Z,19010605,XBTUSD,Sell,11,3793.5,ZeroMinusTick,e42fe540-1c94-fcd6-e7fd-f711ddaa95c7,349208,236
2832444,2019-01-06T05:00:23.980Z,19010605,XBTUSD,Sell,211,3793.5,MinusTick,3bb13010-4cc2-fcc5-6db0-7dfd6d25f3b7,349419,237
2832457,2019-01-06T05:00:23.980Z,19010605,XBTUSD,Sell,60,3793.5,ZeroMinusTick,17df2acd-9c14-a1f4-0656-c459898b639b,349479,238
2832459,2019-01-06T05:00:25.586Z,19010605,XBTUSD,Sell,2500,3793.5,ZeroMinusTick,079dd443-65fc-ba48-b0a8-8d9a521cdbdc,351979,239
2832470,2019-01-06T05:00:27.212Z,19010605,XBTUSD,Sell,457,3793.5,ZeroMinusTick,31eb0c6a-821a-719f-3915-2b31183f94b4,352436,240
2832480,2019-01-06T05:00:28.879Z,19010605,XBTUSD,Sell,39,3793.5,ZeroMinusTick,2bf46fb8-2b3c-b431-80d2-de0a86d81871,352475,241
2832491,2019-01-06T05:00:28.879Z,19010605,XBTUSD,Sell,20000,3793,ZeroMinusTick,ba29bdc3-4a1e-fa1b-96be-f587319b45a3,372475,242
2832499,2019-01-06T05:00:28.879Z,19010605,XBTUSD,Sell,269,3793,ZeroMinusTick,e9e77d4f-1e49-9431-124d-8bc2b515fa16,372744,243
2832509,2019-01-06T05:00:28.879Z,19010605,XBTUSD,Sell,2,3792.5,ZeroMinusTick,17e9d939-9c5c-c6cb-c5d8-d714ffb422ef,372746,244
2832517,2019-01-06T05:00:28.879Z,19010605,XBTUSD,Sell,1000,3792.5,ZeroMinusTick,4f8ca3b7-e1b3-9f1e-d9e2-ce66376bc41b,373746,245
2832567,2019-01-06T05:00:42.399Z,19010605,XBTUSD,Buy,33,3793,PlusTick,4bf7d1d7-0ddf-c49a-fb85-2234b3bd40d9,373779,246
2832703,2019-01-06T05:01:09.718Z,19010605,XBTUSD,Sell,1120,3792.5,ZeroMinusTick,b6335244-bb13-5475-a45a-fe85ab305d17,374899,247
2832715,2019-01-06T05:01:12.631Z,19010605,XBTUSD,Buy,66,3793,ZeroPlusTick,621979cb-2dc4-b0ea-08a3-f7b46158b2ad,374965,248
2832728,2019-01-06T05:01:15.655Z,19010605,XBTUSD,Sell,33,3792.5,ZeroMinusTick,da208fcd-b818-b1c2-8612-8ddeaa74a805,374998,249
2832733,2019-01-06T05:01:15.655Z,19010605,XBTUSD,Sell,4,3792.5,ZeroMinusTick,85d00d4e-afbe-6f53-f5a9-8ed4ef4e4e3d,375002,250
2832743,2019-01-06T05:01:15.655Z,19010605,XBTUSD,Sell,2000,3792.5,ZeroMinusTick,5fbaf4ac-1671-7293-108e-52fb0fe4ce87,377002,251
2832753,2019-01-06T05:01:15.655Z,19010605,XBTUSD,Sell,10,3792,MinusTick,8b118146-b4a8-c1e5-11f5-eef3a569386e,377012,252
2832760,2019-01-06T05:01:15.655Z,19010605,XBTUSD,Sell,30,3792,ZeroMinusTick,efc8f72d-0342-4d05-20aa-839621fcb86e,377042,253
2832788,2019-01-06T05:01:22.218Z,19010605,XBTUSD,Sell,291,3792,ZeroMinusTick,56a3cf5f-96c1-a3fa-bcaf-e6b2eb87b84d,377333,254
2832789,2019-01-06T05:01:22.259Z,19010605,XBTUSD,Sell,1798,3792,ZeroMinusTick,7140e5cc-0e4d-be4f-13fa-8308196db75a,379131,255
2832790,2019-01-06T05:01:22.444Z,19010605,XBTUSD,Sell,193,3792,ZeroMinusTick,d058c87f-6bdb-973a-d4eb-044083e6b1a2,379324,256
2832809,2019-01-06T05:01:24.504Z,19010605,XBTUSD,Sell,30,3792,ZeroMinusTick,97e1c5a8-b3fe-a914-e5c7-85e8845b343a,379354,257
2832819,2019-01-06T05:01:24.504Z,19010605,XBTUSD,Sell,100,3792,ZeroMinusTick,58b593b8-f3cb-0799-be5f-fd1b64171821,379454,258
2832828,2019-01-06T05:01:24.504Z,19010605,XBTUSD,Sell,166,3792,ZeroMinusTick,8bed6f2b-3544-9e89-ce0f-4e6a1c579fc7,379620,259
2832838,2019-01-06T05:01:24.504Z,19010605,XBTUSD,Sell,151,3792,ZeroMinusTick,46706dd9-856d-e57d-66b6-93edf4014f68,379771,260
2832857,2019-01-06T05:01:30.993Z,19010605,XBTUSD,Sell,60303,3792,ZeroMinusTick,59474b2d-09dd-b1dd-689c-2597358d3b4b,440074,261
2832867,2019-01-06T05:01:30.993Z,19010605,XBTUSD,Sell,480,3792,ZeroMinusTick,c92f3848-9ef7-4e38-7fa2-bb20b2c576bc,440554,262
2832877,2019-01-06T05:01:30.993Z,19010605,XBTUSD,Sell,612,3792,ZeroMinusTick,9197ab88-f42a-c678-e14d-4e361ce81f6a,441166,263
2832356,2019-01-06T05:00:13.859Z,19010605,XBTUSD,Sell,5052,3794,ZeroMinusTick,6680906e-6b40-03cd-b486-9904f1616766,446218,264
2832402,2019-01-06T05:00:18.532Z,19010605,XBTUSD,Sell,20,3794,ZeroMinusTick,136615d9-004d-8833-092c-3d1df64d176b,446238,265
2832420,2019-01-06T05:00:21.652Z,19010605,XBTUSD,Sell,29,3794,ZeroMinusTick,3f90ecca-d660-5f31-7eee-6f22f81561ab,446267,266
2832432,2019-01-06T05:00:22.202Z,19010605,XBTUSD,Sell,1,3793.5,MinusTick,6308883c-b5b2-ed97-dd58-5ac225649dac,446268,267
2832435,2019-01-06T05:00:22.980Z,19010605,XBTUSD,Sell,9,3793.5,ZeroMinusTick,d257f97b-2008-445e-1f62-d32feb25b882,446277,268
2832446,2019-01-06T05:00:23.980Z,19010605,XBTUSD,Sell,11,3793.5,ZeroMinusTick,497299bb-dbb9-9b61-d315-66a2fcb6e532,446288,269
2832454,2019-01-06T05:00:23.980Z,19010605,XBTUSD,Sell,57,3793.5,ZeroMinusTick,7a11c643-f4ea-8097-0c29-bb49485c29c3,446345,270
2832476,2019-01-06T05:00:28.879Z,19010605,XBTUSD,Sell,490,3793.5,ZeroMinusTick,ce7a68a4-bfee-f06f-6af7-2e46b28e03e8,446835,271
2832490,2019-01-06T05:00:28.879Z,19010605,XBTUSD,Sell,33,3793,ZeroMinusTick,ef65de3d-e435-86cb-3f4b-dcfc7dcc0ae9,446868,272
2832494,2019-01-06T05:00:28.879Z,19010605,XBTUSD,Sell,2000,3793,ZeroMinusTick,c255a9bd-6701-d547-beb1-5ab1c27f6f86,448868,273
2832504,2019-01-06T05:00:28.879Z,19010605,XBTUSD,Sell,10,3792.5,ZeroMinusTick,0fd525e3-9cc1-1e25-4463-70996dd2e003,448878,274
2832514,2019-01-06T05:00:28.879Z,19010605,XBTUSD,Sell,3250,3792.5,ZeroMinusTick,989607a1-64a6-6943-9c80-e7107306c604,452128,275
2832677,2019-01-06T05:01:05.443Z,19010605,XBTUSD,Sell,100,3792.5,ZeroMinusTick,803b5240-3ddd-2083-67e1-68ecf3d69fc0,452228,276
2832710,2019-01-06T05:01:11.291Z,19010605,XBTUSD,Sell,2000,3792.5,ZeroMinusTick,93c2d66c-7a08-e03b-9137-45cca40513ba,454228,277
2832731,2019-01-06T05:01:15.655Z,19010605,XBTUSD,Sell,10,3792.5,ZeroMinusTick,ee2522c7-7415-71f4-ab76-ad4254ddd932,454238,278
2832736,2019-01-06T05:01:15.655Z,19010605,XBTUSD,Sell,4838,3792.5,ZeroMinusTick,d0f91b32-1f12-c02e-4d68-04490aab034d,459076,279
2832748,2019-01-06T05:01:15.655Z,19010605,XBTUSD,Sell,90,3792.5,ZeroMinusTick,4b1589d8-ff39-fb0c-89df-19fdbd6093e6,459166,280
2832755,2019-01-06T05:01:15.655Z,19010605,XBTUSD,Sell,490,3792,ZeroMinusTick,fc17d335-8092-c4dc-96ce-c0ea1cbb48c5,459656,281
2832767,2019-01-06T05:01:16.943Z,19010605,XBTUSD,Sell,2000,3792,ZeroMinusTick,b8de8408-8f13-b123-dc73-67381f626126,461656,282
2832805,2019-01-06T05:01:24.504Z,19010605,XBTUSD,Sell,10,3792,ZeroMinusTick,26be4816-d2e4-2ac8-d921-cbc5a9282cc1,461666,283
2832823,2019-01-06T05:01:24.504Z,19010605,XBTUSD,Sell,189,3792,ZeroMinusTick,04d4ad69-2e80-c9b9-9bdc-0d7fa47522d5,461855,284
2832833,2019-01-06T05:01:24.504Z,19010605,XBTUSD,Sell,8000,3792,ZeroMinusTick,bac065dd-e325-4d26-df1d-7982185a3ca9,469855,285
2832848,2019-01-06T05:01:26.461Z,19010605,XBTUSD,Sell,300,3792,ZeroMinusTick,427d53c2-7a33-06a5-8794-147d53624bea,470155,286
2832856,2019-01-06T05:01:30.841Z,19010605,XBTUSD,Sell,1,3792,ZeroMinusTick,7f60dfb9-4611-871a-61a4-393a0ee95800,470156,287
2832860,2019-01-06T05:01:30.993Z,19010605,XBTUSD,Sell,189,3792,ZeroMinusTick,3723a5bf-190e-b9ab-7c47-fcea9f423a82,470345,288
2832874,2019-01-06T05:01:30.993Z,19010605,XBTUSD,Sell,33,3792,ZeroMinusTick,e3934b7f-6789-98c0-ce42-26c61d5a3a12,470378,289
2832498,2019-01-06T05:00:28.879Z,19010605,XBTUSD,Sell,49,3793,ZeroMinusTick,13b7ec79-5096-13d1-480b-91b5c95f697e,470427,290
2832507,2019-01-06T05:00:28.879Z,19010605,XBTUSD,Sell,11,3792.5,ZeroMinusTick,f1c17840-6fbb-317d-f421-770dbb876ebc,470438,291
2832518,2019-01-06T05:00:28.879Z,19010605,XBTUSD,Sell,11,3792.5,ZeroMinusTick,7ec962dd-d288-dbfc-f764-b462c43c774a,470449,292
2832535,2019-01-06T05:00:34.096Z,19010605,XBTUSD,Sell,371,3792.5,ZeroMinusTick,59cb9fab-5d1f-fb2c-ea72-c303bded5b54,470820,293
2832578,2019-01-06T05:00:48.198Z,19010605,XBTUSD,Buy,58,3793,PlusTick,7f12cb84-0bc5-37ff-849a-77e85e97c6d8,470878,294
2832580,2019-01-06T05:00:48.310Z,19010605,XBTUSD,Buy,100,3793,ZeroPlusTick,62c2f8fe-5fb9-3d15-131d-d995da7afc91,470978,295
2832729,2019-01-06T05:01:15.655Z,19010605,XBTUSD,Sell,121,3792.5,ZeroMinusTick,36f6734f-ead4-5c49-bfc8-8d032a3037ee,471099,296
2832739,2019-01-06T05:01:15.655Z,19010605,XBTUSD,Sell,150,3792.5,ZeroMinusTick,77ac35e0-e985-63e0-2ebe-14372727c855,471249,297
2832750,2019-01-06T05:01:15.655Z,19010605,XBTUSD,Sell,300,3792.5,ZeroMinusTick,164f732f-f4df-686b-f8c9-6ca8022be210,471549,298
2832757,2019-01-06T05:01:15.655Z,19010605,XBTUSD,Sell,125,3792,ZeroMinusTick,86edd9f2-1f06-542b-eda4-728ebe5933a5,471674,299
2832781,2019-01-06T05:01:20.417Z,19010605,XBTUSD,Sell,1000,3792,ZeroMinusTick,6381e993-a486-e300-c90e-8b60cbb983c9,472674,300
2832807,2019-01-06T05:01:24.504Z,19010605,XBTUSD,Sell,10,3792,ZeroMinusTick,29766385-a24b-88c9-140f-067406432568,472684,301
2832816,2019-01-06T05:01:24.504Z,19010605,XBTUSD,Sell,300,3792,ZeroMinusTick,3494e93b-68aa-f1c9-34d9-a4850d472e82,472984,302
2832832,2019-01-06T05:01:24.504Z,19010605,XBTUSD,Sell,2000,3792,ZeroMinusTick,d7f3d6c6-d12d-f65a-49ba-101f6539e0f0,474984,303
2832866,2019-01-06T05:01:30.993Z,19010605,XBTUSD,Sell,200,3792,ZeroMinusTick,e9c12841-735a-7a54-32eb-cb6a7744ea2c,475184,304
2832870,2019-01-06T05:01:30.993Z,19010605,XBTUSD,Sell,5000,3792,ZeroMinusTick,7a296b12-1966-9604-34c9-ea4b4a3490c5,480184,305
2832903,2019-01-06T05:01:31.685Z,19010605,XBTUSD,Sell,125,3791.5,ZeroMinusTick,02b4ffc2-25cd-a7d4-006b-7e9658a8a311,480309,306
2832909,2019-01-06T05:01:31.685Z,19010605,XBTUSD,Sell,10,3791.5,ZeroMinusTick,0617fe23-5a10-cee7-73be-cb076dfa06e5,480319,307
2832919,2019-01-06T05:01:31.685Z,19010605,XBTUSD,Sell,20,3791.5,ZeroMinusTick,b0e0391c-2860-5c16-363a-a8fb490f84c4,480339,308
2833008,2019-01-06T05:01:36.955Z,19010605,XBTUSD,Sell,800,3791.5,ZeroMinusTick,9299c9c2-2cfb-ca33-edaf-bb4b0c0dea5c,481139,309
2833049,2019-01-06T05:01:45.790Z,19010605,XBTUSD,Sell,500,3791.5,ZeroMinusTick,c91b9602-66d6-7ede-81eb-23233219dd96,481639,310
2833098,2019-01-06T05:02:05.252Z,19010605,XBTUSD,Sell,10000,3791.5,MinusTick,1056bb20-3688-f1c5-836c-4fd259e00f22,491639,311
2833107,2019-01-06T05:02:08.139Z,19010605,XBTUSD,Buy,90,3792,ZeroPlusTick,d39e6704-f463-02c3-df1f-4d1e240b962b,491729,312
2833124,2019-01-06T05:02:11.078Z,19010605,XBTUSD,Sell,20,3791.5,MinusTick,3fac427d-4b24-2ea0-bf08-86d9a8ff51f2,491749,313
2832577,2019-01-06T05:00:47.642Z,19010605,XBTUSD,Sell,38,3792.5,MinusTick,63920231-9ddd-496f-4457-96d01e1a4c2c,491787,314
2832680,2019-01-06T05:01:05.443Z,19010605,XBTUSD,Sell,135,3792.5,ZeroMinusTick,ed78aef2-b1dd-38ad-86ce-dd14c36a5c40,491922,315
2832685,2019-01-06T05:01:06.624Z,19010605,XBTUSD,Sell,41,3792.5,ZeroMinusTick,4ba9e486-ca9b-46cc-9f19-cd747aa650ab,491963,316
2832694,2019-01-06T05:01:08.208Z,19010605,XBTUSD,Sell,104,3792.5,ZeroMinusTick,ec8df731-cc18-649f-bbae-33bc3fc3d43a,492067,317
2832723,2019-01-06T05:01:15.655Z,19010605,XBTUSD,Sell,490,3792.5,ZeroMinusTick,5e3c6b31-1993-bdb4-64de-658da6ff6134,492557,318
2832741,2019-01-06T05:01:15.655Z,19010605,XBTUSD,Sell,27,3792.5,ZeroMinusTick,eec5c800-ae19-1afc-bdd0-1a071df0e017,492584,319
2832745,2019-01-06T05:01:15.655Z,19010605,XBTUSD,Sell,75,3792.5,ZeroMinusTick,71c1becf-c97f-f62d-f119-16af6924f349,492659,320
2832763,2019-01-06T05:01:15.655Z,19010605,XBTUSD,Sell,22918,3792,ZeroMinusTick,f0a1bdd8-327b-b485-1a58-1791f6c5dbbd,515577,321
2832808,2019-01-06T05:01:24.504Z,19010605,XBTUSD,Sell,30,3792,ZeroMinusTick,049aa0c8-a84b-5f84-cdbe-232cd7c20715,515607,322
2832818,2019-01-06T05:01:24.504Z,19010605,XBTUSD,Sell,5000,3792,ZeroMinusTick,b809e284-8d72-2204-bb5c-e81ce63b7d5d,520607,323
2832829,2019-01-06T05:01:24.504Z,19010605,XBTUSD,Sell,7000,3792,ZeroMinusTick,17e52e8c-1cf9-79cf-abbf-b477dbebddcd,527607,324
2832861,2019-01-06T05:01:30.993Z,19010605,XBTUSD,Sell,189,3792,ZeroMinusTick,525f588e-ec47-8e2b-ee1b-8a0d21e22c46,527796,325
2832875,2019-01-06T05:01:30.993Z,19010605,XBTUSD,Sell,22,3792,ZeroMinusTick,69299189-90bf-c106-5f48-c3a24dccca75,527818,326
2832899,2019-01-06T05:01:31.685Z,19010605,XBTUSD,Sell,10,3791.5,MinusTick,7c4dbd68-0620-a86f-28bb-fd864b75c1ec,527828,327
2832916,2019-01-06T05:01:31.685Z,19010605,XBTUSD,Sell,10,3791.5,ZeroMinusTick,8f69d32c-b52b-c52f-8e43-168161fcf86c,527838,328
2833101,2019-01-06T05:02:08.139Z,19010605,XBTUSD,Buy,75,3792,ZeroPlusTick,dbf3fdcd-f94d-1b28-cab6-46178a705602,527913,329
2833192,2019-01-06T05:02:17.401Z,19010605,XBTUSD,Buy,5000,3792,ZeroPlusTick,da76dc10-07d7-2f35-d43c-ca494f35da01,532913,330
2833203,2019-01-06T05:02:17.401Z,19010605,XBTUSD,Buy,124,3792,ZeroPlusTick,d823bac3-0b6f-d163-48bf-22efff94406d,533037,331
2833212,2019-01-06T05:02:17.401Z,19010605,XBTUSD,Buy,2000,3792,ZeroPlusTick,9f1ed703-d519-21eb-f958-b302e8ea0e50,535037,332
2833222,2019-01-06T05:02:17.401Z,19010605,XBTUSD,Buy,30,3792,ZeroPlusTick,1b12e21a-8b0f-1a6b-69e2-d49c147b5ecf,535067,333
2832678,2019-01-06T05:01:05.443Z,19010605,XBTUSD,Sell,4,3792.5,ZeroMinusTick,d8db92f6-89fe-8aae-313d-b1c139cb0e64,535071,334
2832716,2019-01-06T05:01:13.122Z,19010605,XBTUSD,Sell,41,3792.5,MinusTick,f80e9b08-5cb8-0e18-dcc8-99c2621f52ee,535112,335
2832727,2019-01-06T05:01:15.655Z,19010605,XBTUSD,Sell,120,3792.5,ZeroMinusTick,60ddbd1a-657f-e3a7-5daa-309b0dce6405,535232,336
2832740,2019-01-06T05:01:15.655Z,19010605,XBTUSD,Sell,50,3792.5,ZeroMinusTick,6c1a1ace-81d4-0d59-91b5-984aad9d944a,535282,337
2832749,2019-01-06T05:01:15.655Z,19010605,XBTUSD,Sell,35,3792.5,ZeroMinusTick,752610d1-221d-a141-3071-f8f00087bd7a,535317,338
2832759,2019-01-06T05:01:15.655Z,19010605,XBTUSD,Sell,11,3792,ZeroMinusTick,d5ee5761-aaed-0bdd-b802-6b10c76a9468,535328,339
2832770,2019-01-06T05:01:17.516Z,19010605,XBTUSD,Sell,2,3792,ZeroMinusTick,9dedd9ca-b95d-a951-1321-be00aea1ff5b,535330,340
2832791,2019-01-06T05:01:22.444Z,19010605,XBTUSD,Sell,349,3792,ZeroMinusTick,b51bb56e-e065-0394-9c1d-aea3bb04dc55,535679,341
2832806,2019-01-06T05:01:24.504Z,19010605,XBTUSD,Sell,1222,3792,ZeroMinusTick,1cf49f6a-eafb-2f98-2bf8-6c17a09425b1,536901,342
2832815,2019-01-06T05:01:24.504Z,19010605,XBTUSD,Sell,1000,3792,ZeroMinusTick,acc8d4a3-b7c5-dcde-4d0a-a6845e7ccd45,537901,343
2832825,2019-01-06T05:01:24.504Z,19010605,XBTUSD,Sell,16,3792,ZeroMinusTick,b9de3488-b373-a37e-1c57-b0ed87009fc4,537917,344
2832835,2019-01-06T05:01:24.504Z,19010605,XBTUSD,Sell,50,3792,ZeroMinusTick,279ee817-3338-31d0-60ad-95016f7d8eeb,537967,345
2832839,2019-01-06T05:01:24.504Z,19010605,XBTUSD,Sell,9496,3792,ZeroMinusTick,59866bbe-5952-ba84-b636-b47b7ef3b347,547463,346
2832858,2019-01-06T05:01:30.993Z,19010605,XBTUSD,Sell,10,3792,ZeroMinusTick,85c97660-587e-d61a-d9c2-3098835cd37a,547473,347
2832873,2019-01-06T05:01:30.993Z,19010605,XBTUSD,Sell,225,3792,ZeroMinusTick,57ae827b-cb4c-f541-52b1-2923b7ea06a1,547698,348
2832907,2019-01-06T05:01:31.685Z,19010605,XBTUSD,Sell,11,3791.5,ZeroMinusTick,1a0b4c33-b9c1-85e9-dc22-7cb4f541964a,547709,349
2832911,2019-01-06T05:01:31.685Z,19010605,XBTUSD,Sell,20,3791.5,ZeroMinusTick,880b0d57-3cde-eb8e-eadd-7eff29924cfb,547729,350
2832946,2019-01-06T05:01:32.626Z,19010605,XBTUSD,Sell,75000,3791.5,ZeroMinusTick,1025e544-f309-8d67-1e98-b2ef1bc06baa,622729,351
2833105,2019-01-06T05:02:08.139Z,19010605,XBTUSD,Buy,90,3792,ZeroPlusTick,324c29cc-f6a2-5b20-cd45-7ee8d20aee4d,622819,352
2832675,2019-01-06T05:01:05.443Z,19010605,XBTUSD,Sell,12,3792.5,ZeroMinusTick,76f38967-a497-24de-1e7e-2b9706c7f2ad,622831,353
2832704,2019-01-06T05:01:09.718Z,19010605,XBTUSD,Sell,776,3792.5,ZeroMinusTick,5510bb30-ee65-e139-dcf2-c668be28dc79,623607,354
2832705,2019-01-06T05:01:10.190Z,19010605,XBTUSD,Sell,60,3792.5,ZeroMinusTick,923778f2-a35a-bef6-33f4-b49cd45a0411,623667,355
2832708,2019-01-06T05:01:10.399Z,19010605,XBTUSD,Sell,1,3792.5,ZeroMinusTick,b5c06b62-cdda-001a-fda2-85e12859375e,623668,356
2832726,2019-01-06T05:01:15.655Z,19010605,XBTUSD,Sell,29,3792.5,ZeroMinusTick,60fa7257-0d87-eb04-d406-b765583fd5aa,623697,357
2832737,2019-01-06T05:01:15.655Z,19010605,XBTUSD,Sell,150,3792.5,ZeroMinusTick,c54b6b6f-8aba-540e-ef1b-4e5fec4713ff,623847,358
2832751,2019-01-06T05:01:15.655Z,19010605,XBTUSD,Sell,23,3792.5,ZeroMinusTick,1934b46b-a029-5a76-4fd0-ab671ebee6f7,623870,359
2832762,2019-01-06T05:01:15.655Z,19010605,XBTUSD,Sell,500,3792,ZeroMinusTick,29e091a2-1443-ec50-d1ab-804cbce9268e,624370,360
2832813,2019-01-06T05:01:24.504Z,19010605,XBTUSD,Sell,1000,3792,ZeroMinusTick,e7eab0dc-4da3-ba92-9456-c74a1ab364ee,625370,361
2832822,2019-01-06T05:01:24.504Z,19010605,XBTUSD,Sell,10,3792,ZeroMinusTick,34bc9b54-b81e-2a26-311d-f476c08d9b1f,625380,362
2832826,2019-01-06T05:01:24.504Z,19010605,XBTUSD,Sell,16,3792,ZeroMinusTick,1d2c4b9b-35b7-ad50-adca-8fbe61d629c6,625396,363
2832837,2019-01-06T05:01:24.504Z,19010605,XBTUSD,Sell,12,3792,ZeroMinusTick,22b52cac-c703-8a87-f0c9-b99809bc5600,625408,364
2832859,2019-01-06T05:01:30.993Z,19010605,XBTUSD,Sell,490,3792,ZeroMinusTick,74f06466-a8f5-4d84-8af6-57cd980a5073,625898,365
2832869,2019-01-06T05:01:30.993Z,19010605,XBTUSD,Sell,189,3792,ZeroMinusTick,4ff2e1d5-c659-117e-6d74-9fbdb848547d,626087,366
2832905,2019-01-06T05:01:31.685Z,19010605,XBTUSD,Sell,11,3791.5,ZeroMinusTick,cf74e4b6-9256-fe6a-b519-5929579edc41,626098,367
2832913,2019-01-06T05:01:31.685Z,19010605,XBTUSD,Sell,20,3791.5,ZeroMinusTick,4199d7a5-00ba-b32d-174a-f8cb46a47f42,626118,368
2833020,2019-01-06T05:01:38.236Z,19010605,XBTUSD,Buy,1,3792,PlusTick,64492111-bb79-47e0-9840-c8f6efe08b36,626119,369
2833103,2019-01-06T05:02:08.139Z,19010605,XBTUSD,Buy,150,3792,ZeroPlusTick,8b6620cd-394e-055c-fa23-c3019cafe49c,626269,370
2833182,2019-01-06T05:02:17.401Z,19010605,XBTUSD,Buy,12940,3792,PlusTick,768f31c8-284e-a925-e783-3ff3a777154a,639209,371
2833193,2019-01-06T05:02:17.401Z,19010605,XBTUSD,Buy,4000,3792,ZeroPlusTick,65530a8c-34bc-2511-271f-2c27e199b8da,643209,372
2833207,2019-01-06T05:02:17.401Z,19010605,XBTUSD,Buy,10,3792,ZeroPlusTick,0188971d-bff6-4893-0a7b-39f9e572759b,643219,373
2833219,2019-01-06T05:02:17.401Z,19010605,XBTUSD,Buy,30,3792,ZeroPlusTick,1bc51dbf-5a0a-17e7-430e-3d24c8c961af,643249,374
2832738,2019-01-06T05:01:15.655Z,19010605,XBTUSD,Sell,100,3792.5,ZeroMinusTick,6c098d84-818d-b83d-e680-3e1bbd523f2f,643349,375
2832752,2019-01-06T05:01:15.655Z,19010605,XBTUSD,Sell,34,3792.5,ZeroMinusTick,96d6d047-1747-2700-20bc-8228869d68bd,643383,376
2832756,2019-01-06T05:01:15.655Z,19010605,XBTUSD,Sell,28,3792,ZeroMinusTick,7d59f4ee-7458-5db1-d474-f0958b927de3,643411,377
2832812,2019-01-06T05:01:24.504Z,19010605,XBTUSD,Sell,1000,3792,ZeroMinusTick,458213b2-2bba-c6fa-3713-a99f523ec719,644411,378
2832817,2019-01-06T05:01:24.504Z,19010605,XBTUSD,Sell,464,3792,ZeroMinusTick,b8fd4190-03ad-1804-9f28-387f355b47b0,644875,379
2832831,2019-01-06T05:01:24.504Z,19010605,XBTUSD,Sell,10,3792,ZeroMinusTick,579ef099-717f-a48d-cde4-1aaf10b190c1,644885,380
2832863,2019-01-06T05:01:30.993Z,19010605,XBTUSD,Sell,33,3792,ZeroMinusTick,e913df3b-632e-8567-6896-53673d7d704b,644918,381
2832876,2019-01-06T05:01:30.993Z,19010605,XBTUSD,Sell,1000,3792,ZeroMinusTick,f0f9aa4b-1cf3-2ceb-65e5-ba5f5590f367,645918,382
2832898,2019-01-06T05:01:31.685Z,19010605,XBTUSD,Sell,10,3792,ZeroMinusTick,6cc915db-89a7-c611-2208-cc25a404b34a,645928,383
2832908,2019-01-06T05:01:31.685Z,19010605,XBTUSD,Sell,16,3791.5,ZeroMinusTick,23a4565d-0def-59d2-246f-278be8d4a779,645944,384
2832918,2019-01-06T05:01:31.685Z,19010605,XBTUSD,Sell,583,3791.5,ZeroMinusTick,5066742a-610f-21c0-6a70-7b755921d4cb,646527,385
2833024,2019-01-06T05:01:39.205Z,19010605,XBTUSD,Sell,5000,3791.5,MinusTick,771b7086-8426-0c81-cb28-c2f9044c5dd9,651527,386
2833155,2019-01-06T05:02:16.250Z,19010605,XBTUSD,Buy,850,3792,ZeroPlusTick,1ba06ea6-b36c-71b0-e915-3b4cabacbbd7,652377,387
2833184,2019-01-06T05:02:17.401Z,19010605,XBTUSD,Buy,12500,3792,ZeroPlusTick,0cb04bfc-a551-e1d7-ead1-9aa98cabf1a9,664877,388
2833195,2019-01-06T05:02:17.401Z,19010605,XBTUSD,Buy,200,3792,ZeroPlusTick,32b14613-8d13-a2cc-bbda-5119ce81a865,665077,389
2833206,2019-01-06T05:02:17.401Z,19010605,XBTUSD,Buy,41,3792,ZeroPlusTick,f88d13f0-d965-6090-ce50-cdbe59b086e3,665118,390
2833220,2019-01-06T05:02:17.401Z,19010605,XBTUSD,Buy,652,3792,ZeroPlusTick,6ac23a93-8bf4-b865-d5a2-858bba63ee42,665770,391
2833232,2019-01-06T05:02:17.401Z,19010605,XBTUSD,Buy,11,3792.5,ZeroPlusTick,65805aa4-05c3-fb0d-d372-a94880c934e5,665781,392
2833237,2019-01-06T05:02:17.401Z,19010605,XBTUSD,Buy,50,3792.5,ZeroPlusTick,f53796d6-8f88-f6a6-0ed6-f253e1dd71ec,665831,393
2833249,2019-01-06T05:02:17.401Z,19010605,XBTUSD,Buy,121,3793,ZeroPlusTick,f481b43e-2483-5b5d-f1f6-b29d5435ab02,665952,394
2833293,2019-01-06T05:02:26.848Z,19010605,XBTUSD,Buy,283,3793,ZeroPlusTick,15353210-ec7f-264a-5490-b9d26235b4a7,666235,395
2833331,2019-01-06T05:02:34.681Z,19010605,XBTUSD,Buy,1700,3793,ZeroPlusTick,e3fda2fd-b291-969a-5b79-995674f6f5eb,667935,396
2832780,2019-01-06T05:01:20.222Z,19010605,XBTUSD,Sell,1798,3792,ZeroMinusTick,a2277351-88b1-5b70-62b5-457362abae56,669733,397
2832811,2019-01-06T05:01:24.504Z,19010605,XBTUSD,Sell,5,3792,ZeroMinusTick,0dd08eb1-09cd-c6f5-f4c1-5e92908c3273,669738,398
2832820,2019-01-06T05:01:24.504Z,19010605,XBTUSD,Sell,1000,3792,ZeroMinusTick,8cc1a222-2cca-1d67-e86a-6eae071048a5,670738,399
2832827,2019-01-06T05:01:24.504Z,19010605,XBTUSD,Sell,269,3792,ZeroMinusTick,fabb4fc2-0155-2f92-f109-e3d2a9189181,671007,400
2832836,2019-01-06T05:01:24.504Z,19010605,XBTUSD,Sell,10,3792,ZeroMinusTick,4ebc227e-d34e-d260-a887-491d266a8f49,671017,401
2832865,2019-01-06T05:01:30.993Z,19010605,XBTUSD,Sell,3160,3792,ZeroMinusTick,b9eea537-bf74-6cda-41f7-af75602afd2f,674177,402
2832868,2019-01-06T05:01:30.993Z,19010605,XBTUSD,Sell,10000,3792,ZeroMinusTick,41a0dcbe-9c10-8b72-c404-ad96d019925d,684177,403
2832904,2019-01-06T05:01:31.685Z,19010605,XBTUSD,Sell,33,3791.5,ZeroMinusTick,e3c8c040-2c07-b398-ed7c-f17508dafc45,684210,404
2832917,2019-01-06T05:01:31.685Z,19010605,XBTUSD,Sell,17,3791.5,ZeroMinusTick,dd76897a-61d8-a98f-f544-7041fec5fa27,684227,405
2832920,2019-01-06T05:01:31.685Z,19010605,XBTUSD,Sell,73396,3791.5,ZeroMinusTick,cdcc1968-4212-1c31-e0f8-351f030b71b8,757623,406
2832962,2019-01-06T05:01:34.485Z,19010605,XBTUSD,Sell,12000,3791.5,ZeroMinusTick,4cdfb32d-7899-3f82-d402-9ef5670446e7,769623,407
2833100,2019-01-06T05:02:08.139Z,19010605,XBTUSD,Buy,67,3792,PlusTick,da68b7fe-989a-e9ae-4cfc-405d35caeba1,769690,408
2833190,2019-01-06T05:02:17.401Z,19010605,XBTUSD,Buy,39624,3792,ZeroPlusTick,3665f557-5d97-496a-dcd6-8fd952769be7,809314,409
2833199,2019-01-06T05:02:17.401Z,19010605,XBTUSD,Buy,94,3792,ZeroPlusTick,8f189642-b8ca-30c0-3eb0-3ff90d3f4017,809408,410
2833209,2019-01-06T05:02:17.401Z,19010605,XBTUSD,Buy,24000,3792,ZeroPlusTick,1ef917fa-dd21-708f-7c47-03620d482534,833408,411
2833221,2019-01-06T05:02:17.401Z,19010605,XBTUSD,Buy,40,3792,ZeroPlusTick,d93252a2-3455-63d9-37e6-2b3596124479,833448,412
2833229,2019-01-06T05:02:17.401Z,19010605,XBTUSD,Buy,124,3792.5,ZeroPlusTick,aa559e22-ff78-ec2c-37a1-53406b8c622b,833572,413
2833238,2019-01-06T05:02:17.401Z,19010605,XBTUSD,Buy,4171,3792.5,ZeroPlusTick,1a17b3b9-1191-cb5f-a801-04e3589cad92,837743,414
2833247,2019-01-06T05:02:17.401Z,19010605,XBTUSD,Buy,33,3793,ZeroPlusTick,c867daca-9d41-ea23-918b-68cd5555ead3,837776,415
2833261,2019-01-06T05:02:19.449Z,19010605,XBTUSD,Buy,20,3793,ZeroPlusTick,5eb420dd-b82c-faf1-0a7b-465c683b36c1,837796,416
2833266,2019-01-06T05:02:22.020Z,19010605,XBTUSD,Buy,600,3793,ZeroPlusTick,3ea834d8-db96-3c2b-a534-92f5ffba45f1,838396,417
2833309,2019-01-06T05:02:28.457Z,19010605,XBTUSD,Buy,60,3793,PlusTick,47c5b7e7-7017-c508-2f29-83eb20bfad4d,838456,418
2833367,2019-01-06T05:02:44.179Z,19010605,XBTUSD,Buy,10,3793,ZeroPlusTick,5e1d6de6-411b-7f0a-6152-1340cc4bb7fd,838466,419
2833388,2019-01-06T05:02:45.461Z,19010605,XBTUSD,Buy,5,3793,ZeroPlusTick,6f2eee0e-0122-6a26-11f3-e669a6a401e5,838471,420
2832810,2019-01-06T05:01:24.504Z,19010605,XBTUSD,Sell,30,3792,ZeroMinusTick,27e87ea2-524f-83a6-6375-6457b9d6f275,838501,421
2832821,2019-01-06T05:01:24.504Z,19010605,XBTUSD,Sell,3,3792,ZeroMinusTick,8d09edac-778e-719a-cf11-e549d1510c76,838504,422
2832830,2019-01-06T05:01:24.504Z,19010605,XBTUSD,Sell,10,3792,ZeroMinusTick,14cb2b03-072f-c4f0-f7d3-2d021ad446bc,838514,423
2832864,2019-01-06T05:01:30.993Z,19010605,XBTUSD,Sell,29,3792,ZeroMinusTick,5ffa392b-155a-eff4-5429-68fefefad262,838543,424
2832871,2019-01-06T05:01:30.993Z,19010605,XBTUSD,Sell,500,3792,ZeroMinusTick,63cae232-4c5f-246e-56c7-78890ce95920,839043,425
2832900,2019-01-06T05:01:31.685Z,19010605,XBTUSD,Sell,11,3791.5,ZeroMinusTick,d75c4ef7-67ed-8bd4-af73-84e8e4410916,839054,426
2832910,2019-01-06T05:01:31.685Z,19010605,XBTUSD,Sell,100,3791.5,ZeroMinusTick,5e44db53-2856-0416-47ef-f276d947adf5,839154,427
2832924,2019-01-06T05:01:32.520Z,19010605,XBTUSD,Sell,300,3791.5,ZeroMinusTick,66c31f6c-acf5-bb21-6a03-b1429a50a0fd,839454,428
2833039,2019-01-06T05:01:42.303Z,19010605,XBTUSD,Sell,6250,3791.5,ZeroMinusTick,a68009ee-a1d6-b530-a53b-845083fc9e61,845704,429
2833104,2019-01-06T05:02:08.139Z,19010605,XBTUSD,Buy,150,3792,ZeroPlusTick,a192829a-8b08-d2d7-b6d5-4afc388f1894,845854,430
2833129,2019-01-06T05:02:11.933Z,19010605,XBTUSD,Sell,800,3791.5,ZeroMinusTick,e1774883-4106-3985-3ddb-6ffec732ad16,846654,431
2833189,2019-01-06T05:02:17.401Z,19010605,XBTUSD,Buy,10,3792,ZeroPlusTick,746c72e0-26de-003e-a9ed-9cecd3b7f5ee,846664,432
2833198,2019-01-06T05:02:17.401Z,19010605,XBTUSD,Buy,490,3792,ZeroPlusTick,209784c4-521d-44f9-22bf-beebad0e8a1d,847154,433
2833202,2019-01-06T05:02:17.401Z,19010605,XBTUSD,Buy,28,3792,ZeroPlusTick,e1df6b7b-0dbf-ed14-8d7f-d42a899ec2dc,847182,434
2833213,2019-01-06T05:02:17.401Z,19010605,XBTUSD,Buy,5000,3792,ZeroPlusTick,eff044b7-34e5-0c98-6c1a-4d84b4085ae9,852182,435
2833223,2019-01-06T05:02:17.401Z,19010605,XBTUSD,Buy,30,3792,ZeroPlusTick,6f2c0546-7e5e-07fd-9407-5edf34f0490c,852212,436
2833227,2019-01-06T05:02:17.401Z,19010605,XBTUSD,Buy,28,3792.5,ZeroPlusTick,681a6bf6-95ce-d473-d053-f54cbd49d4a1,852240,437
2833243,2019-01-06T05:02:17.401Z,19010605,XBTUSD,Buy,1,3793,ZeroPlusTick,ed62ed6a-83c1-c332-1b66-4cbe967fcee9,852241,438
2833255,2019-01-06T05:02:18.049Z,19010605,XBTUSD,Buy,1,3793,ZeroPlusTick,af73b764-a903-253f-967a-fdeee1536379,852242,439
2833262,2019-01-06T05:02:19.449Z,19010605,XBTUSD,Buy,1381,3793,ZeroPlusTick,4b2233d3-c149-e8bc-bbdb-4b72b1e0537b,853623,440
2833361,2019-01-06T05:02:43.013Z,19010605,XBTUSD,Buy,50,3793,ZeroPlusTick,e5680c53-de74-5d56-2f56-feeac9e8e572,853673,441
2832901,2019-01-06T05:01:31.685Z,19010605,XBTUSD,Sell,28,3791.5,ZeroMinusTick,060fdb9c-f967-4192-f097-24e58e37448e,853701,442
2832914,2019-01-06T05:01:31.685Z,19010605,XBTUSD,Sell,18,3791.5,ZeroMinusTick,398e2629-ee34-1966-70c5-770789616739,853719,443
2832922,2019-01-06T05:01:32.071Z,19010605,XBTUSD,Sell,1,3791.5,ZeroMinusTick,db3e9a04-069f-b4ba-2367-6cd69df89d1b,853720,444
2833102,2019-01-06T05:02:08.139Z,19010605,XBTUSD,Buy,150,3792,ZeroPlusTick,54196762-2901-904d-c599-9207e1eba366,853870,445
2833187,2019-01-06T05:02:17.401Z,19010605,XBTUSD,Buy,5000,3792,ZeroPlusTick,9303539f-be67-7b5e-5b60-534aee1a5761,858870,446
2833191,2019-01-06T05:02:17.401Z,19010605,XBTUSD,Buy,10,3792,ZeroPlusTick,a3a04ca9-6fe5-d2b2-ce38-a2d7645351f6,858880,447
2833201,2019-01-06T05:02:17.401Z,19010605,XBTUSD,Buy,124,3792,ZeroPlusTick,88536219-ee81-95fd-51c5-6ee0fff2297c,859004,448
2833211,2019-01-06T05:02:17.401Z,19010605,XBTUSD,Buy,16,3792,ZeroPlusTick,56878a62-030a-b384-1c18-0155803344b8,859020,449
2833218,2019-01-06T05:02:17.401Z,19010605,XBTUSD,Buy,1000,3792,ZeroPlusTick,6cbe2e2f-1519-beb5-ddc8-8b85f339885c,860020,450
2833230,2019-01-06T05:02:17.401Z,19010605,XBTUSD,Buy,490,3792.5,ZeroPlusTick,b74f7b0f-c119-eca1-35e8-8732a215b604,860510,451
2833242,2019-01-06T05:02:17.401Z,19010605,XBTUSD,Buy,28,3793,ZeroPlusTick,d6acfe4c-5ab9-7feb-98b7-85326822650d,860538,452
2833252,2019-01-06T05:02:17.401Z,19010605,XBTUSD,Buy,13,3793,ZeroPlusTick,4b8a978e-9cdf-a8eb-bbae-5778daf99ed0,860551,453
2833259,2019-01-06T05:02:19.449Z,19010605,XBTUSD,Buy,132,3793,ZeroPlusTick,bb2b653c-e109-9ae5-53a8-3beea64eb767,860683,454
2833312,2019-01-06T05:02:29.326Z,19010605,XBTUSD,Buy,14,3793,ZeroPlusTick,1edb90b8-0ed2-f1dc-8eb4-f596117a1f37,860697,455
2833319,2019-01-06T05:02:32.217Z,19010605,XBTUSD,Buy,3715,3793,ZeroPlusTick,22244247-fbb5-00ac-5c8a-32b4bb968869,864412,456
2833320,2019-01-06T05:02:32.226Z,19010605,XBTUSD,Buy,38,3793,ZeroPlusTick,24a5fba8-c6ad-22e1-3b9f-44d62a14e3a0,864450,457
2833358,2019-01-06T05:02:41.658Z,19010605,XBTUSD,Buy,600,3793,ZeroPlusTick,4a766719-c938-c6b2-4dd5-8ac1a8c57266,865050,458
2832902,2019-01-06T05:01:31.685Z,19010605,XBTUSD,Sell,490,3791.5,ZeroMinusTick,1b5a261b-b299-d7d2-5fcc-7f79e60106bc,865540,459
2832912,2019-01-06T05:01:31.685Z,19010605,XBTUSD,Sell,14,3791.5,ZeroMinusTick,c31f4b62-1567-850e-49fd-00fc1f393064,865554,460
2832948,2019-01-06T05:01:32.824Z,19010605,XBTUSD,Sell,3000,3791.5,ZeroMinusTick,52af2b7a-0d44-b390-3702-554ee1cd7d42,868554,461
2833078,2019-01-06T05:02:00.786Z,19010605,XBTUSD,Sell,1000,3791.5,ZeroMinusTick,96f9c81a-043a-2394-cd7d-7681ff6df6cc,869554,462
2833079,2019-01-06T05:02:01.019Z,19010605,XBTUSD,Buy,1,3792,PlusTick,600e9a54-91ed-1687-42e7-bff7df918a59,869555,463
2833106,2019-01-06T05:02:08.139Z,19010605,XBTUSD,Buy,15,3792,ZeroPlusTick,cce0c459-b80a-5a3d-3ee7-8dfc513a7008,869570,464
2833152,2019-01-06T05:02:15.624Z,19010605,XBTUSD,Buy,2500,3792,PlusTick,04a2c449-3ad3-be8e-9f0a-8a95b4051f46,872070,465
2833154,2019-01-06T05:02:16.066Z,19010605,XBTUSD,Buy,80,3792,ZeroPlusTick,706aeebe-f1ec-1653-8b0e-badf84ce2892,872150,466
2833188,2019-01-06T05:02:17.401Z,19010605,XBTUSD,Buy,5000,3792,ZeroPlusTick,d7989c06-9594-e5ac-8a56-a7bdefef061b,877150,467
2833200,2019-01-06T05:02:17.401Z,19010605,XBTUSD,Buy,94,3792,ZeroPlusTick,7872da15-d1a6-88a3-c066-1b9fd1c952ce,877244,468
2833210,2019-01-06T05:02:17.401Z,19010605,XBTUSD,Buy,1000,3792,ZeroPlusTick,b225776a-6a87-39b8-7a57-6fdb51d772d8,878244,469
2833215,2019-01-06T05:02:17.401Z,19010605,XBTUSD,Buy,50,3792,ZeroPlusTick,6ab36fc2-bf28-e842-f726-d65e61c2846b,878294,470
2833224,2019-01-06T05:02:17.401Z,19010605,XBTUSD,Buy,15,3792,ZeroPlusTick,544af297-3974-3079-3afc-660a0bce33e8,878309,471
2833235,2019-01-06T05:02:17.401Z,19010605,XBTUSD,Buy,68,3792.5,ZeroPlusTick,7d1261ce-ee25-0c95-74f3-5756aad6c3ad,878377,472
2833245,2019-01-06T05:02:17.401Z,19010605,XBTUSD,Buy,2,3793,ZeroPlusTick,2629a7e9-3a5c-aec8-6db9-2bb364d9d71d,878379,473
2833254,2019-01-06T05:02:17.401Z,19010605,XBTUSD,Buy,142,3793,ZeroPlusTick,80394421-e518-b7fc-5b75-d2a94695b055,878521,474
2833308,2019-01-06T05:02:28.439Z,19010605,XBTUSD,Sell,10000,3792.5,MinusTick,644a146c-db9d-741b-de4a-8cbfbb44e85f,888521,475
2833313,2019-01-06T05:02:29.403Z,19010605,XBTUSD,Buy,200,3793,ZeroPlusTick,9b2155c7-2218-b897-dbdf-e92a10dd27ff,888721,476
2833318,2019-01-06T05:02:31.679Z,19010605,XBTUSD,Buy,2500,3793,ZeroPlusTick,bf921c41-952c-d7bc-ded4-e9889e4517a2,891221,477
2833343,2019-01-06T05:02:36.569Z,19010605,XBTUSD,Buy,45,3793,ZeroPlusTick,bc9de4fe-e6da-8824-3277-910bbf271563,891266,478
2833344,2019-01-06T05:02:36.683Z,19010605,XBTUSD,Buy,35000,3793,ZeroPlusTick,f0a6ce32-66cd-c51c-b941-76b93a58a081,926266,479
2833346,2019-01-06T05:02:36.952Z,19010605,XBTUSD,Buy,1984,3793,ZeroPlusTick,4f0a56f4-c30d-04b8-c5a1-7843576f0694,928250,480
2833359,2019-01-06T05:02:42.909Z,19010605,XBTUSD,Buy,38,3793,ZeroPlusTick,03b33fe6-40e2-8d1a-2a65-b7b544570987,928288,481
2833360,2019-01-06T05:02:43.013Z,19010605,XBTUSD,Buy,1259,3793,ZeroPlusTick,e5973d63-3658-c938-987e-6c92ba3754ee,929547,482
2833063,2019-01-06T05:01:52.693Z,19010605,XBTUSD,Sell,300,3791.5,ZeroMinusTick,f3de25f5-3435-9ed7-7c15-17da5dad10dd,929847,483
2833082,2019-01-06T05:02:04.526Z,19010605,XBTUSD,Sell,652,3791.5,MinusTick,ec0e20a3-bb4c-4a24-8920-5fdee3b56fb9,930499,484
2833083,2019-01-06T05:02:04.949Z,19010605,XBTUSD,Buy,31,3792,PlusTick,54633347-561d-0d21-28ca-7f068e24bc2c,930530,485
2833108,2019-01-06T05:02:08.139Z,19010605,XBTUSD,Buy,9213,3792,ZeroPlusTick,015c9e51-5f09-6472-f500-0e59234d45a7,939743,486
2833180,2019-01-06T05:02:16.657Z,19010605,XBTUSD,Buy,2500,3792,ZeroPlusTick,dd88536c-bd37-5796-a73e-cad67f4da80d,942243,487
2833181,2019-01-06T05:02:17.062Z,19010605,XBTUSD,Sell,1000,3791.5,MinusTick,76b8e787-b90a-4f09-7a22-118e122539da,943243,488
2833183,2019-01-06T05:02:17.401Z,19010605,XBTUSD,Buy,10134,3792,ZeroPlusTick,6a32d4bb-fddd-be73-e89a-e2c27815fc4f,953377,489
2833194,2019-01-06T05:02:17.401Z,19010605,XBTUSD,Buy,15,3792,ZeroPlusTick,dea4904b-a363-7179-38e2-f989dd1ca2eb,953392,490
2833208,2019-01-06T05:02:17.401Z,19010605,XBTUSD,Buy,100,3792,ZeroPlusTick,5ba7931f-fe4d-fdfa-5701-94539c4a4915,953492,491
2833214,2019-01-06T05:02:17.401Z,19010605,XBTUSD,Buy,116,3792,ZeroPlusTick,82f78ba0-03e7-a58c-ea46-3dda93645b22,953608,492
2833225,2019-01-06T05:02:17.401Z,19010605,XBTUSD,Buy,15,3792,ZeroPlusTick,b6aac8f2-7755-0397-136e-2f2969af77a9,953623,493
2833234,2019-01-06T05:02:17.401Z,19010605,XBTUSD,Buy,1000,3792.5,ZeroPlusTick,08e4fb30-d993-cfcd-71c8-88f5ebb1e0a8,954623,494
2833244,2019-01-06T05:02:17.401Z,19010605,XBTUSD,Buy,124,3793,ZeroPlusTick,ebfed630-7a0e-aaeb-2428-46643a67a605,954747,495
2833258,2019-01-06T05:02:19.449Z,19010605,XBTUSD,Buy,126,3793,ZeroPlusTick,18bdd2d9-06c1-668f-cf29-b5abb4df218e,954873,496
2833414,2019-01-06T05:02:45.875Z,19010605,XBTUSD,Buy,490,3793,ZeroPlusTick,385a4d04-afc5-5c39-77b9-29497bb52c32,955363,497
2833421,2019-01-06T05:02:45.900Z,19010605,XBTUSD,Buy,412,3793.5,ZeroPlusTick,68d9a5b0-5b81-bf98-268a-fc7967b3861e,955775,498
2833431,2019-01-06T05:02:45.900Z,19010605,XBTUSD,Buy,100,3793.5,ZeroPlusTick,5e5fbd89-7f9c-90dd-e1bb-c22d4b678e61,955875,499
2833185,2019-01-06T05:02:17.401Z,19010605,XBTUSD,Buy,109,3792,ZeroPlusTick,671d85a3-4e89-6a41-7344-b8d0a6fb5e40,955984,500
2833197,2019-01-06T05:02:17.401Z,19010605,XBTUSD,Buy,512,3792,ZeroPlusTick,5c4bc4aa-4ee5-02ad-1211-26769b802e37,956496,501
2833205,2019-01-06T05:02:17.401Z,19010605,XBTUSD,Buy,841,3792,ZeroPlusTick,d9e3cc6b-098a-c447-64d7-33ec29cd66b9,957337,502
2833217,2019-01-06T05:02:17.401Z,19010605,XBTUSD,Buy,5000,3792,ZeroPlusTick,d1d744dd-f7aa-7563-7632-ce17d53799db,962337,503
2833231,2019-01-06T05:02:17.401Z,19010605,XBTUSD,Buy,33,3792.5,ZeroPlusTick,674e276b-21b0-a7e5-d825-f05de013fc08,962370,504
2833239,2019-01-06T05:02:17.401Z,19010605,XBTUSD,Buy,106,3792.5,ZeroPlusTick,f4eb04f9-309f-61b5-ce1f-41811970faf9,962476,505
2833248,2019-01-06T05:02:17.401Z,19010605,XBTUSD,Buy,2,3793,ZeroPlusTick,e50ed8fe-005d-227e-1714-b46bbbaafbb3,962478,506
2833351,2019-01-06T05:02:37.707Z,19010605,XBTUSD,Buy,3719,3793,ZeroPlusTick,9560baf3-7c0f-0ac6-47d9-966370543da8,966197,507
2833352,2019-01-06T05:02:37.718Z,19010605,XBTUSD,Buy,38,3793,ZeroPlusTick,61d63548-d2a6-41af-81c8-649a211ce0f5,966235,508
2833353,2019-01-06T05:02:37.940Z,19010605,XBTUSD,Buy,10,3793,ZeroPlusTick,2f85de61-60ad-dc52-9492-71f3de751698,966245,509
2833362,2019-01-06T05:02:43.013Z,19010605,XBTUSD,Buy,3000,3793,ZeroPlusTick,7bcc7c74-5fc8-acc7-d9cf-41e7d8804bda,969245,510
2833383,2019-01-06T05:02:44.854Z,19010605,XBTUSD,Buy,33,3793,ZeroPlusTick,d5ba7bd1-b3ad-559b-406d-08fcb5d3e736,969278,511
2833387,2019-01-06T05:02:45.461Z,19010605,XBTUSD,Buy,16,3793,ZeroPlusTick,8131e39d-14cf-46b2-d83b-c6d760fcc644,969294,512
2833416,2019-01-06T05:02:45.875Z,19010605,XBTUSD,Buy,26,3793,ZeroPlusTick,098e2a44-1f0d-9ba1-b3ba-069f8a4d9ff4,969320,513
2833422,2019-01-06T05:02:45.900Z,19010605,XBTUSD,Buy,28,3793.5,ZeroPlusTick,2160c629-9641-6e93-479d-ae6f33a28801,969348,514
2833449,2019-01-06T05:02:46.017Z,19010605,XBTUSD,Buy,1930,3793.5,ZeroPlusTick,c110864d-4a14-a18f-ba97-c4a4b24b6925,971278,515
2833467,2019-01-06T05:02:46.250Z,19010605,XBTUSD,Buy,78,3794,ZeroPlusTick,8d023efd-9d9c-8843-c3df-a3c1f369f341,971356,516
2833495,2019-01-06T05:02:47.605Z,19010605,XBTUSD,Buy,1000,3794,ZeroPlusTick,60a158af-bae3-93b8-7232-34c72c2e725c,972356,517
2833504,2019-01-06T05:02:47.860Z,19010605,XBTUSD,Buy,500,3794,ZeroPlusTick,488e560b-f32f-df0a-0495-dceb6bb65d83,972856,518
2833524,2019-01-06T05:02:48.465Z,19010605,XBTUSD,Buy,30,3794,ZeroPlusTick,026d28e3-abe0-9fbd-6015-5ab6b52be1d5,972886,519
2833529,2019-01-06T05:02:48.586Z,19010605,XBTUSD,Buy,500,3794.5,ZeroPlusTick,a0fd3df0-5e24-475d-0957-a4b9cdb2e298,973386,520
2833531,2019-01-06T05:02:48.735Z,19010605,XBTUSD,Buy,1899,3794.5,ZeroPlusTick,4342235d-1044-9612-33b7-1034a1440c65,975285,521
2833597,2019-01-06T05:02:50.690Z,19010605,XBTUSD,Buy,4000,3794.5,ZeroPlusTick,027a8117-aaea-e93c-a2f2-d318135fe700,979285,522
2833606,2019-01-06T05:02:50.690Z,19010605,XBTUSD,Buy,11,3794.5,ZeroPlusTick,e6befe68-4893-0d15-eeea-8f2dd3a6872b,979296,523
2833186,2019-01-06T05:02:17.401Z,19010605,XBTUSD,Buy,5000,3792,ZeroPlusTick,ac1a4bbc-dea2-128f-b3a0-9938ab567697,984296,524
2833196,2019-01-06T05:02:17.401Z,19010605,XBTUSD,Buy,11,3792,ZeroPlusTick,73203040-97b9-088d-1952-7d7cc9b0d3ae,984307,525
2833204,2019-01-06T05:02:17.401Z,19010605,XBTUSD,Buy,33,3792,ZeroPlusTick,397e2556-bc30-ce62-6bc5-1697d200c28f,984340,526
2833216,2019-01-06T05:02:17.401Z,19010605,XBTUSD,Buy,152,3792,ZeroPlusTick,034fa38e-53b8-816d-a361-5fca9047bcae,984492,527
2833226,2019-01-06T05:02:17.401Z,19010605,XBTUSD,Buy,10,3792.5,PlusTick,0ba50a89-9dc5-b234-64dc-500a866d8a58,984502,528
2833236,2019-01-06T05:02:17.401Z,19010605,XBTUSD,Buy,120,3792.5,ZeroPlusTick,fdd3af25-05a8-cc46-c919-eedef6328d77,984622,529
2833246,2019-01-06T05:02:17.401Z,19010605,XBTUSD,Buy,10,3793,ZeroPlusTick,2d7a4192-c5b7-7e9d-1e6d-2ecbd97fb58e,984632,530
2833253,2019-01-06T05:02:17.401Z,19010605,XBTUSD,Buy,11,3793,ZeroPlusTick,1de0b0b4-af3b-de91-3ebe-fb19c4773c2a,984643,531
2833290,2019-01-06T05:02:26.781Z,19010605,XBTUSD,Buy,38,3793,ZeroPlusTick,ed3e0663-72b9-ce29-e830-5a3d6feb7fe1,984681,532
2833291,2019-01-06T05:02:26.825Z,19010605,XBTUSD,Buy,3712,3793,ZeroPlusTick,eae84e53-5ef4-5470-5851-72819ebe1f77,988393,533
2833332,2019-01-06T05:02:34.875Z,19010605,XBTUSD,Buy,950,3793,ZeroPlusTick,cd0c06b0-932c-42ec-7423-5d6a7ed86b75,989343,534
2833347,2019-01-06T05:02:36.952Z,19010605,XBTUSD,Buy,516,3793,ZeroPlusTick,9ec1853c-f4d3-0df6-6d29-785d47fa0461,989859,535
2833415,2019-01-06T05:02:45.875Z,19010605,XBTUSD,Buy,40,3793,ZeroPlusTick,608b517d-d8ff-8612-c729-a73f75bef215,989899,536
2833428,2019-01-06T05:02:45.900Z,19010605,XBTUSD,Buy,500,3793.5,ZeroPlusTick,def9bb87-5adb-cf15-c06c-78ae3fb8851b,990399,537
2833469,2019-01-06T05:02:46.250Z,19010605,XBTUSD,Buy,4,3794,ZeroPlusTick,c888ddbf-097e-485d-61fe-c32eed269a12,990403,538
2833494,2019-01-06T05:02:47.605Z,19010605,XBTUSD,Buy,11,3794,ZeroPlusTick,c3c1124b-98ea-875f-b714-b8489fc35b89,990414,539
2833508,2019-01-06T05:02:47.860Z,19010605,XBTUSD,Buy,1000,3794,ZeroPlusTick,70713a61-da42-eae0-489f-d216dc8802fb,991414,540
2833521,2019-01-06T05:02:48.465Z,19010605,XBTUSD,Buy,480,3794,ZeroPlusTick,1074e88c-bad7-c57b-0066-49e3401bc28e,991894,541
2833599,2019-01-06T05:02:50.690Z,19010605,XBTUSD,Buy,30,3794.5,ZeroPlusTick,187ee097-4500-edae-3216-e164b39bf652,991924,542
2833609,2019-01-06T05:02:50.727Z,19010605,XBTUSD,Buy,79,3794.5,ZeroPlusTick,811845a0-0428-589c-fb9f-80fa6dabb116,992003,543
2833618,2019-01-06T05:02:51.711Z,19010605,XBTUSD,Buy,30,3794.5,ZeroPlusTick,23b1c28a-6507-6a42-371e-c02b387d3717,992033,544
2833624,2019-01-06T05:02:51.898Z,19010605,XBTUSD,Buy,18,3794.5,ZeroPlusTick,9f327b02-1c72-f44a-a75e-7aff875d5193,992051,545
2833638,2019-01-06T05:02:52.237Z,19010605,XBTUSD,Buy,11,3794.5,ZeroPlusTick,d5164585-c2a2-40f2-e5ee-6da743725c84,992062,546
2833659,2019-01-06T05:02:53.049Z,19010605,XBTUSD,Buy,3341,3794.5,ZeroPlusTick,42436d86-3b1b-2ffa-e9b6-1b594ae63449,995403,547
2833660,2019-01-06T05:02:53.192Z,19010605,XBTUSD,Buy,500,3794.5,ZeroPlusTick,b567b99e-3523-ee5d-0c9b-27c06bc5fbf4,995903,548
2833669,2019-01-06T05:02:54.670Z,19010605,XBTUSD,Buy,116,3794.5,ZeroPlusTick,07a29ce6-d0c8-5685-80cd-5c92276ff312,996019,549
2833677,2019-01-06T05:02:55.487Z,19010605,XBTUSD,Buy,1000,3794.5,ZeroPlusTick,268548d7-5c38-b6ef-52e9-162b1a653f93,997019,550
2833683,2019-01-06T05:02:55.678Z,19010605,XBTUSD,Buy,30,3794.5,ZeroPlusTick,3a080240-7277-d5d4-e281-783f6e834700,997049,551
2833228,2019-01-06T05:02:17.401Z,19010605,XBTUSD,Buy,11,3792.5,ZeroPlusTick,15d05dcb-d0d8-6e14-26da-d6b36ccb4c2e,997060,552
2833240,2019-01-06T05:02:17.401Z,19010605,XBTUSD,Buy,11,3793,PlusTick,8ce67370-8972-2e5c-2280-4dee15769441,997071,553
2833250,2019-01-06T05:02:17.401Z,19010605,XBTUSD,Buy,1000,3793,ZeroPlusTick,13e618a1-9526-5994-c10b-6043e97c0ff6,998071,554
2833260,2019-01-06T05:02:19.449Z,19010605,XBTUSD,Buy,841,3793,ZeroPlusTick,1b267200-0a60-4489-97c9-248d90633271,998912,555
2833267,2019-01-06T05:02:24.816Z,19010605,XBTUSD,Buy,21464,3793,ZeroPlusTick,882aa5a1-b3a7-d389-9e65-ba926f23091c,1020376,556
2833299,2019-01-06T05:02:27.491Z,19010605,XBTUSD,Buy,4000,3793,ZeroPlusTick,02d85844-a40c-4416-9406-7288b9895123,1024376,557
2833327,2019-01-06T05:02:32.463Z,19010605,XBTUSD,Buy,390,3793,ZeroPlusTick,cdf21d38-db09-5bd2-2039-fa96b59c3303,1024766,558
2833365,2019-01-06T05:02:43.013Z,19010605,XBTUSD,Buy,14,3793,ZeroPlusTick,a5f13be3-dde7-4490-6e25-12ec0f06c344,1024780,559
2833411,2019-01-06T05:02:45.875Z,19010605,XBTUSD,Buy,1971,3793,ZeroPlusTick,a919dcc5-8842-cf1a-8c01-84de06d64393,1026751,560
2833430,2019-01-06T05:02:45.900Z,19010605,XBTUSD,Buy,4,3793.5,ZeroPlusTick,1077b341-c5d9-8420-430c-34bbc062ab1a,1026755,561
2833452,2019-01-06T05:02:46.017Z,19010605,XBTUSD,Buy,166,3793.5,ZeroPlusTick,4aec9e74-6c23-311f-a6da-e29c9ac14a8a,1026921,562
2833465,2019-01-06T05:02:46.082Z,19010605,XBTUSD,Buy,10,3794,ZeroPlusTick,f4cdecbf-5137-a1fb-e1a7-4c31810b1e86,1026931,563
2833490,2019-01-06T05:02:47.605Z,19010605,XBTUSD,Buy,33,3794,ZeroPlusTick,e2fcbc4c-bbe1-a744-e4f1-c8433f2dc273,1026964,564
2833502,2019-01-06T05:02:47.860Z,19010605,XBTUSD,Buy,841,3794,ZeroPlusTick,e7b88ce0-0231-2022-690f-cb7d469483db,1027805,565
2833519,2019-01-06T05:02:48.465Z,19010605,XBTUSD,Buy,358,3794,ZeroPlusTick,cec393ea-eca4-aa56-8747-0db07c7138b6,1028163,566
2833536,2019-01-06T05:02:49.050Z,19010605,XBTUSD,Buy,1,3794.5,ZeroPlusTick,b613ef8a-6f05-db9e-1a12-32a69ec51ea4,1028164,567
2833595,2019-01-06T05:02:50.690Z,19010605,XBTUSD,Buy,500,3794.5,ZeroPlusTick,2a8e1029-9717-1ef1-3cd0-77dc3a81d2e4,1028664,568
2833604,2019-01-06T05:02:50.690Z,19010605,XBTUSD,Buy,30,3794.5,ZeroPlusTick,760a5cc4-19bf-66d4-af90-9aec2c45fa22,1028694,569
2833639,2019-01-06T05:02:52.237Z,19010605,XBTUSD,Buy,534,3794.5,ZeroPlusTick,8d482e68-7259-88e5-8d33-8cdfa1c2e6f1,1029228,570
2833658,2019-01-06T05:02:53.049Z,19010605,XBTUSD,Buy,1,3794.5,ZeroPlusTick,df3f1b98-fc2f-8abd-4bf8-67b39d262af0,1029229,571
2833665,2019-01-06T05:02:54.504Z,19010605,XBTUSD,Buy,10,3794.5,ZeroPlusTick,9ab18728-80ca-afcb-c778-a311ce5fc15e,1029239,572
2833682,2019-01-06T05:02:55.653Z,19010605,XBTUSD,Buy,15,3794.5,ZeroPlusTick,feb568cb-ee58-843f-5c10-e2bf2d5d86f7,1029254,573
2833696,2019-01-06T05:02:56.769Z,19010605,XBTUSD,Buy,26,3794.5,ZeroPlusTick,5fc1d851-fe9c-fb1e-7cb8-1e13deb9c8c8,1029280,574
2833725,2019-01-06T05:02:58.698Z,19010605,XBTUSD,Buy,4,3794.5,ZeroPlusTick,fa436936-18c6-d8a8-2b8a-49dfd8252f04,1029284,575
2833732,2019-01-06T05:02:58.698Z,19010605,XBTUSD,Buy,1413,3795,PlusTick,184e524c-e507-d3e8-032b-98591b45aec2,1030697,576
2833746,2019-01-06T05:02:59.024Z,19010605,XBTUSD,Buy,3601,3795,ZeroPlusTick,4d87b0ad-0692-5d68-096b-1f80eb109637,1034298,577
2833762,2019-01-06T05:02:59.851Z,19010605,XBTUSD,Buy,500,3795,ZeroPlusTick,96762989-f332-c760-827e-feee9e22c51c,1034798,578
2833768,2019-01-06T05:02:59.851Z,19010605,XBTUSD,Buy,11,3795,ZeroPlusTick,e596bab6-1ee2-b2bf-d106-15276b85c043,1034809,579
2833783,2019-01-06T05:02:59.851Z,19010605,XBTUSD,Buy,10,3795,ZeroPlusTick,3b04e512-47a4-20af-59c1-c8deeeeed142,1034819,580
2833789,2019-01-06T05:02:59.851Z,19010605,XBTUSD,Buy,34446,3795,ZeroPlusTick,f9ef49b9-bd45-4523-f9ba-d2aff7960751,1069265,581
2833823,2019-01-06T05:03:01.255Z,19010605,XBTUSD,Buy,1000,3795,ZeroPlusTick,f73ec24d-b240-e46b-ebf4-61ac34dda580,1070265,582
2833828,2019-01-06T05:03:01.255Z,19010605,XBTUSD,Buy,15,3795,ZeroPlusTick,fbecf192-dbe4-f60f-86a7-ca3ebb3cdb69,1070280,583
2833841,2019-01-06T05:03:01.255Z,19010605,XBTUSD,Buy,11,3795.5,ZeroPlusTick,773131fc-4a3a-6b7c-b680-26c6e20cc5eb,1070291,584
2833855,2019-01-06T05:03:01.255Z,19010605,XBTUSD,Buy,67,3795.5,ZeroPlusTick,80ebcfcb-acc4-c085-6ebe-b84e64cceb14,1070358,585
2833233,2019-01-06T05:02:17.401Z,19010605,XBTUSD,Buy,500,3792.5,ZeroPlusTick,8917506b-2808-1b85-f782-9c046d7912ef,1070858,586
2833241,2019-01-06T05:02:17.401Z,19010605,XBTUSD,Buy,490,3793,ZeroPlusTick,c1c721ac-be52-874e-3d06-7886cab784d3,1071348,587
2833251,2019-01-06T05:02:17.401Z,19010605,XBTUSD,Buy,100,3793,ZeroPlusTick,0ac22882-6e81-356d-abbb-29e4fc8a6be2,1071448,588
2833306,2019-01-06T05:02:28.242Z,19010605,XBTUSD,Buy,1926,3793,ZeroPlusTick,e736f0b9-1683-354e-f409-a04c41f8be99,1073374,589
2833363,2019-01-06T05:02:43.013Z,19010605,XBTUSD,Buy,490,3793,ZeroPlusTick,968c363b-4316-4a24-8d6d-c1a32dd0a1ce,1073864,590
2833382,2019-01-06T05:02:44.854Z,19010605,XBTUSD,Buy,66,3793,ZeroPlusTick,a46d7f0b-7139-5092-6df7-4c09d62fb5e2,1073930,591
2833389,2019-01-06T05:02:45.461Z,19010605,XBTUSD,Buy,29,3793,ZeroPlusTick,a21a25b9-d9cb-5b41-2011-c466fd51428b,1073959,592
2833418,2019-01-06T05:02:45.875Z,19010605,XBTUSD,Buy,10,3793.5,PlusTick,87970279-5844-81ec-1e95-2bd525e00c24,1073969,593
2833423,2019-01-06T05:02:45.900Z,19010605,XBTUSD,Buy,11,3793.5,ZeroPlusTick,22cdc85f-2c93-e5c9-173e-f4d49cd9f709,1073980,594
2833468,2019-01-06T05:02:46.250Z,19010605,XBTUSD,Buy,11,3794,ZeroPlusTick,65cbe629-a94a-8ab4-adc2-3cc4913873a2,1073991,595
2833507,2019-01-06T05:02:47.860Z,19010605,XBTUSD,Buy,11,3794,ZeroPlusTick,168691a0-0c1d-71b9-9480-ecf93aae67aa,1074002,596
2833514,2019-01-06T05:02:47.993Z,19010605,XBTUSD,Buy,17,3794,ZeroPlusTick,690ec042-b148-3f92-4521-7e9187572ddf,1074019,597
2833515,2019-01-06T05:02:48.005Z,19010605,XBTUSD,Buy,2100,3794,ZeroPlusTick,77245e5c-ef01-1d02-b4fe-0062c7d03133,1076119,598
2833517,2019-01-06T05:02:48.410Z,19010605,XBTUSD,Buy,38,3794,ZeroPlusTick,749b159f-eb71-e437-2206-4186ea5530c0,1076157,599
2833566,2019-01-06T05:02:49.775Z,19010605,XBTUSD,Buy,1600,3794.5,ZeroPlusTick,cf33d085-6acf-fff5-5adb-12a1176126bb,1077757,600
2833590,2019-01-06T05:02:50.690Z,19010605,XBTUSD,Buy,3369,3794.5,ZeroPlusTick,2774ae46-ac3b-f84a-a7cd-976793fe3997,1081126,601
2833601,2019-01-06T05:02:50.690Z,19010605,XBTUSD,Buy,2000,3794.5,ZeroPlusTick,cd5fa387-7816-4259-d0ef-95082bd77787,1083126,602
2833637,2019-01-06T05:02:52.237Z,19010605,XBTUSD,Buy,125,3794.5,ZeroPlusTick,40c8b5a7-2350-4bb5-f0d3-5dea02f169d6,1083251,603
2833656,2019-01-06T05:02:53.049Z,19010605,XBTUSD,Buy,1000,3794.5,ZeroPlusTick,6e60000b-df5c-8e02-2c1a-73f2424f9b22,1084251,604
2833661,2019-01-06T05:02:53.716Z,19010605,XBTUSD,Buy,38,3794.5,ZeroPlusTick,3048592f-21d0-43ab-2324-30091a164c25,1084289,605
2833671,2019-01-06T05:02:54.681Z,19010605,XBTUSD,Buy,535,3794.5,ZeroPlusTick,5f4cdd5c-34f4-b4a0-399d-365ee2facd5e,1084824,606
2833680,2019-01-06T05:02:55.575Z,19010605,XBTUSD,Buy,3740,3794.5,ZeroPlusTick,b54bb43f-1e4a-75db-2b72-ecf6cb839782,1088564,607
2833686,2019-01-06T05:02:55.783Z,19010605,XBTUSD,Buy,500,3794.5,ZeroPlusTick,7ccd7395-7141-e36d-c091-6916f91d0e7f,1089064,608
2833695,2019-01-06T05:02:56.732Z,19010605,XBTUSD,Buy,18,3794.5,ZeroPlusTick,f60541f8-6d65-9acd-b381-3480cb954f49,1089082,609
2833727,2019-01-06T05:02:58.698Z,19010605,XBTUSD,Buy,33,3794.5,ZeroPlusTick,294180b0-16b9-6568-c5ec-fd04650ea996,1089115,610
2833736,2019-01-06T05:02:58.698Z,19010605,XBTUSD,Buy,3795,3795,ZeroPlusTick,451e2542-7e97-71f2-b0d3-a8259b70ab7a,1092910,611
2833357,2019-01-06T05:02:41.038Z,19010605,XBTUSD,Buy,20,3793,ZeroPlusTick,53b5a28e-9782-c50b-fd4a-43f4eec01ee6,1092930,612
2833368,2019-01-06T05:02:44.191Z,19010605,XBTUSD,Buy,4,3793,ZeroPlusTick,24cfa94e-37a9-849c-1424-839ebaec050c,1092934,613
2833384,2019-01-06T05:02:44.854Z,19010605,XBTUSD,Buy,94,3793,ZeroPlusTick,91c4eb02-754d-5c81-8d68-61d0564fc150,1093028,614
2833417,2019-01-06T05:02:45.875Z,19010605,XBTUSD,Buy,36,3793,ZeroPlusTick,672aeb1e-7c7f-6168-65ca-3a719300ab4b,1093064,615
2833425,2019-01-06T05:02:45.900Z,19010605,XBTUSD,Buy,6,3793.5,ZeroPlusTick,94d6d27e-f0c7-1590-ef55-27309a6b4601,1093070,616
2833450,2019-01-06T05:02:46.017Z,19010605,XBTUSD,Buy,120,3793.5,ZeroPlusTick,4c7d03c5-8a04-5593-8a49-ffac5fb8b3b7,1093190,617
2833496,2019-01-06T05:02:47.605Z,19010605,XBTUSD,Buy,439,3794,ZeroPlusTick,9b83217b-1e8f-af44-8511-3ce1dffe5a48,1093629,618
2833505,2019-01-06T05:02:47.860Z,19010605,XBTUSD,Buy,200,3794,ZeroPlusTick,5d6c31b6-2a7d-3394-e3b6-b1df505b32a3,1093829,619
2833526,2019-01-06T05:02:48.465Z,19010605,XBTUSD,Buy,2156,3794.5,PlusTick,97b66af8-6863-6301-a6b2-bdcd2d534db3,1095985,620
2833586,2019-01-06T05:02:50.161Z,19010605,XBTUSD,Buy,500,3794.5,ZeroPlusTick,6599dd32-92d2-8c9c-c1e3-1d12252c3416,1096485,621
2833591,2019-01-06T05:02:50.690Z,19010605,XBTUSD,Buy,1000,3794.5,ZeroPlusTick,6bf8d050-5b29-9e7a-ab12-6458cca22fc6,1097485,622
2833600,2019-01-06T05:02:50.690Z,19010605,XBTUSD,Buy,58,3794.5,ZeroPlusTick,08a0ce9f-435d-4a9a-e4a2-7f42dd58200d,1097543,623
2833610,2019-01-06T05:02:50.739Z,19010605,XBTUSD,Buy,8000,3794.5,ZeroPlusTick,a1e23b1c-12f7-e6e4-de5f-42523ced315e,1105543,624
2833611,2019-01-06T05:02:50.814Z,19010605,XBTUSD,Buy,155,3794.5,ZeroPlusTick,6fc0c4f6-2ea5-43fd-3a67-ae1b7e4b3cc9,1105698,625
2833617,2019-01-06T05:02:51.594Z,19010605,XBTUSD,Buy,5,3794.5,ZeroPlusTick,2fe6a700-8f03-f672-e975-4487ca8fbdfb,1105703,626
2833625,2019-01-06T05:02:51.910Z,19010605,XBTUSD,Buy,147,3794.5,ZeroPlusTick,14e95108-317f-bf1f-5465-087a2fc5309f,1105850,627
2833631,2019-01-06T05:02:52.237Z,19010605,XBTUSD,Buy,29090,3794.5,ZeroPlusTick,a29d751b-4ab2-e845-6b1e-a53b68f41c6e,1134940,628
2833657,2019-01-06T05:02:53.049Z,19010605,XBTUSD,Buy,100,3794.5,ZeroPlusTick,d0d757ea-c466-3421-86f0-856219ea484b,1135040,629
2833668,2019-01-06T05:02:54.670Z,19010605,XBTUSD,Buy,13,3794.5,ZeroPlusTick,5cbb8b74-03e6-9227-65e6-a09cbcdcf253,1135053,630
2833675,2019-01-06T05:02:54.932Z,19010605,XBTUSD,Buy,26,3794.5,ZeroPlusTick,0099611f-09dd-fbdd-d5b2-a64d455d4eb6,1135079,631
2833681,2019-01-06T05:02:55.630Z,19010605,XBTUSD,Buy,15,3794.5,ZeroPlusTick,f8eecccc-3caf-f0f2-626c-f617c1daf1bc,1135094,632
2833698,2019-01-06T05:02:56.798Z,19010605,XBTUSD,Buy,15,3794.5,ZeroPlusTick,bc1e93ed-ba26-7456-91fe-983bf23d1d22,1135109,633
2833724,2019-01-06T05:02:58.698Z,19010605,XBTUSD,Buy,2,3794.5,ZeroPlusTick,4aceda55-64ca-cf1e-e8cf-554316a03e7f,1135111,634
2833735,2019-01-06T05:02:58.698Z,19010605,XBTUSD,Buy,5000,3795,ZeroPlusTick,ba9327f5-3b4a-e801-037d-73d253f73e02,1140111,635
2833737,2019-01-06T05:02:58.989Z,19010605,XBTUSD,Buy,4205,3795,ZeroPlusTick,962ecf93-7bd1-f817-3b25-19a8f9fdc60f,1144316,636
2833744,2019-01-06T05:02:59.024Z,19010605,XBTUSD,Buy,50,3795,ZeroPlusTick,a85416ca-8979-ab86-1088-22de6106e987,1144366,637
2833756,2019-01-06T05:02:59.851Z,19010605,XBTUSD,Buy,33,3795,ZeroPlusTick,1bbe07b5-dde8-419f-4667-c747d5a975ba,1144399,638
2833773,2019-01-06T05:02:59.851Z,19010605,XBTUSD,Buy,10000,3795,ZeroPlusTick,ac9bc6cb-0ecb-f733-2173-42b3153862c3,1154399,639
2833781,2019-01-06T05:02:59.851Z,19010605,XBTUSD,Buy,11,3795,ZeroPlusTick,b60dc43d-b63e-4020-a460-185d791c09c1,1154410,640
2833813,2019-01-06T05:03:01.137Z,19010605,XBTUSD,Buy,75000,3795,ZeroPlusTick,663505d4-c4d8-4cef-ea63-c55da970cacc,1229410,641
2833817,2019-01-06T05:03:01.255Z,19010605,XBTUSD,Buy,11,3795,ZeroPlusTick,1eff0ce1-70fe-365f-1169-19ec32c1f61b,1229421,642
2833830,2019-01-06T05:03:01.255Z,19010605,XBTUSD,Buy,67,3795,ZeroPlusTick,bbb4d46a-eccd-7b5e-6313-b62c7f59f2eb,1229488,643
2833842,2019-01-06T05:03:01.255Z,19010605,XBTUSD,Buy,125,3795.5,ZeroPlusTick,faf593f3-a93d-4a1c-5fbe-c1c39f881eea,1229613,644
2833849,2019-01-06T05:03:01.255Z,19010605,XBTUSD,Buy,500,3795.5,ZeroPlusTick,27ac9e45-68ab-3680-c82f-6b1d94cd3689,1230113,645
2833860,2019-01-06T05:03:01.339Z,19010605,XBTUSD,Buy,500,3795.5,ZeroPlusTick,0880f757-d061-231f-2a94-faa6fde31a2e,1230613,646
2833885,2019-01-06T05:03:02.246Z,19010605,XBTUSD,Buy,11999,3795.5,ZeroPlusTick,d1383c61-ad13-0412-ab83-7edad7ecd787,1242612,647
2833905,2019-01-06T05:03:02.873Z,19010605,XBTUSD,Sell,94,3795,MinusTick,f9fc3d41-ed35-ce70-8bed-4b493f4c657f,1242706,648
2833917,2019-01-06T05:03:03.557Z,19010605,XBTUSD,Buy,20,3795.5,ZeroPlusTick,695ba479-c58b-7580-aba4-9bc4d35d091c,1242726,649
2833924,2019-01-06T05:03:03.557Z,19010605,XBTUSD,Buy,50,3795.5,ZeroPlusTick,48ebf3af-1555-fce4-2f95-9c0e0e90283f,1242776,650
2833364,2019-01-06T05:02:43.013Z,19010605,XBTUSD,Buy,41,3793,ZeroPlusTick,267a68ac-0dc9-37ab-9c83-d08af8ffe54f,1242817,651
2833412,2019-01-06T05:02:45.875Z,19010605,XBTUSD,Buy,50,3793,ZeroPlusTick,4c860094-88fa-1207-629f-df596fdf7450,1242867,652
2833429,2019-01-06T05:02:45.900Z,19010605,XBTUSD,Buy,20,3793.5,ZeroPlusTick,8eebf87b-faa2-3e68-d28a-5ce763fa89df,1242887,653
2833432,2019-01-06T05:02:45.900Z,19010605,XBTUSD,Buy,10,3793.5,ZeroPlusTick,0afd0efd-7eeb-c5e1-df50-8cf85e80c730,1242897,654
2833447,2019-01-06T05:02:45.984Z,19010605,XBTUSD,Buy,68,3793.5,ZeroPlusTick,11725e42-8480-d750-9460-9f3d8cc9d1e3,1242965,655
2833466,2019-01-06T05:02:46.082Z,19010605,XBTUSD,Buy,9922,3794,ZeroPlusTick,6c0c1dfe-e96c-8cd5-39c2-c4e5b965daf5,1252887,656
2833493,2019-01-06T05:02:47.605Z,19010605,XBTUSD,Buy,490,3794,ZeroPlusTick,35c32065-0b93-9791-0d2b-fadf732aaacf,1253377,657
2833501,2019-01-06T05:02:47.860Z,19010605,XBTUSD,Buy,561,3794,ZeroPlusTick,69b84afc-1069-6325-a667-ec93bbe4e380,1253938,658
2833525,2019-01-06T05:02:48.465Z,19010605,XBTUSD,Buy,40,3794,ZeroPlusTick,6f2c26b0-b148-3c18-8429-fa13372536df,1253978,659
2833598,2019-01-06T05:02:50.690Z,19010605,XBTUSD,Buy,30,3794.5,ZeroPlusTick,942ac05c-5de0-420b-c196-64f2ef1f5db1,1254008,660
2833607,2019-01-06T05:02:50.690Z,19010605,XBTUSD,Buy,58729,3794.5,ZeroPlusTick,761412e4-b2d6-efc3-3ec9-ae4d5712e52a,1312737,661
2833623,2019-01-06T05:02:51.804Z,19010605,XBTUSD,Buy,1,3794.5,ZeroPlusTick,9f5ac649-55d4-b2cc-73b1-9f3e4120af92,1312738,662
2833630,2019-01-06T05:02:52.154Z,19010605,XBTUSD,Buy,2400,3794.5,ZeroPlusTick,bd3a6d41-920d-b077-c239-183c5a1c5c69,1315138,663
2833633,2019-01-06T05:02:52.237Z,19010605,XBTUSD,Buy,50,3794.5,ZeroPlusTick,7df2fc42-d1fe-9c95-e909-c542cd143287,1315188,664
2833646,2019-01-06T05:02:53.015Z,19010605,XBTUSD,Buy,4000,3794.5,ZeroPlusTick,8bc612d1-4821-e543-084d-dd1ea44bf21e,1319188,665
2833655,2019-01-06T05:02:53.049Z,19010605,XBTUSD,Buy,100,3794.5,ZeroPlusTick,68e984db-5c89-5582-db54-b1c02a8c1ee2,1319288,666
2833663,2019-01-06T05:02:54.028Z,19010605,XBTUSD,Buy,400,3794.5,ZeroPlusTick,e67a3336-ed63-9c14-d129-8f52c2524758,1319688,667
2833666,2019-01-06T05:02:54.650Z,19010605,XBTUSD,Buy,30,3794.5,ZeroPlusTick,2d7c6c37-ba40-9b8a-3b38-d62837c6f66d,1319718,668
2833676,2019-01-06T05:02:55.487Z,19010605,XBTUSD,Buy,2978,3794.5,ZeroPlusTick,dc34dc51-8ab7-3f5f-a425-04afa9cd5e3e,1322696,669
2833701,2019-01-06T05:02:56.835Z,19010605,XBTUSD,Buy,1000,3794.5,ZeroPlusTick,a8500047-734c-8a8a-176c-a79a2f26a5ac,1323696,670
2833722,2019-01-06T05:02:58.698Z,19010605,XBTUSD,Buy,120,3794.5,ZeroPlusTick,c7d979ea-ef9d-f542-80f0-c1ca6053eede,1323816,671
2833733,2019-01-06T05:02:58.698Z,19010605,XBTUSD,Buy,16550,3795,ZeroPlusTick,4006e8eb-fb86-f9af-27d2-34c2427b984a,1340366,672
2833748,2019-01-06T05:02:59.024Z,19010605,XBTUSD,Buy,2000,3795,ZeroPlusTick,cb1091ee-9bd5-b0e4-0c27-c3526bb6fc22,1342366,673
2833764,2019-01-06T05:02:59.851Z,19010605,XBTUSD,Buy,11,3795,ZeroPlusTick,a4b3d301-db09-7bac-c727-7aefe5da553a,1342377,674
2833772,2019-01-06T05:02:59.851Z,19010605,XBTUSD,Buy,11,3795,ZeroPlusTick,0e6b3201-077a-67b2-9729-eb1cb46a0671,1342388,675
2833780,2019-01-06T05:02:59.851Z,19010605,XBTUSD,Buy,125,3795,ZeroPlusTick,c2e8d64b-a6c9-2bad-cda7-6a6172b529f6,1342513,676
2833816,2019-01-06T05:03:01.255Z,19010605,XBTUSD,Buy,6000,3795,ZeroPlusTick,91e8b795-ed7f-015d-f007-dd09233e1c90,1348513,677
2833827,2019-01-06T05:03:01.255Z,19010605,XBTUSD,Buy,15,3795,ZeroPlusTick,b420a885-4eb0-4f7c-5b75-ccb7dcbecb68,1348528,678
2833840,2019-01-06T05:03:01.255Z,19010605,XBTUSD,Buy,28,3795.5,ZeroPlusTick,532e6cc6-f837-1582-395a-8b9a2fd764dc,1348556,679
2833853,2019-01-06T05:03:01.255Z,19010605,XBTUSD,Buy,25,3795.5,ZeroPlusTick,f3f96945-dba0-5591-166b-04930ea79fde,1348581,680
2833916,2019-01-06T05:03:03.557Z,19010605,XBTUSD,Buy,10,3795.5,ZeroPlusTick,32103bb6-a3ea-fe5b-62e9-fa0111fb6fa3,1348591,681
2833925,2019-01-06T05:03:03.557Z,19010605,XBTUSD,Buy,23,3795.5,ZeroPlusTick,5901a66f-61e9-b64e-ae74-a1e7794a6fbd,1348614,682
2833935,2019-01-06T05:03:03.557Z,19010605,XBTUSD,Buy,30,3796,ZeroPlusTick,8fa79647-7ea6-06bf-65a9-d7e14abbf0fc,1348644,683
2833945,2019-01-06T05:03:03.557Z,19010605,XBTUSD,Buy,221,3796,ZeroPlusTick,75f29e13-54f2-9961-d7f4-d222be8f309f,1348865,684
2834004,2019-01-06T05:03:05.599Z,19010605,XBTUSD,Buy,500,3796,ZeroPlusTick,cbedb1da-b908-db78-2091-303d651cdd5c,1349365,685
2833386,2019-01-06T05:02:44.854Z,19010605,XBTUSD,Buy,105,3793,ZeroPlusTick,65e92d2c-f0be-48c3-1a8b-73b191c853e6,1349470,686
2833419,2019-01-06T05:02:45.875Z,19010605,XBTUSD,Buy,11,3793.5,ZeroPlusTick,84522c01-d01e-624f-aa97-dbaf96e99a7d,1349481,687
2833424,2019-01-06T05:02:45.900Z,19010605,XBTUSD,Buy,124,3793.5,ZeroPlusTick,cdb9707e-d459-8fe1-483d-f93a2cef5ebf,1349605,688
2833433,2019-01-06T05:02:45.900Z,19010605,XBTUSD,Buy,100,3793.5,ZeroPlusTick,96e7d47d-2186-78f7-eb2f-324747601bdf,1349705,689
2833451,2019-01-06T05:02:46.017Z,19010605,XBTUSD,Buy,269,3793.5,ZeroPlusTick,e2ab016a-43b5-0972-2526-7d11593b99bc,1349974,690
2833506,2019-01-06T05:02:47.860Z,19010605,XBTUSD,Buy,50,3794,ZeroPlusTick,3b9bb18d-84bd-a809-e27b-d6c5adb6388a,1350024,691
2833522,2019-01-06T05:02:48.465Z,19010605,XBTUSD,Buy,95,3794,ZeroPlusTick,0420c82d-bc20-9097-8bab-e3436da69add,1350119,692
2833592,2019-01-06T05:02:50.690Z,19010605,XBTUSD,Buy,50,3794.5,ZeroPlusTick,e0ac23eb-b672-2691-5bcc-3a6df1ddabbe,1350169,693
2833605,2019-01-06T05:02:50.690Z,19010605,XBTUSD,Buy,5000,3794.5,ZeroPlusTick,7dcd027e-0f78-8de2-20d7-e982f91a5d41,1355169,694
2833634,2019-01-06T05:02:52.237Z,19010605,XBTUSD,Buy,30,3794.5,ZeroPlusTick,c9902cb9-863a-4fff-a415-db8f53abd8c0,1355199,695
2833654,2019-01-06T05:02:53.049Z,19010605,XBTUSD,Buy,11,3794.5,ZeroPlusTick,4a659176-c212-2eb4-7204-c009c7946465,1355210,696
2833670,2019-01-06T05:02:54.670Z,19010605,XBTUSD,Buy,358,3794.5,ZeroPlusTick,a19e3bc8-d7b6-e35a-c118-0e6888b403c1,1355568,697
2833687,2019-01-06T05:02:55.792Z,19010605,XBTUSD,Buy,72,3794.5,ZeroPlusTick,3208b61e-ea74-3a77-6087-1d981cae26f7,1355640,698
2833688,2019-01-06T05:02:55.963Z,19010605,XBTUSD,Buy,15,3794.5,ZeroPlusTick,fe896c97-53d3-ca21-d6e1-45d1ea505cb8,1355655,699
2833689,2019-01-06T05:02:55.968Z,19010605,XBTUSD,Buy,15,3794.5,ZeroPlusTick,a3d0601a-cbe6-1b1f-bdda-f4007348a0b5,1355670,700
2833690,2019-01-06T05:02:55.995Z,19010605,XBTUSD,Buy,15,3794.5,ZeroPlusTick,3c2ff4c9-6c52-2a87-b956-268273c6d50d,1355685,701
2833700,2019-01-06T05:02:56.819Z,19010605,XBTUSD,Buy,18,3794.5,ZeroPlusTick,2fcf42ec-8ddd-3159-f702-5faa0ab44783,1355703,702
2833721,2019-01-06T05:02:58.698Z,19010605,XBTUSD,Buy,94,3794.5,ZeroPlusTick,51b62df7-7238-d102-b301-28437189ff0c,1355797,703
2833731,2019-01-06T05:02:58.698Z,19010605,XBTUSD,Buy,37,3794.5,ZeroPlusTick,b128b5e7-af59-bd49-ddeb-3a11b13b63da,1355834,704
2833740,2019-01-06T05:02:58.989Z,19010605,XBTUSD,Buy,495,3795,ZeroPlusTick,91aed314-7e39-807a-529b-3f4a6a05f128,1356329,705
2833743,2019-01-06T05:02:59.024Z,19010605,XBTUSD,Buy,2000,3795,ZeroPlusTick,324dfd36-e9d1-d2e8-0364-26bd974ceb77,1358329,706
2833760,2019-01-06T05:02:59.851Z,19010605,XBTUSD,Buy,11,3795,ZeroPlusTick,34accb74-340f-4085-8c27-22e9eda71c0a,1358340,707
2833774,2019-01-06T05:02:59.851Z,19010605,XBTUSD,Buy,11,3795,ZeroPlusTick,2f6450a8-1738-0777-b4ec-d120a73fde48,1358351,708
2833777,2019-01-06T05:02:59.851Z,19010605,XBTUSD,Buy,2000,3795,ZeroPlusTick,9b11ae5a-4d21-2b14-e67a-caa805553ae6,1360351,709
2833787,2019-01-06T05:02:59.851Z,19010605,XBTUSD,Buy,133,3795,ZeroPlusTick,7c349391-f589-48ed-fa28-a6240450f0ed,1360484,710
2833818,2019-01-06T05:03:01.255Z,19010605,XBTUSD,Buy,267,3795,ZeroPlusTick,7b28155d-807d-630d-1e43-1d62d84f7295,1360751,711
2833834,2019-01-06T05:03:01.255Z,19010605,XBTUSD,Buy,1000,3795,ZeroPlusTick,4cc3a218-2c14-fbc1-648b-d8cdcaec045b,1361751,712
2833838,2019-01-06T05:03:01.255Z,19010605,XBTUSD,Buy,40,3795,ZeroPlusTick,c7cc1163-0395-9d3e-2e9b-47364d3b7156,1361791,713
2833850,2019-01-06T05:03:01.255Z,19010605,XBTUSD,Buy,200,3795.5,ZeroPlusTick,5fc3beb7-2640-548a-89a5-1a646e42b2fc,1361991,714
2833913,2019-01-06T05:03:03.557Z,19010605,XBTUSD,Buy,500,3795.5,ZeroPlusTick,f02059cc-7c0a-f4e8-cc37-593fa13aea8e,1362491,715
2833385,2019-01-06T05:02:44.854Z,19010605,XBTUSD,Buy,2,3793,ZeroPlusTick,976bb524-fafe-cb0b-ac27-f81ac8b35f96,1362493,716
2833420,2019-01-06T05:02:45.875Z,19010605,XBTUSD,Buy,78,3793.5,ZeroPlusTick,872c5d87-5814-ff1b-bb77-f337069276b2,1362571,717
2833427,2019-01-06T05:02:45.900Z,19010605,XBTUSD,Buy,5,3793.5,ZeroPlusTick,99a6b3bb-560a-3037-a2ec-920c76410467,1362576,718
2833434,2019-01-06T05:02:45.900Z,19010605,XBTUSD,Buy,50,3793.5,ZeroPlusTick,598d3cda-419c-76c0-22c1-81cb8ad17a74,1362626,719
2833448,2019-01-06T05:02:46.007Z,19010605,XBTUSD,Buy,100,3793.5,ZeroPlusTick,a3756b0c-2897-c69f-cf4c-37ef34c4af67,1362726,720
2833453,2019-01-06T05:02:46.017Z,19010605,XBTUSD,Buy,68,3793.5,ZeroPlusTick,2dd8d9b0-3c11-03e7-2006-fdd3bcae15c5,1362794,721
2833470,2019-01-06T05:02:46.250Z,19010605,XBTUSD,Buy,207,3794,ZeroPlusTick,ee3d8b5b-1179-81c6-528c-8c2ee0666647,1363001,722
2833492,2019-01-06T05:02:47.605Z,19010605,XBTUSD,Buy,124,3794,ZeroPlusTick,797ea9e7-e7ce-6c2c-ecf4-fa7a934a9929,1363125,723
2833509,2019-01-06T05:02:47.860Z,19010605,XBTUSD,Buy,53,3794,ZeroPlusTick,7f18b120-4787-3186-eab6-8aac474a4cb0,1363178,724
2833520,2019-01-06T05:02:48.465Z,19010605,XBTUSD,Buy,322,3794,ZeroPlusTick,657247a0-bb7c-e913-db3b-fb94b2b82e56,1363500,725
2833593,2019-01-06T05:02:50.690Z,19010605,XBTUSD,Buy,10,3794.5,ZeroPlusTick,7079c0a1-f5cf-4ec3-ea1b-3c563eeec88c,1363510,726
2833603,2019-01-06T05:02:50.690Z,19010605,XBTUSD,Buy,30,3794.5,ZeroPlusTick,bf38cca7-f434-170d-d653-17ad6bc5d1f5,1363540,727
2833621,2019-01-06T05:02:51.751Z,19010605,XBTUSD,Buy,121,3794.5,ZeroPlusTick,8986b346-11c5-731d-4360-0dec109df131,1363661,728
2833664,2019-01-06T05:02:54.504Z,19010605,XBTUSD,Buy,1990,3794.5,ZeroPlusTick,592b22bd-dc0f-0e1d-a828-6f35dba8eb6a,1365651,729
2833674,2019-01-06T05:02:54.712Z,19010605,XBTUSD,Buy,698,3794.5,ZeroPlusTick,c6b4ee88-2fcb-166d-568a-446baef66d7c,1366349,730
2833694,2019-01-06T05:02:56.202Z,19010605,XBTUSD,Buy,4000,3794.5,ZeroPlusTick,a3141a54-7609-468a-8b3e-27460990ff03,1370349,731
2833723,2019-01-06T05:02:58.698Z,19010605,XBTUSD,Buy,40,3794.5,ZeroPlusTick,0e90fdc1-46ef-865e-7011-6492b8545680,1370389,732
2833730,2019-01-06T05:02:58.698Z,19010605,XBTUSD,Buy,26,3794.5,ZeroPlusTick,1c15c1f5-5b78-b4e3-3c84-752fcedb70c7,1370415,733
2833747,2019-01-06T05:02:59.024Z,19010605,XBTUSD,Buy,15,3795,ZeroPlusTick,d6a8cc74-854b-07c7-ef25-c1d36e496eda,1370430,734
2833750,2019-01-06T05:02:59.130Z,19010605,XBTUSD,Buy,38,3795,ZeroPlusTick,f9419e28-ecd9-9bc0-deb3-7c463a258215,1370468,735
2833758,2019-01-06T05:02:59.851Z,19010605,XBTUSD,Buy,5000,3795,ZeroPlusTick,c2d1b8fc-729b-06b1-3cf9-058a7175e9cf,1375468,736
2833770,2019-01-06T05:02:59.851Z,19010605,XBTUSD,Buy,11,3795,ZeroPlusTick,0329a05a-70ce-1856-432e-f702a3ffe057,1375479,737
2833778,2019-01-06T05:02:59.851Z,19010605,XBTUSD,Buy,11,3795,ZeroPlusTick,5111006d-aaa6-df36-e195-f42e168a08a1,1375490,738
2833824,2019-01-06T05:03:01.255Z,19010605,XBTUSD,Buy,5000,3795,ZeroPlusTick,849beaf4-01ee-8b5c-06d1-2baf3e37d73c,1380490,739
2833832,2019-01-06T05:03:01.255Z,19010605,XBTUSD,Buy,94,3795,ZeroPlusTick,dd52ca9e-aa62-eb28-e267-f651b95dfb14,1380584,740
2833837,2019-01-06T05:03:01.255Z,19010605,XBTUSD,Buy,29,3795,ZeroPlusTick,8d3dc047-e6d6-ecfb-c71c-453c36a36916,1380613,741
2833847,2019-01-06T05:03:01.255Z,19010605,XBTUSD,Buy,2000,3795.5,ZeroPlusTick,bfe3ca31-ba83-8989-ad44-47953ee8b477,1382613,742
2833857,2019-01-06T05:03:01.255Z,19010605,XBTUSD,Buy,300,3795.5,ZeroPlusTick,17dcfe54-5c26-9f37-3361-2970795c3130,1382913,743
2833879,2019-01-06T05:03:01.987Z,19010605,XBTUSD,Buy,1000,3795.5,ZeroPlusTick,7854e677-f636-31bc-1388-bb0308c7dc21,1383913,744
2833918,2019-01-06T05:03:03.557Z,19010605,XBTUSD,Buy,33,3795.5,ZeroPlusTick,2a3199fe-e5f2-918c-1093-17c7b697bae7,1383946,745
2833923,2019-01-06T05:03:03.557Z,19010605,XBTUSD,Buy,95,3795.5,ZeroPlusTick,8bc62e5f-b011-2e66-88dd-8ffe5b6f4a12,1384041,746
2833937,2019-01-06T05:03:03.557Z,19010605,XBTUSD,Buy,4761,3796,ZeroPlusTick,110eaba4-a432-7fd9-1daf-fa01f8b43bea,1388802,747
2833948,2019-01-06T05:03:03.557Z,19010605,XBTUSD,Buy,5000,3796,ZeroPlusTick,e98cdd14-05f3-334c-4376-b0fcaf892bcf,1393802,748
2833955,2019-01-06T05:03:03.938Z,19010605,XBTUSD,Buy,50000,3796,ZeroPlusTick,096b4a11-3a17-4733-863b-e0014144cde1,1443802,749
2834008,2019-01-06T05:03:05.599Z,19010605,XBTUSD,Buy,20,3796,ZeroPlusTick,f04b2813-e591-4070-6b4a-0e1582ab10c2,1443822,750
2834017,2019-01-06T05:03:05.599Z,19010605,XBTUSD,Buy,28,3796.5,PlusTick,73a15ad6-0e2a-d992-b824-ebc30dd539de,1443850,751
2834029,2019-01-06T05:03:05.599Z,19010605,XBTUSD,Buy,10000,3796.5,ZeroPlusTick,3b0fced9-bfe5-5f68-de09-d4b97a08d4b2,1453850,752
2834047,2019-01-06T05:03:06.875Z,19010605,XBTUSD,Buy,150,3796.5,ZeroPlusTick,ce182dca-781d-c363-500c-070d18c12680,1454000,753
2833413,2019-01-06T05:02:45.875Z,19010605,XBTUSD,Buy,25,3793,ZeroPlusTick,76584672-3e26-186c-acff-4e1640f8f842,1454025,754
2833426,2019-01-06T05:02:45.900Z,19010605,XBTUSD,Buy,33,3793.5,ZeroPlusTick,bad3e000-ad23-985c-37ae-d67afc8401f6,1454058,755
2833435,2019-01-06T05:02:45.900Z,19010605,XBTUSD,Buy,7902,3793.5,ZeroPlusTick,2b6cd6d8-fdc8-7a91-c51a-5bc5c4726374,1461960,756
2833474,2019-01-06T05:02:46.673Z,19010605,XBTUSD,Buy,300,3794,ZeroPlusTick,bc2ecde9-ce2d-02b5-36b1-b5e1743158c9,1462260,757
2833475,2019-01-06T05:02:46.951Z,19010605,XBTUSD,Buy,420,3794,ZeroPlusTick,579646b1-a5c7-ce5d-daaa-7ebdf53698cd,1462680,758
2833488,2019-01-06T05:02:47.444Z,19010605,XBTUSD,Buy,7198,3794,ZeroPlusTick,94f18e29-8ffa-f704-09a9-c010a18d8de1,1469878,759
2833491,2019-01-06T05:02:47.605Z,19010605,XBTUSD,Buy,28,3794,ZeroPlusTick,20a0cec0-6dd6-ca35-0afc-9d1c04babd2a,1469906,760
2833503,2019-01-06T05:02:47.860Z,19010605,XBTUSD,Buy,20,3794,ZeroPlusTick,1b7eb0ff-29f3-035b-7255-779469222608,1469926,761
2833527,2019-01-06T05:02:48.465Z,19010605,XBTUSD,Buy,1711,3794.5,ZeroPlusTick,217da34e-2837-0056-de4e-5c7286683fd8,1471637,762
2833582,2019-01-06T05:02:50.036Z,19010605,XBTUSD,Buy,420,3794.5,ZeroPlusTick,aa12b7de-7e8f-ce9e-8050-2080694fb5e6,1472057,763
2833596,2019-01-06T05:02:50.690Z,19010605,XBTUSD,Buy,100,3794.5,ZeroPlusTick,51777f76-ce92-2b8b-2555-7b87e2e1f40f,1472157,764
2833608,2019-01-06T05:02:50.706Z,19010605,XBTUSD,Buy,197,3794.5,ZeroPlusTick,b6ac6a2b-81f0-48f2-bf9d-05f8bec7b812,1472354,765
2833612,2019-01-06T05:02:50.820Z,19010605,XBTUSD,Buy,64,3794.5,ZeroPlusTick,04f46131-0077-89d1-0573-0b1d3f70b68f,1472418,766
2833613,2019-01-06T05:02:50.960Z,19010605,XBTUSD,Buy,151,3794.5,ZeroPlusTick,c50b3650-6bb9-bb72-ab36-f26b5d0afaa6,1472569,767
2833614,2019-01-06T05:02:50.966Z,19010605,XBTUSD,Buy,56,3794.5,ZeroPlusTick,3ea0bd42-422d-aee3-a35c-03685e91aad9,1472625,768
2833615,2019-01-06T05:02:51.040Z,19010605,XBTUSD,Buy,129,3794.5,ZeroPlusTick,f4eebfad-ee84-fabb-01e0-8c1bd26a7676,1472754,769
2833616,2019-01-06T05:02:51.594Z,19010605,XBTUSD,Buy,209,3794.5,ZeroPlusTick,ce29c7d9-7595-df75-0bbe-50437c8e4ede,1472963,770
2833622,2019-01-06T05:02:51.767Z,19010605,XBTUSD,Buy,89,3794.5,ZeroPlusTick,32184f87-b64e-2174-8563-dd7d2e8d2731,1473052,771
2833632,2019-01-06T05:02:52.237Z,19010605,XBTUSD,Buy,62,3794.5,ZeroPlusTick,dad8210b-40a3-a65e-8fbf-5d38862389a3,1473114,772
2833667,2019-01-06T05:02:54.670Z,19010605,XBTUSD,Buy,10,3794.5,ZeroPlusTick,23ec3f71-0495-b50d-1bea-1faf5db3724b,1473124,773
2833678,2019-01-06T05:02:55.487Z,19010605,XBTUSD,Buy,3224,3794.5,ZeroPlusTick,35f425ed-54ea-3c67-5275-629dfc556ee7,1476348,774
2833684,2019-01-06T05:02:55.704Z,19010605,XBTUSD,Buy,79,3794.5,ZeroPlusTick,62846809-5d2e-4c6d-6c0f-7a997c66b1d0,1476427,775
2833692,2019-01-06T05:02:56.105Z,19010605,XBTUSD,Buy,15,3794.5,ZeroPlusTick,7feb3d67-4d77-c41f-be96-a1812430f4cc,1476442,776
2833712,2019-01-06T05:02:58.352Z,19010605,XBTUSD,Buy,1000,3794.5,ZeroPlusTick,6f0616dc-a86d-fcaa-4436-825d5eabc6da,1477442,777
2833713,2019-01-06T05:02:58.421Z,19010605,XBTUSD,Buy,4000,3794.5,ZeroPlusTick,01361d4e-0149-a4ba-2525-54f99dcdbcec,1481442,778
2833714,2019-01-06T05:02:58.475Z,19010605,XBTUSD,Buy,15,3794.5,ZeroPlusTick,ece12409-d42c-7c19-4d38-043960b204b1,1481457,779
2833719,2019-01-06T05:02:58.698Z,19010605,XBTUSD,Buy,269,3794.5,ZeroPlusTick,7bd27ab8-dc79-4e57-8f76-0e172848fe85,1481726,780
2833729,2019-01-06T05:02:58.698Z,19010605,XBTUSD,Buy,11,3794.5,ZeroPlusTick,fcb4af83-097f-c499-855a-ac9b74ca49f0,1481737,781
2833745,2019-01-06T05:02:59.024Z,19010605,XBTUSD,Buy,40,3795,ZeroPlusTick,afa9df4b-70e2-22db-9a91-be2b51da8b4c,1481777,782
2833761,2019-01-06T05:02:59.851Z,19010605,XBTUSD,Buy,11,3795,ZeroPlusTick,ec52ff68-df9f-4b86-7606-fd7fc974861a,1481788,783
2833767,2019-01-06T05:02:59.851Z,19010605,XBTUSD,Buy,223,3795,ZeroPlusTick,2fd76f1d-da23-6f88-3a0b-2176f9677f50,1482011,784
2833782,2019-01-06T05:02:59.851Z,19010605,XBTUSD,Buy,10000,3795,ZeroPlusTick,5b163471-42e6-381b-c306-d4e92eae4e37,1492011,785
2833820,2019-01-06T05:03:01.255Z,19010605,XBTUSD,Buy,20,3795,ZeroPlusTick,a977fa59-44c0-89e0-1dce-f25ade8bebeb,1492031,786
2833829,2019-01-06T05:03:01.255Z,19010605,XBTUSD,Buy,166,3795,ZeroPlusTick,734a3ebe-9ec6-2423-d259-15152db47089,1492197,787
2833844,2019-01-06T05:03:01.255Z,19010605,XBTUSD,Buy,28,3795.5,ZeroPlusTick,6127dccf-2bed-3912-40ea-a2fe23f5b99a,1492225,788
2833848,2019-01-06T05:03:01.255Z,19010605,XBTUSD,Buy,100,3795.5,ZeroPlusTick,3c9a09ad-89da-374c-2ceb-2b94c5c1a120,1492325,789
2833858,2019-01-06T05:03:01.255Z,19010605,XBTUSD,Buy,16028,3795.5,ZeroPlusTick,82165e93-06ae-bd6c-0e0c-a63c2cc86d7d,1508353,790
2833464,2019-01-06T05:02:46.082Z,19010605,XBTUSD,Buy,2067,3794,PlusTick,cd99284f-4d46-3d37-4e30-ac24af7fb5e9,1510420,791
2833489,2019-01-06T05:02:47.605Z,19010605,XBTUSD,Buy,1875,3794,ZeroPlusTick,c147c81f-9467-72e9-f5e9-aff102377614,1512295,792
2833510,2019-01-06T05:02:47.860Z,19010605,XBTUSD,Buy,487,3794,ZeroPlusTick,6dd28070-76a4-f387-abe2-21b29bc439ec,1512782,793
2833523,2019-01-06T05:02:48.465Z,19010605,XBTUSD,Buy,120,3794,ZeroPlusTick,2dff75aa-c539-fe36-a631-56cebef74b20,1512902,794
2833594,2019-01-06T05:02:50.690Z,19010605,XBTUSD,Buy,33,3794.5,ZeroPlusTick,0a6fad6e-8fb0-5f04-2f65-66792ea94d2d,1512935,795
2833602,2019-01-06T05:02:50.690Z,19010605,XBTUSD,Buy,20,3794.5,ZeroPlusTick,4d41a684-29b1-8014-bfa4-54b358e604d9,1512955,796
2833620,2019-01-06T05:02:51.734Z,19010605,XBTUSD,Buy,22,3794.5,ZeroPlusTick,da148b68-8736-8868-eaf9-c19a19242044,1512977,797
2833626,2019-01-06T05:02:51.938Z,19010605,XBTUSD,Buy,60,3794.5,ZeroPlusTick,c2e6a7d8-ce3e-c118-c133-60319003574e,1513037,798
2833627,2019-01-06T05:02:51.961Z,19010605,XBTUSD,Buy,53,3794.5,ZeroPlusTick,c24adf81-1aa9-9420-a808-f7e5f2d2af54,1513090,799
2833628,2019-01-06T05:02:52.020Z,19010605,XBTUSD,Buy,113,3794.5,ZeroPlusTick,124393d3-37ee-f2a2-9b8d-9b6cdde37e17,1513203,800
2833629,2019-01-06T05:02:52.034Z,19010605,XBTUSD,Buy,22,3794.5,ZeroPlusTick,e5989ac5-738a-65ea-eedf-e4626634bd53,1513225,801
2833636,2019-01-06T05:02:52.237Z,19010605,XBTUSD,Buy,28,3794.5,ZeroPlusTick,dc38a7c7-7831-6e28-1e55-bee5f6dabc31,1513253,802
