id,timestamp,hour,symbol,bidPrice,bidSize,askPrice,askSize,midPrice,microPrice
9860652,2019-01-06T04:00:04.232Z,19010604,XBTUSD,3795,116850,3795.5,300801,3795.25,3795.5
9860658,2019-01-06T04:00:04.887Z,19010604,XBTUSD,3795,116851,3795.5,300796,3795.25,3795.5
9860674,2019-01-06T04:00:05.777Z,19010604,XBTUSD,3795,14756,3795.5,320810,3795.25,3795.5
9860718,2019-01-06T04:00:05.842Z,19010604,XBTUSD,3795,1204797,3795.5,320838,3795.25,3795.5
9860728,2019-01-06T04:00:06.593Z,19010604,XBTUSD,3795,1199434,3795.5,224738,3795.25,3795.5
9860755,2019-01-06T04:00:06.995Z,19010604,XBTUSD,3795,1199474,3795.5,229517,3795.25,3795.5
9860758,2019-01-06T04:00:07.084Z,19010604,XBTUSD,3795,1199500,3795.5,239534,3795.25,3795.5
9860797,2019-01-06T04:00:08.343Z,19010604,XBTUSD,3795,1201519,3795.5,240906,3795.25,3795.5
9860805,2019-01-06T04:00:08.884Z,19010604,XBTUSD,3795,1203071,3795.5,219646,3795.25,3795.5
9860657,2019-01-06T04:00:04.832Z,19010604,XBTUSD,3795,116851,3795.5,300801,3795.25,3795.5
9860667,2019-01-06T04:00:05.508Z,19010604,XBTUSD,3795,14879,3795.5,322662,3795.25,3795.5
9860725,2019-01-06T04:00:06.440Z,19010604,XBTUSD,3795,1199134,3795.5,225338,3795.25,3795.5
9860747,2019-01-06T04:00:06.727Z,19010604,XBTUSD,3795,1199470,3795.5,224588,3795.25,3795.5
9860762,2019-01-06T04:00:07.577Z,19010604,XBTUSD,3795,1199517,3795.5,239534,3795.25,3795.5
9860795,2019-01-06T04:00:08.205Z,19010604,XBTUSD,3795,1201569,3795.5,240638,3795.25,3795.5
9860803,2019-01-06T04:00:08.718Z,19010604,XBTUSD,3795,1203071,3795.5,219788,3795.25,3795.5
9860662,2019-01-06T04:00:04.988Z,19010604,XBTUSD,3795,115179,3795.5,300846,3795.25,3795.5
9860671,2019-01-06T04:00:05.634Z,19010604,XBTUSD,3795,14967,3795.5,320625,3795.25,3795.5
9860717,2019-01-06T04:00:05.834Z,19010604,XBTUSD,3795,1204797,3795.5,320978,3795.25,3795.5
9860723,2019-01-06T04:00:06.041Z,19010604,XBTUSD,3795,1198137,3795.5,320838,3795.25,3795.5
9860746,2019-01-06T04:00:06.667Z,19010604,XBTUSD,3795,1199470,3795.5,224788,3795.25,3795.5
9860756,2019-01-06T04:00:07.002Z,19010604,XBTUSD,3795,1199474,3795.5,239517,3795.25,3795.5
9860792,2019-01-06T04:00:07.738Z,19010604,XBTUSD,3795,1201518,3795.5,240370,3795.25,3795.5
9860807,2019-01-06T04:00:09.297Z,19010604,XBTUSD,3795,1203051,3795.5,220746,3795.25,3795.5
9860664,2019-01-06T04:00:05.385Z,19010604,XBTUSD,3795,114879,3795.5,301846,3795.25,3795.5
9860669,2019-01-06T04:00:05.614Z,19010604,XBTUSD,3795,15079,3795.5,320595,3795.25,3795.5
9860720,2019-01-06T04:00:05.963Z,19010604,XBTUSD,3795,1204768,3795.5,320838,3795.25,3795.5
9860748,2019-01-06T04:00:06.742Z,19010604,XBTUSD,3795,1199471,3795.5,224588,3795.25,3795.5
9860760,2019-01-06T04:00:07.140Z,19010604,XBTUSD,3795,1199486,3795.5,239534,3795.25,3795.5
9860793,2019-01-06T04:00:07.808Z,19010604,XBTUSD,3795,1201519,3795.5,240370,3795.25,3795.5
9860806,2019-01-06T04:00:09.192Z,19010604,XBTUSD,3795,1203071,3795.5,220746,3795.25,3795.5
9860813,2019-01-06T04:00:09.561Z,19010604,XBTUSD,3795,1198562,3795.5,219752,3795.25,3795.5
9860840,2019-01-06T04:00:09.793Z,19010604,XBTUSD,3795,1217216,3795.5,219752,3795.25,3795.5
9860866,2019-01-06T04:00:11.086Z,19010604,XBTUSD,3795,1217339,3795.5,240655,3795.25,3795.5
9860912,2019-01-06T04:00:12.710Z,19010604,XBTUSD,3795,1216195,3795.5,40805,3795.25,3795.5
9860940,2019-01-06T04:00:13.233Z,19010604,XBTUSD,3795,29388,3795.5,38433,3795.25,3795.5
9860951,2019-01-06T04:00:13.561Z,19010604,XBTUSD,3795,9034,3795.5,38433,3795.25,3795.5
9860961,2019-01-06T04:00:13.778Z,19010604,XBTUSD,3794.5,27562,3795.5,38433,3795,3795.5
9860660,2019-01-06T04:00:04.937Z,19010604,XBTUSD,3795,116179,3795.5,300796,3795.25,3795.5
9860668,2019-01-06T04:00:05.566Z,19010604,XBTUSD,3795,14879,3795.5,320595,3795.25,3795.5
9860721,2019-01-06T04:00:05.989Z,19010604,XBTUSD,3795,1204769,3795.5,320838,3795.25,3795.5
9860751,2019-01-06T04:00:06.837Z,19010604,XBTUSD,3795,1199473,3795.5,224583,3795.25,3795.5
9860796,2019-01-06T04:00:08.247Z,19010604,XBTUSD,3795,1201519,3795.5,240638,3795.25,3795.5
9860810,2019-01-06T04:00:09.453Z,19010604,XBTUSD,3795,1198051,3795.5,219752,3795.25,3795.5
9860854,2019-01-06T04:00:10.858Z,19010604,XBTUSD,3795,1217275,3795.5,219787,3795.25,3795.5
9860858,2019-01-06T04:00:10.953Z,19010604,XBTUSD,3795,1217308,3795.5,218905,3795.25,3795.5
9860868,2019-01-06T04:00:11.178Z,19010604,XBTUSD,3795,1217369,3795.5,240655,3795.25,3795.5
9860907,2019-01-06T04:00:11.905Z,19010604,XBTUSD,3795,1216170,3795.5,41205,3795.25,3795.5
9860917,2019-01-06T04:00:12.956Z,19010604,XBTUSD,3795,1219712,3795.5,39335,3795.25,3795.5
9860936,2019-01-06T04:00:13.084Z,19010604,XBTUSD,3795,29854,3795.5,39335,3795.25,3795.5
9860948,2019-01-06T04:00:13.501Z,19010604,XBTUSD,3795,13985,3795.5,38433,3795.25,3795.5
9860957,2019-01-06T04:00:13.720Z,19010604,XBTUSD,3795,2670,3795.5,38433,3795.25,3795.5
9860966,2019-01-06T04:00:13.856Z,19010604,XBTUSD,3794.5,23160,3795,96129,3794.75,3795
9860996,2019-01-06T04:00:14.654Z,19010604,XBTUSD,3794.5,20491,3795,125551,3794.75,3795
9861019,2019-01-06T04:00:15.434Z,19010604,XBTUSD,3794.5,26147,3795,250549,3794.75,3795
9861021,2019-01-06T04:00:15.445Z,19010604,XBTUSD,3794.5,26147,3795,139894,3794.75,3795
9861031,2019-01-06T04:00:15.605Z,19010604,XBTUSD,3794.5,16858,3795,162894,3794.75,3795
9861041,2019-01-06T04:00:15.665Z,19010604,XBTUSD,3794.5,11354,3795,162894,3794.75,3795
9860659,2019-01-06T04:00:04.895Z,19010604,XBTUSD,3795,116879,3795.5,300796,3795.25,3795.5
9860715,2019-01-06T04:00:05.804Z,19010604,XBTUSD,3795,14756,3795.5,320948,3795.25,3795.5
9860719,2019-01-06T04:00:05.930Z,19010604,XBTUSD,3795,1204798,3795.5,320838,3795.25,3795.5
9860729,2019-01-06T04:00:06.620Z,19010604,XBTUSD,3795,1199484,3795.5,224788,3795.25,3795.5
9860753,2019-01-06T04:00:06.893Z,19010604,XBTUSD,3795,1199474,3795.5,212017,3795.25,3795.5
9860757,2019-01-06T04:00:07.073Z,19010604,XBTUSD,3795,1199474,3795.5,239534,3795.25,3795.5
9860799,2019-01-06T04:00:08.390Z,19010604,XBTUSD,3795,1201670,3795.5,240906,3795.25,3795.5
9860809,2019-01-06T04:00:09.409Z,19010604,XBTUSD,3795,1198051,3795.5,220546,3795.25,3795.5
9860838,2019-01-06T04:00:09.711Z,19010604,XBTUSD,3795,1217126,3795.5,219752,3795.25,3795.5
9860861,2019-01-06T04:00:10.974Z,19010604,XBTUSD,3795,1217337,3795.5,245100,3795.25,3795.5
9860869,2019-01-06T04:00:11.572Z,19010604,XBTUSD,3795,1217369,3795.5,240683,3795.25,3795.5
9860911,2019-01-06T04:00:12.548Z,19010604,XBTUSD,3795,1216195,3795.5,41205,3795.25,3795.5
9860941,2019-01-06T04:00:13.243Z,19010604,XBTUSD,3795,22679,3795.5,38433,3795.25,3795.5
9860952,2019-01-06T04:00:13.610Z,19010604,XBTUSD,3795,8486,3795.5,38433,3795.25,3795.5
9860959,2019-01-06T04:00:13.740Z,19010604,XBTUSD,3795,1744,3795.5,38433,3795.25,3795.5
9860995,2019-01-06T04:00:14.574Z,19010604,XBTUSD,3794.5,23158,3795,125551,3794.75,3795
9861020,2019-01-06T04:00:15.441Z,19010604,XBTUSD,3794.5,26147,3795,259930,3794.75,3795
9861030,2019-01-06T04:00:15.594Z,19010604,XBTUSD,3794.5,17223,3795,162894,3794.75,3795
9861047,2019-01-06T04:00:15.711Z,19010604,XBTUSD,3794.5,10178,3795,168124,3794.75,3795
9861056,2019-01-06T04:00:15.862Z,19010604,XBTUSD,3794.5,5813,3795,179359,3794.75,3795
9861060,2019-01-06T04:00:15.915Z,19010604,XBTUSD,3794.5,5533,3795,178641,3794.75,3795
9861096,2019-01-06T04:00:16.756Z,19010604,XBTUSD,3794.5,7732,3795,174366,3794.75,3795
9861146,2019-01-06T04:00:18.387Z,19010604,XBTUSD,3794.5,6876,3795,191458,3794.75,3795
9861162,2019-01-06T04:00:18.819Z,19010604,XBTUSD,3794.5,6906,3795,181533,3794.75,3795
9861172,2019-01-06T04:00:18.929Z,19010604,XBTUSD,3794.5,16871,3795,181573,3794.75,3795
9861185,2019-01-06T04:00:18.981Z,19010604,XBTUSD,3794.5,16871,3795,181573,3794.75,3795
9861194,2019-01-06T04:00:19.292Z,19010604,XBTUSD,3794.5,16871,3795,166709,3794.75,3795
9861207,2019-01-06T04:00:19.840Z,19010604,XBTUSD,3794.5,27014,3795,193305,3794.75,3795
9861212,2019-01-06T04:00:19.901Z,19010604,XBTUSD,3794.5,27047,3795,193338,3794.75,3795
9861225,2019-01-06T04:00:20.037Z,19010604,XBTUSD,3794.5,27062,3795,201932,3794.75,3795
9860661,2019-01-06T04:00:04.950Z,19010604,XBTUSD,3795,115179,3795.5,300796,3795.25,3795.5
9860670,2019-01-06T04:00:05.632Z,19010604,XBTUSD,3795,15079,3795.5,320625,3795.25,3795.5
9860727,2019-01-06T04:00:06.530Z,19010604,XBTUSD,3795,1199434,3795.5,224938,3795.25,3795.5
9860752,2019-01-06T04:00:06.885Z,19010604,XBTUSD,3795,1199474,3795.5,224583,3795.25,3795.5
9860761,2019-01-06T04:00:07.305Z,19010604,XBTUSD,3795,1199487,3795.5,239534,3795.25,3795.5
9860800,2019-01-06T04:00:08.502Z,19010604,XBTUSD,3795,1201671,3795.5,240906,3795.25,3795.5
9860802,2019-01-06T04:00:08.573Z,19010604,XBTUSD,3795,1201671,3795.5,219788,3795.25,3795.5
9860812,2019-01-06T04:00:09.533Z,19010604,XBTUSD,3795,1198561,3795.5,219752,3795.25,3795.5
9860837,2019-01-06T04:00:09.636Z,19010604,XBTUSD,3795,1217125,3795.5,219752,3795.25,3795.5
9860859,2019-01-06T04:00:10.960Z,19010604,XBTUSD,3795,1217337,3795.5,218905,3795.25,3795.5
9860910,2019-01-06T04:00:12.311Z,19010604,XBTUSD,3795,1216197,3795.5,41205,3795.25,3795.5
9860938,2019-01-06T04:00:13.117Z,19010604,XBTUSD,3795,29605,3795.5,38441,3795.25,3795.5
9860945,2019-01-06T04:00:13.332Z,19010604,XBTUSD,3795,19974,3795.5,38433,3795.25,3795.5
9860954,2019-01-06T04:00:13.691Z,19010604,XBTUSD,3795,8096,3795.5,38433,3795.25,3795.5
9860967,2019-01-06T04:00:13.939Z,19010604,XBTUSD,3794.5,23160,3795,96729,3794.75,3795
9860998,2019-01-06T04:00:15.007Z,19010604,XBTUSD,3794.5,18390,3795,245587,3794.75,3795
9861018,2019-01-06T04:00:15.426Z,19010604,XBTUSD,3794.5,22147,3795,250549,3794.75,3795
9861027,2019-01-06T04:00:15.538Z,19010604,XBTUSD,3794.5,18384,3795,154894,3794.75,3795
9861043,2019-01-06T04:00:15.682Z,19010604,XBTUSD,3794.5,11354,3795,164124,3794.75,3795
9861054,2019-01-06T04:00:15.823Z,19010604,XBTUSD,3794.5,5813,3795,179154,3794.75,3795
9861065,2019-01-06T04:00:16.493Z,19010604,XBTUSD,3794.5,5702,3795,183637,3794.75,3795
9861101,2019-01-06T04:00:17.149Z,19010604,XBTUSD,3794.5,8098,3795,176648,3794.75,3795
9861149,2019-01-06T04:00:18.610Z,19010604,XBTUSD,3794.5,6876,3795,181533,3794.75,3795
9861160,2019-01-06T04:00:18.788Z,19010604,XBTUSD,3794.5,16841,3795,181533,3794.75,3795
9861168,2019-01-06T04:00:18.888Z,19010604,XBTUSD,3794.5,16871,3795,173533,3794.75,3795
9861189,2019-01-06T04:00:19.013Z,19010604,XBTUSD,3794.5,16871,3795,176709,3794.75,3795
9861200,2019-01-06T04:00:19.415Z,19010604,XBTUSD,3794.5,16871,3795,186689,3794.75,3795
9861217,2019-01-06T04:00:19.951Z,19010604,XBTUSD,3794.5,27047,3795,201931,3794.75,3795
9860665,2019-01-06T04:00:05.424Z,19010604,XBTUSD,3795,14879,3795.5,301846,3795.25,3795.5
9860672,2019-01-06T04:00:05.715Z,19010604,XBTUSD,3795,14796,3795.5,320625,3795.25,3795.5
9860724,2019-01-06T04:00:06.418Z,19010604,XBTUSD,3795,1198137,3795.5,225338,3795.25,3795.5
9860750,2019-01-06T04:00:06.807Z,19010604,XBTUSD,3795,1199473,3795.5,224588,3795.25,3795.5
9860764,2019-01-06T04:00:07.592Z,19010604,XBTUSD,3795,1201517,3795.5,240102,3795.25,3795.5
9860794,2019-01-06T04:00:08.161Z,19010604,XBTUSD,3795,1201569,3795.5,240370,3795.25,3795.5
9860808,2019-01-06T04:00:09.299Z,19010604,XBTUSD,3795,1203051,3795.5,220546,3795.25,3795.5
9860864,2019-01-06T04:00:11.037Z,19010604,XBTUSD,3795,1217339,3795.5,240547,3795.25,3795.5
9860904,2019-01-06T04:00:11.796Z,19010604,XBTUSD,3795,1216369,3795.5,241205,3795.25,3795.5
9860918,2019-01-06T04:00:13.016Z,19010604,XBTUSD,3795,29880,3795.5,39335,3795.25,3795.5
9860942,2019-01-06T04:00:13.263Z,19010604,XBTUSD,3795,21472,3795.5,38433,3795.25,3795.5
9860949,2019-01-06T04:00:13.515Z,19010604,XBTUSD,3795,13611,3795.5,38433,3795.25,3795.5
9860962,2019-01-06T04:00:13.798Z,19010604,XBTUSD,3794.5,23160,3795.5,38433,3795,3795.5
9860970,2019-01-06T04:00:14.049Z,19010604,XBTUSD,3794.5,23160,3795,111763,3794.75,3795
9861000,2019-01-06T04:00:15.021Z,19010604,XBTUSD,3794.5,18147,3795,245597,3794.75,3795
9861022,2019-01-06T04:00:15.451Z,19010604,XBTUSD,3794.5,26147,3795,144894,3794.75,3795
9861046,2019-01-06T04:00:15.696Z,19010604,XBTUSD,3794.5,10568,3795,168124,3794.75,3795
9861057,2019-01-06T04:00:15.867Z,19010604,XBTUSD,3794.5,6813,3795,179359,3794.75,3795
9861066,2019-01-06T04:00:16.561Z,19010604,XBTUSD,3794.5,5702,3795,173637,3794.75,3795
9861104,2019-01-06T04:00:17.208Z,19010604,XBTUSD,3794.5,8094,3795,196648,3794.75,3795
9861148,2019-01-06T04:00:18.604Z,19010604,XBTUSD,3794.5,16876,3795,181533,3794.75,3795
9861159,2019-01-06T04:00:18.763Z,19010604,XBTUSD,3794.5,6876,3795,181533,3794.75,3795
9861167,2019-01-06T04:00:18.878Z,19010604,XBTUSD,3794.5,6906,3795,173533,3794.75,3795
9861190,2019-01-06T04:00:19.029Z,19010604,XBTUSD,3794.5,6906,3795,176709,3794.75,3795
9861206,2019-01-06T04:00:19.839Z,19010604,XBTUSD,3794.5,17051,3795,193305,3794.75,3795
9861214,2019-01-06T04:00:19.916Z,19010604,XBTUSD,3794.5,17084,3795,201931,3794.75,3795
9861221,2019-01-06T04:00:19.995Z,19010604,XBTUSD,3794.5,17084,3795,201932,3794.75,3795
9861259,2019-01-06T04:00:20.786Z,19010604,XBTUSD,3794.5,41911,3795,227248,3794.75,3795
9861269,2019-01-06T04:00:20.887Z,19010604,XBTUSD,3794.5,51874,3795,279126,3794.75,3795
9861281,2019-01-06T04:00:21.405Z,19010604,XBTUSD,3793.5,72250,3794,159978,3793.75,3794
9861291,2019-01-06T04:00:21.614Z,19010604,XBTUSD,3793.5,82676,3794,198264,3793.75,3794
9861295,2019-01-06T04:00:21.650Z,19010604,XBTUSD,3793.5,82676,3794,239286,3793.75,3794
9860666,2019-01-06T04:00:05.506Z,19010604,XBTUSD,3795,14879,3795.5,322562,3795.25,3795.5
9860673,2019-01-06T04:00:05.758Z,19010604,XBTUSD,3795,14756,3795.5,320625,3795.25,3795.5
9860726,2019-01-06T04:00:06.473Z,19010604,XBTUSD,3795,1199434,3795.5,225338,3795.25,3795.5
9860754,2019-01-06T04:00:06.992Z,19010604,XBTUSD,3795,1199474,3795.5,219517,3795.25,3795.5
9860763,2019-01-06T04:00:07.588Z,19010604,XBTUSD,3795,1199517,3795.5,240102,3795.25,3795.5
9860798,2019-01-06T04:00:08.376Z,19010604,XBTUSD,3795,1201520,3795.5,240906,3795.25,3795.5
9860804,2019-01-06T04:00:08.792Z,19010604,XBTUSD,3795,1203071,3795.5,219643,3795.25,3795.5
9860842,2019-01-06T04:00:09.918Z,19010604,XBTUSD,3795,1217166,3795.5,219763,3795.25,3795.5
9860862,2019-01-06T04:00:10.990Z,19010604,XBTUSD,3795,1217338,3795.5,245100,3795.25,3795.5
9860908,2019-01-06T04:00:12.120Z,19010604,XBTUSD,3795,1216171,3795.5,41205,3795.25,3795.5
9860916,2019-01-06T04:00:12.947Z,19010604,XBTUSD,3795,1219712,3795.5,40835,3795.25,3795.5
9860946,2019-01-06T04:00:13.348Z,19010604,XBTUSD,3795,19984,3795.5,38433,3795.25,3795.5
9860955,2019-01-06T04:00:13.699Z,19010604,XBTUSD,3795,6764,3795.5,38433,3795.25,3795.5
9860968,2019-01-06T04:00:14.049Z,19010604,XBTUSD,3794.5,23160,3795,96838,3794.75,3795
9860997,2019-01-06T04:00:14.950Z,19010604,XBTUSD,3794.5,18390,3795,125551,3794.75,3795
9861015,2019-01-06T04:00:15.389Z,19010604,XBTUSD,3794.5,18147,3795,250409,3794.75,3795
9861028,2019-01-06T04:00:15.550Z,19010604,XBTUSD,3794.5,17208,3795,154894,3794.75,3795
9861039,2019-01-06T04:00:15.627Z,19010604,XBTUSD,3794.5,13185,3795,162894,3794.75,3795
9861052,2019-01-06T04:00:15.797Z,19010604,XBTUSD,3794.5,5813,3795,168154,3794.75,3795
9861067,2019-01-06T04:00:16.618Z,19010604,XBTUSD,3794.5,7702,3795,173637,3794.75,3795
9861100,2019-01-06T04:00:17.037Z,19010604,XBTUSD,3794.5,8098,3795,174648,3794.75,3795
9861141,2019-01-06T04:00:17.903Z,19010604,XBTUSD,3794.5,7376,3795,188822,3794.75,3795
9861144,2019-01-06T04:00:18.154Z,19010604,XBTUSD,3794.5,6876,3795,190847,3794.75,3795
9861154,2019-01-06T04:00:18.676Z,19010604,XBTUSD,3794.5,16841,3795,181533,3794.75,3795
9861164,2019-01-06T04:00:18.843Z,19010604,XBTUSD,3794.5,16871,3795,173533,3794.75,3795
9861166,2019-01-06T04:00:18.861Z,19010604,XBTUSD,3794.5,16871,3795,173533,3794.75,3795
9861186,2019-01-06T04:00:18.992Z,19010604,XBTUSD,3794.5,16871,3795,181709,3794.75,3795
9861188,2019-01-06T04:00:19.012Z,19010604,XBTUSD,3794.5,6906,3795,176709,3794.75,3795
9861198,2019-01-06T04:00:19.360Z,19010604,XBTUSD,3794.5,26836,3795,186709,3794.75,3795
9861208,2019-01-06T04:00:19.856Z,19010604,XBTUSD,3794.5,17051,3795,193305,3794.75,3795
9861216,2019-01-06T04:00:19.935Z,19010604,XBTUSD,3794.5,17084,3795,201931,3794.75,3795
9861222,2019-01-06T04:00:20.010Z,19010604,XBTUSD,3794.5,27047,3795,201932,3794.75,3795
9861251,2019-01-06T04:00:20.676Z,19010604,XBTUSD,3794.5,16919,3795,201932,3794.75,3795
9861260,2019-01-06T04:00:20.788Z,19010604,XBTUSD,3794.5,41911,3795,247239,3794.75,3795
9861263,2019-01-06T04:00:20.820Z,19010604,XBTUSD,3794.5,41911,3795,248001,3794.75,3795
9861273,2019-01-06T04:00:20.936Z,19010604,XBTUSD,3794.5,41911,3795,281567,3794.75,3795
9861283,2019-01-06T04:00:21.552Z,19010604,XBTUSD,3793.5,70463,3794,187478,3793.75,3794
9861293,2019-01-06T04:00:21.641Z,19010604,XBTUSD,3793.5,82676,3794,211264,3793.75,3794
9860663,2019-01-06T04:00:05.005Z,19010604,XBTUSD,3795,115179,3795.5,301846,3795.25,3795.5
9860716,2019-01-06T04:00:05.806Z,19010604,XBTUSD,3795,14756,3795.5,320978,3795.25,3795.5
9860722,2019-01-06T04:00:05.996Z,19010604,XBTUSD,3795,1197137,3795.5,320838,3795.25,3795.5
9860749,2019-01-06T04:00:06.751Z,19010604,XBTUSD,3795,1199472,3795.5,224588,3795.25,3795.5
9860759,2019-01-06T04:00:07.089Z,19010604,XBTUSD,3795,1199485,3795.5,239534,3795.25,3795.5
9860791,2019-01-06T04:00:07.676Z,19010604,XBTUSD,3795,1201517,3795.5,240370,3795.25,3795.5
9860801,2019-01-06T04:00:08.546Z,19010604,XBTUSD,3795,1201671,3795.5,238906,3795.25,3795.5
9860811,2019-01-06T04:00:09.498Z,19010604,XBTUSD,3795,1198541,3795.5,219752,3795.25,3795.5
9860841,2019-01-06T04:00:09.812Z,19010604,XBTUSD,3795,1217166,3795.5,219752,3795.25,3795.5
9860863,2019-01-06T04:00:11.034Z,19010604,XBTUSD,3795,1217339,3795.5,245100,3795.25,3795.5
9860905,2019-01-06T04:00:11.805Z,19010604,XBTUSD,3795,1216369,3795.5,41205,3795.25,3795.5
9860947,2019-01-06T04:00:13.349Z,19010604,XBTUSD,3795,16142,3795.5,38433,3795.25,3795.5
9860953,2019-01-06T04:00:13.631Z,19010604,XBTUSD,3795,8496,3795.5,38433,3795.25,3795.5
9860964,2019-01-06T04:00:13.837Z,19010604,XBTUSD,3794.5,23160,3795,27500,3794.75,3795
9860999,2019-01-06T04:00:15.011Z,19010604,XBTUSD,3794.5,18390,3795,245597,3794.75,3795
9861026,2019-01-06T04:00:15.512Z,19010604,XBTUSD,3794.5,22127,3795,154894,3794.75,3795
9861042,2019-01-06T04:00:15.677Z,19010604,XBTUSD,3794.5,11354,3795,163406,3794.75,3795
9861049,2019-01-06T04:00:15.728Z,19010604,XBTUSD,3794.5,5900,3795,168124,3794.75,3795
9861063,2019-01-06T04:00:16.136Z,19010604,XBTUSD,3794.5,3702,3795,180637,3794.75,3795
9861097,2019-01-06T04:00:16.799Z,19010604,XBTUSD,3794.5,7732,3795,175366,3794.75,3795
9861102,2019-01-06T04:00:17.155Z,19010604,XBTUSD,3794.5,8098,3795,186648,3794.75,3795
9861142,2019-01-06T04:00:18.082Z,19010604,XBTUSD,3794.5,6876,3795,188822,3794.75,3795
9861150,2019-01-06T04:00:18.620Z,19010604,XBTUSD,3794.5,16841,3795,181533,3794.75,3795
9861156,2019-01-06T04:00:18.715Z,19010604,XBTUSD,3794.5,16841,3795,181533,3794.75,3795
9861170,2019-01-06T04:00:18.918Z,19010604,XBTUSD,3794.5,16871,3795,181573,3794.75,3795
9861193,2019-01-06T04:00:19.290Z,19010604,XBTUSD,3794.5,6906,3795,166709,3794.75,3795
9861201,2019-01-06T04:00:19.696Z,19010604,XBTUSD,3794.5,16871,3795,187089,3794.75,3795
9861218,2019-01-06T04:00:19.967Z,19010604,XBTUSD,3794.5,17084,3795,201931,3794.75,3795
9861250,2019-01-06T04:00:20.674Z,19010604,XBTUSD,3794.5,17099,3795,201932,3794.75,3795
9861257,2019-01-06T04:00:20.763Z,19010604,XBTUSD,3794.5,41911,3795,198973,3794.75,3795
9861268,2019-01-06T04:00:20.884Z,19010604,XBTUSD,3794.5,51874,3795,281023,3794.75,3795
9861277,2019-01-06T04:00:21.270Z,19010604,XBTUSD,3793.5,72250,3795,281568,3794.25,3795
9861288,2019-01-06T04:00:21.603Z,19010604,XBTUSD,3793.5,72463,3794,197114,3793.75,3794
9861298,2019-01-06T04:00:21.672Z,19010604,XBTUSD,3793.5,82676,3794,253136,3793.75,3794
9861314,2019-01-06T04:00:21.892Z,19010604,XBTUSD,3793.5,95342,3794,309481,3793.75,3794
9861320,2019-01-06T04:00:21.952Z,19010604,XBTUSD,3793.5,101684,3794,311458,3793.75,3794
9861367,2019-01-06T04:00:22.026Z,19010604,XBTUSD,3793.5,91721,3794,314583,3793.75,3794
9861377,2019-01-06T04:00:22.145Z,19010604,XBTUSD,3793.5,95696,3794,342344,3793.75,3794
9861392,2019-01-06T04:00:22.486Z,19010604,XBTUSD,3793.5,79655,3794,395228,3793.75,3794
9861403,2019-01-06T04:00:23.049Z,19010604,XBTUSD,3793.5,69323,3794,424573,3793.75,3794
9860839,2019-01-06T04:00:09.783Z,19010604,XBTUSD,3795,1217096,3795.5,219752,3795.25,3795.5
9860857,2019-01-06T04:00:10.940Z,19010604,XBTUSD,3795,1217308,3795.5,228905,3795.25,3795.5
9860867,2019-01-06T04:00:11.139Z,19010604,XBTUSD,3795,1217359,3795.5,240655,3795.25,3795.5
9860909,2019-01-06T04:00:12.183Z,19010604,XBTUSD,3795,1216182,3795.5,41205,3795.25,3795.5
9860915,2019-01-06T04:00:12.903Z,19010604,XBTUSD,3795,1220602,3795.5,40835,3795.25,3795.5
9860944,2019-01-06T04:00:13.296Z,19010604,XBTUSD,3795,19973,3795.5,38433,3795.25,3795.5
9860956,2019-01-06T04:00:13.707Z,19010604,XBTUSD,3795,6675,3795.5,38433,3795.25,3795.5
9860963,2019-01-06T04:00:13.832Z,19010604,XBTUSD,3794.5,23160,3795,13750,3794.75,3795
9861029,2019-01-06T04:00:15.588Z,19010604,XBTUSD,3794.5,17223,3795,154894,3794.75,3795
9861048,2019-01-06T04:00:15.719Z,19010604,XBTUSD,3794.5,6276,3795,168124,3794.75,3795
9861058,2019-01-06T04:00:15.890Z,19010604,XBTUSD,3794.5,6287,3795,179359,3794.75,3795
9861068,2019-01-06T04:00:16.635Z,19010604,XBTUSD,3794.5,7702,3795,173648,3794.75,3795
9861098,2019-01-06T04:00:16.874Z,19010604,XBTUSD,3794.5,7732,3795,174648,3794.75,3795
9861106,2019-01-06T04:00:17.528Z,19010604,XBTUSD,3794.5,7376,3795,196773,3794.75,3795
9861140,2019-01-06T04:00:17.859Z,19010604,XBTUSD,3794.5,7376,3795,188773,3794.75,3795
9861152,2019-01-06T04:00:18.654Z,19010604,XBTUSD,3794.5,16841,3795,181533,3794.75,3795
9861155,2019-01-06T04:00:18.695Z,19010604,XBTUSD,3794.5,6876,3795,181533,3794.75,3795
9861165,2019-01-06T04:00:18.846Z,19010604,XBTUSD,3794.5,6906,3795,173533,3794.75,3795
9861187,2019-01-06T04:00:18.998Z,19010604,XBTUSD,3794.5,6906,3795,181709,3794.75,3795
9861197,2019-01-06T04:00:19.333Z,19010604,XBTUSD,3794.5,16871,3795,186709,3794.75,3795
9861202,2019-01-06T04:00:19.804Z,19010604,XBTUSD,3794.5,17051,3795,187089,3794.75,3795
9861213,2019-01-06T04:00:19.904Z,19010604,XBTUSD,3794.5,17084,3795,193338,3794.75,3795
9861223,2019-01-06T04:00:20.025Z,19010604,XBTUSD,3794.5,17084,3795,201932,3794.75,3795
9861255,2019-01-06T04:00:20.713Z,19010604,XBTUSD,3794.5,31919,3795,198932,3794.75,3795
9861264,2019-01-06T04:00:20.825Z,19010604,XBTUSD,3794.5,41911,3795,249898,3794.75,3795
9861280,2019-01-06T04:00:21.304Z,19010604,XBTUSD,3793.5,72250,3794,120644,3793.75,3794
9861285,2019-01-06T04:00:21.587Z,19010604,XBTUSD,3793.5,70463,3794,196934,3793.75,3794
9861297,2019-01-06T04:00:21.667Z,19010604,XBTUSD,3793.5,82676,3794,239386,3793.75,3794
9861312,2019-01-06T04:00:21.879Z,19010604,XBTUSD,3793.5,95153,3794,289481,3793.75,3794
9861318,2019-01-06T04:00:21.937Z,19010604,XBTUSD,3793.5,101734,3794,311482,3793.75,3794
9861371,2019-01-06T04:00:22.058Z,19010604,XBTUSD,3793.5,94696,3794,322583,3793.75,3794
9861383,2019-01-06T04:00:22.343Z,19010604,XBTUSD,3793.5,89693,3794,358732,3793.75,3794
9861394,2019-01-06T04:00:22.519Z,19010604,XBTUSD,3793.5,79749,3794,397228,3793.75,3794
9861401,2019-01-06T04:00:22.954Z,19010604,XBTUSD,3793.5,69223,3794,414573,3793.75,3794
9861424,2019-01-06T04:00:23.175Z,19010604,XBTUSD,3793.5,69325,3794,424571,3793.75,3794
9861426,2019-01-06T04:00:23.181Z,19010604,XBTUSD,3793.5,69325,3794,444571,3793.75,3794
9861436,2019-01-06T04:00:23.605Z,19010604,XBTUSD,3793.5,67967,3794,430946,3793.75,3794
9861472,2019-01-06T04:00:24.320Z,19010604,XBTUSD,3792.5,51330,3793,5015,3792.75,3793
9861479,2019-01-06T04:00:24.335Z,19010604,XBTUSD,3792.5,51330,3793,26227,3792.75,3793
9861491,2019-01-06T04:00:24.366Z,19010604,XBTUSD,3792.5,55330,3793,208536,3792.75,3793
9861499,2019-01-06T04:00:24.416Z,19010604,XBTUSD,3792.5,65134,3793,266781,3792.75,3793
9861515,2019-01-06T04:00:24.784Z,19010604,XBTUSD,3792.5,50934,3793,195403,3792.75,3793
9861534,2019-01-06T04:00:24.889Z,19010604,XBTUSD,3792.5,51370,3793,177286,3792.75,3793
9861549,2019-01-06T04:00:25.739Z,19010604,XBTUSD,3792.5,48029,3793,197286,3792.75,3793
9861564,2019-01-06T04:00:25.884Z,19010604,XBTUSD,3792.5,85000,3793,222736,3792.75,3793
9861573,2019-01-06T04:00:26.317Z,19010604,XBTUSD,3792.5,84995,3793,209932,3792.75,3793
9861609,2019-01-06T04:00:26.413Z,19010604,XBTUSD,3792.5,112524,3793,181476,3792.75,3793
9860843,2019-01-06T04:00:09.928Z,19010604,XBTUSD,3795,1217275,3795.5,219763,3795.25,3795.5
9860855,2019-01-06T04:00:10.920Z,19010604,XBTUSD,3795,1217275,3795.5,209787,3795.25,3795.5
9860865,2019-01-06T04:00:11.079Z,19010604,XBTUSD,3795,1217339,3795.5,240530,3795.25,3795.5
9860903,2019-01-06T04:00:11.751Z,19010604,XBTUSD,3795,1216369,3795.5,240883,3795.25,3795.5
9860913,2019-01-06T04:00:12.724Z,19010604,XBTUSD,3795,1216695,3795.5,40805,3795.25,3795.5
9860939,2019-01-06T04:00:13.209Z,19010604,XBTUSD,3795,29605,3795.5,38433,3795.25,3795.5
9860950,2019-01-06T04:00:13.531Z,19010604,XBTUSD,3795,9840,3795.5,38433,3795.25,3795.5
9860960,2019-01-06T04:00:13.750Z,19010604,XBTUSD,3795,970,3795.5,38433,3795.25,3795.5
9860969,2019-01-06T04:00:14.049Z,19010604,XBTUSD,3794.5,23160,3795,101838,3794.75,3795
9860994,2019-01-06T04:00:14.258Z,19010604,XBTUSD,3794.5,23160,3795,125551,3794.75,3795
9861025,2019-01-06T04:00:15.498Z,19010604,XBTUSD,3794.5,26426,3795,154894,3794.75,3795
9861044,2019-01-06T04:00:15.684Z,19010604,XBTUSD,3794.5,11354,3795,166124,3794.75,3795
9861050,2019-01-06T04:00:15.771Z,19010604,XBTUSD,3794.5,5813,3795,168124,3794.75,3795
9861061,2019-01-06T04:00:16.010Z,19010604,XBTUSD,3794.5,3702,3795,178641,3794.75,3795
9861099,2019-01-06T04:00:17.009Z,19010604,XBTUSD,3794.5,7932,3795,174648,3794.75,3795
9861147,2019-01-06T04:00:18.597Z,19010604,XBTUSD,3794.5,16876,3795,191458,3794.75,3795
9861158,2019-01-06T04:00:18.746Z,19010604,XBTUSD,3794.5,16841,3795,181533,3794.75,3795
9861182,2019-01-06T04:00:18.942Z,19010604,XBTUSD,3794.5,6906,3795,181573,3794.75,3795
9861195,2019-01-06T04:00:19.316Z,19010604,XBTUSD,3794.5,6906,3795,166709,3794.75,3795
9861203,2019-01-06T04:00:19.813Z,19010604,XBTUSD,3794.5,17051,3795,202089,3794.75,3795
9861215,2019-01-06T04:00:19.922Z,19010604,XBTUSD,3794.5,27047,3795,201931,3794.75,3795
9861224,2019-01-06T04:00:20.031Z,19010604,XBTUSD,3794.5,17099,3795,201932,3794.75,3795
9861252,2019-01-06T04:00:20.686Z,19010604,XBTUSD,3794.5,16919,3795,198932,3794.75,3795
9861262,2019-01-06T04:00:20.807Z,19010604,XBTUSD,3794.5,41911,3795,247376,3794.75,3795
9861271,2019-01-06T04:00:20.915Z,19010604,XBTUSD,3794.5,41911,3795,280431,3794.75,3795
9861274,2019-01-06T04:00:21.099Z,19010604,XBTUSD,3794.5,45705,3795,281567,3794.75,3795
9861292,2019-01-06T04:00:21.637Z,19010604,XBTUSD,3793.5,82676,3794,203264,3793.75,3794
9861301,2019-01-06T04:00:21.688Z,19010604,XBTUSD,3793.5,82676,3794,241123,3793.75,3794
9861308,2019-01-06T04:00:21.743Z,19010604,XBTUSD,3793.5,85166,3794,269470,3793.75,3794
9861319,2019-01-06T04:00:21.942Z,19010604,XBTUSD,3793.5,101684,3794,311482,3793.75,3794
9861372,2019-01-06T04:00:22.069Z,19010604,XBTUSD,3793.5,94696,3794,327583,3793.75,3794
9861381,2019-01-06T04:00:22.243Z,19010604,XBTUSD,3793.5,89462,3794,350608,3793.75,3794
9861395,2019-01-06T04:00:22.636Z,19010604,XBTUSD,3793.5,79749,3794,397740,3793.75,3794
9861400,2019-01-06T04:00:22.935Z,19010604,XBTUSD,3793.5,79436,3794,414573,3793.75,3794
9861423,2019-01-06T04:00:23.149Z,19010604,XBTUSD,3793.5,69324,3794,424571,3793.75,3794
9861429,2019-01-06T04:00:23.263Z,19010604,XBTUSD,3793.5,69242,3794,453645,3793.75,3794
9861443,2019-01-06T04:00:23.987Z,19010604,XBTUSD,3793.5,67968,3794,459262,3793.75,3794
9861471,2019-01-06T04:00:24.316Z,19010604,XBTUSD,3792.5,51330,3793,4865,3792.75,3793
9861474,2019-01-06T04:00:24.326Z,19010604,XBTUSD,3792.5,51330,3793,5265,3792.75,3793
9861484,2019-01-06T04:00:24.347Z,19010604,XBTUSD,3792.5,54330,3793,50882,3792.75,3793
9861494,2019-01-06T04:00:24.384Z,19010604,XBTUSD,3792.5,65134,3793,228563,3792.75,3793
9861496,2019-01-06T04:00:24.394Z,19010604,XBTUSD,3792.5,65134,3793,233781,3792.75,3793
9861507,2019-01-06T04:00:24.586Z,19010604,XBTUSD,3792.5,69134,3793,187278,3792.75,3793
9861516,2019-01-06T04:00:24.794Z,19010604,XBTUSD,3792.5,51123,3793,195403,3792.75,3793
9861531,2019-01-06T04:00:24.857Z,19010604,XBTUSD,3792.5,51312,3793,195403,3792.75,3793
9861541,2019-01-06T04:00:25.642Z,19010604,XBTUSD,3792.5,47840,3793,187286,3792.75,3793
9861554,2019-01-06T04:00:25.751Z,19010604,XBTUSD,3792.5,48029,3793,211809,3792.75,3793
9861566,2019-01-06T04:00:25.926Z,19010604,XBTUSD,3792.5,84995,3793,222736,3792.75,3793
9861576,2019-01-06T04:00:26.332Z,19010604,XBTUSD,3792.5,84995,3793,194803,3792.75,3793
9861614,2019-01-06T04:00:26.503Z,19010604,XBTUSD,3792.5,112524,3793,191697,3792.75,3793
9861629,2019-01-06T04:00:26.888Z,19010604,XBTUSD,3792.5,117942,3793,187430,3792.75,3793
9860856,2019-01-06T04:00:10.932Z,19010604,XBTUSD,3795,1217308,3795.5,209787,3795.25,3795.5
9860860,2019-01-06T04:00:10.965Z,19010604,XBTUSD,3795,1217337,3795.5,247252,3795.25,3795.5
9860902,2019-01-06T04:00:11.716Z,19010604,XBTUSD,3795,1217369,3795.5,240883,3795.25,3795.5
9860906,2019-01-06T04:00:11.879Z,19010604,XBTUSD,3795,1216169,3795.5,41205,3795.25,3795.5
9860914,2019-01-06T04:00:12.801Z,19010604,XBTUSD,3795,1220602,3795.5,40805,3795.25,3795.5
9860937,2019-01-06T04:00:13.090Z,19010604,XBTUSD,3795,29605,3795.5,39335,3795.25,3795.5
9860943,2019-01-06T04:00:13.284Z,19010604,XBTUSD,3795,21473,3795.5,38433,3795.25,3795.5
9860958,2019-01-06T04:00:13.733Z,19010604,XBTUSD,3795,2130,3795.5,38433,3795.25,3795.5
9860965,2019-01-06T04:00:13.848Z,19010604,XBTUSD,3794.5,23160,3795,55000,3794.75,3795
9860993,2019-01-06T04:00:14.066Z,19010604,XBTUSD,3794.5,23160,3795,125547,3794.75,3795
9861016,2019-01-06T04:00:15.404Z,19010604,XBTUSD,3794.5,18147,3795,250559,3794.75,3795
9861024,2019-01-06T04:00:15.493Z,19010604,XBTUSD,3794.5,26637,3795,154894,3794.75,3795
9861045,2019-01-06T04:00:15.692Z,19010604,XBTUSD,3794.5,11354,3795,168124,3794.75,3795
9861055,2019-01-06T04:00:15.855Z,19010604,XBTUSD,3794.5,5813,3795,175359,3794.75,3795
9861059,2019-01-06T04:00:15.899Z,19010604,XBTUSD,3794.5,5533,3795,179359,3794.75,3795
9861069,2019-01-06T04:00:16.665Z,19010604,XBTUSD,3794.5,7702,3795,174366,3794.75,3795
9861103,2019-01-06T04:00:17.188Z,19010604,XBTUSD,3794.5,8098,3795,196648,3794.75,3795
9861145,2019-01-06T04:00:18.289Z,19010604,XBTUSD,3794.5,6876,3795,191349,3794.75,3795
9861161,2019-01-06T04:00:18.800Z,19010604,XBTUSD,3794.5,16871,3795,181533,3794.75,3795
9861171,2019-01-06T04:00:18.926Z,19010604,XBTUSD,3794.5,26836,3795,181573,3794.75,3795
9861196,2019-01-06T04:00:19.319Z,19010604,XBTUSD,3794.5,16871,3795,166709,3794.75,3795
9861199,2019-01-06T04:00:19.414Z,19010604,XBTUSD,3794.5,16871,3795,186709,3794.75,3795
9861209,2019-01-06T04:00:19.868Z,19010604,XBTUSD,3794.5,27014,3795,193305,3794.75,3795
9861219,2019-01-06T04:00:19.975Z,19010604,XBTUSD,3794.5,17084,3795,201932,3794.75,3795
9861256,2019-01-06T04:00:20.721Z,19010604,XBTUSD,3794.5,31948,3795,198973,3794.75,3795
9861267,2019-01-06T04:00:20.862Z,19010604,XBTUSD,3794.5,51874,3795,250023,3794.75,3795
9861282,2019-01-06T04:00:21.432Z,19010604,XBTUSD,3793.5,72250,3794,187478,3793.75,3794
9861284,2019-01-06T04:00:21.581Z,19010604,XBTUSD,3793.5,70463,3794,196859,3793.75,3794
9861294,2019-01-06T04:00:21.647Z,19010604,XBTUSD,3793.5,82676,3794,229381,3793.75,3794
9861304,2019-01-06T04:00:21.705Z,19010604,XBTUSD,3793.5,83166,3794,256252,3793.75,3794
9861311,2019-01-06T04:00:21.806Z,19010604,XBTUSD,3793.5,95129,3794,279481,3793.75,3794
9861369,2019-01-06T04:00:22.036Z,19010604,XBTUSD,3793.5,91721,3794,317583,3793.75,3794
9861380,2019-01-06T04:00:22.194Z,19010604,XBTUSD,3793.5,89462,3794,348187,3793.75,3794
9861389,2019-01-06T04:00:22.382Z,19010604,XBTUSD,3793.5,89719,3794,395228,3793.75,3794
9861398,2019-01-06T04:00:22.859Z,19010604,XBTUSD,3793.5,79749,3794,414540,3793.75,3794
9861430,2019-01-06T04:00:23.269Z,19010604,XBTUSD,3793.5,70397,3794,453645,3793.75,3794
9861441,2019-01-06T04:00:23.767Z,19010604,XBTUSD,3793.5,67969,3794,469262,3793.75,3794
9861466,2019-01-06T04:00:24.263Z,19010604,XBTUSD,3792.5,51330,3794,444928,3793.25,3794
9861477,2019-01-06T04:00:24.333Z,19010604,XBTUSD,3792.5,51330,3793,17544,3792.75,3793
9861487,2019-01-06T04:00:24.353Z,19010604,XBTUSD,3792.5,55330,3793,69089,3792.75,3793
9861500,2019-01-06T04:00:24.418Z,19010604,XBTUSD,3792.5,67134,3793,266781,3792.75,3793
9861512,2019-01-06T04:00:24.740Z,19010604,XBTUSD,3792.5,62934,3793,195403,3792.75,3793
9861532,2019-01-06T04:00:24.859Z,19010604,XBTUSD,3792.5,51341,3793,195403,3792.75,3793
9861542,2019-01-06T04:00:25.676Z,19010604,XBTUSD,3792.5,47840,3793,194781,3792.75,3793
9861551,2019-01-06T04:00:25.743Z,19010604,XBTUSD,3792.5,48029,3793,208232,3792.75,3793
9861560,2019-01-06T04:00:25.844Z,19010604,XBTUSD,3792.5,70000,3793,216320,3792.75,3793
9861570,2019-01-06T04:00:26.059Z,19010604,XBTUSD,3792.5,84995,3793,231932,3792.75,3793
9861579,2019-01-06T04:00:26.353Z,19010604,XBTUSD,3792.5,112524,3793,194813,3792.75,3793
9861582,2019-01-06T04:00:26.388Z,19010604,XBTUSD,3792.5,112524,3793,193488,3792.75,3793
9861610,2019-01-06T04:00:26.424Z,19010604,XBTUSD,3792.5,112524,3793,190857,3792.75,3793
9861620,2019-01-06T04:00:26.728Z,19010604,XBTUSD,3792.5,112555,3793,187402,3792.75,3793
9860971,2019-01-06T04:00:14.049Z,19010604,XBTUSD,3794.5,23160,3795,116763,3794.75,3795
9861001,2019-01-06T04:00:15.032Z,19010604,XBTUSD,3794.5,18147,3795,245607,3794.75,3795
9861017,2019-01-06T04:00:15.419Z,19010604,XBTUSD,3794.5,18147,3795,250549,3794.75,3795
9861023,2019-01-06T04:00:15.473Z,19010604,XBTUSD,3794.5,26637,3795,144894,3794.75,3795
9861040,2019-01-06T04:00:15.643Z,19010604,XBTUSD,3794.5,12651,3795,162894,3794.75,3795
9861051,2019-01-06T04:00:15.783Z,19010604,XBTUSD,3794.5,5813,3795,168139,3794.75,3795
9861064,2019-01-06T04:00:16.233Z,19010604,XBTUSD,3794.5,3702,3795,183637,3794.75,3795
9861105,2019-01-06T04:00:17.420Z,19010604,XBTUSD,3794.5,8094,3795,196773,3794.75,3795
9861143,2019-01-06T04:00:18.149Z,19010604,XBTUSD,3794.5,6876,3795,188847,3794.75,3795
9861153,2019-01-06T04:00:18.675Z,19010604,XBTUSD,3794.5,6876,3795,181533,3794.75,3795
9861163,2019-01-06T04:00:18.831Z,19010604,XBTUSD,3794.5,16871,3795,181533,3794.75,3795
9861169,2019-01-06T04:00:18.903Z,19010604,XBTUSD,3794.5,16871,3795,173573,3794.75,3795
9861183,2019-01-06T04:00:18.953Z,19010604,XBTUSD,3794.5,16871,3795,181573,3794.75,3795
9861191,2019-01-06T04:00:19.042Z,19010604,XBTUSD,3794.5,16871,3795,176709,3794.75,3795
9861204,2019-01-06T04:00:19.818Z,19010604,XBTUSD,3794.5,17051,3795,193305,3794.75,3795
9861211,2019-01-06T04:00:19.887Z,19010604,XBTUSD,3794.5,27014,3795,193305,3794.75,3795
9861254,2019-01-06T04:00:20.708Z,19010604,XBTUSD,3794.5,16919,3795,198932,3794.75,3795
9861265,2019-01-06T04:00:20.843Z,19010604,XBTUSD,3794.5,51874,3795,249898,3794.75,3795
9861278,2019-01-06T04:00:21.298Z,19010604,XBTUSD,3793.5,72250,3794,600,3793.75,3794
9861290,2019-01-06T04:00:21.612Z,19010604,XBTUSD,3793.5,72463,3794,198264,3793.75,3794
9861302,2019-01-06T04:00:21.690Z,19010604,XBTUSD,3793.5,82676,3794,246123,3793.75,3794
9861307,2019-01-06T04:00:21.740Z,19010604,XBTUSD,3793.5,83166,3794,269470,3793.75,3794
9861317,2019-01-06T04:00:21.935Z,19010604,XBTUSD,3793.5,101734,3794,311481,3793.75,3794
9861373,2019-01-06T04:00:22.069Z,19010604,XBTUSD,3793.5,94696,3794,329914,3793.75,3794
9861376,2019-01-06T04:00:22.088Z,19010604,XBTUSD,3793.5,95696,3794,340840,3793.75,3794
9861386,2019-01-06T04:00:22.343Z,19010604,XBTUSD,3793.5,89693,3794,386060,3793.75,3794
9861396,2019-01-06T04:00:22.717Z,19010604,XBTUSD,3793.5,79749,3794,401740,3793.75,3794
9861433,2019-01-06T04:00:23.306Z,19010604,XBTUSD,3793.5,70397,3794,440822,3793.75,3794
9861438,2019-01-06T04:00:23.698Z,19010604,XBTUSD,3793.5,67967,3794,449271,3793.75,3794
9861465,2019-01-06T04:00:24.223Z,19010604,XBTUSD,3793.5,67737,3794,444928,3793.75,3794
9861475,2019-01-06T04:00:24.329Z,19010604,XBTUSD,3792.5,51330,3793,5415,3792.75,3793
9861493,2019-01-06T04:00:24.381Z,19010604,XBTUSD,3792.5,65134,3793,218563,3792.75,3793
9861502,2019-01-06T04:00:24.449Z,19010604,XBTUSD,3792.5,69134,3793,276781,3792.75,3793
9861514,2019-01-06T04:00:24.755Z,19010604,XBTUSD,3792.5,60934,3793,195403,3792.75,3793
9861537,2019-01-06T04:00:25.612Z,19010604,XBTUSD,3792.5,49537,3793,177286,3792.75,3793
9861544,2019-01-06T04:00:25.676Z,19010604,XBTUSD,3792.5,47840,3793,215602,3792.75,3793
9861550,2019-01-06T04:00:25.743Z,19010604,XBTUSD,3792.5,48029,3793,207286,3792.75,3793
9861567,2019-01-06T04:00:25.943Z,19010604,XBTUSD,3792.5,84995,3793,229486,3792.75,3793
9861578,2019-01-06T04:00:26.342Z,19010604,XBTUSD,3792.5,112524,3793,194803,3792.75,3793
9861584,2019-01-06T04:00:26.395Z,19010604,XBTUSD,3792.5,112524,3793,188270,3792.75,3793
9861613,2019-01-06T04:00:26.493Z,19010604,XBTUSD,3792.5,112524,3793,181641,3792.75,3793
9861631,2019-01-06T04:00:27.072Z,19010604,XBTUSD,3792.5,103262,3793,187430,3792.75,3793
9861668,2019-01-06T04:00:27.572Z,19010604,XBTUSD,3792.5,103586,3793,176430,3792.75,3793
9861676,2019-01-06T04:00:28.347Z,19010604,XBTUSD,3792.5,98652,3793,175550,3792.75,3793
9861742,2019-01-06T04:00:29.290Z,19010604,XBTUSD,3792.5,98026,3793,140605,3792.75,3793
9861748,2019-01-06T04:00:29.670Z,19010604,XBTUSD,3792.5,98226,3793,138484,3792.75,3793
9861785,2019-01-06T04:00:30.715Z,19010604,XBTUSD,3792.5,95527,3793,136679,3792.75,3793
9861798,2019-01-06T04:00:31.817Z,19010604,XBTUSD,3792.5,93208,3793,129252,3792.75,3793
9861811,2019-01-06T04:00:32.071Z,19010604,XBTUSD,3792.5,85465,3793,131964,3792.75,3793
9861053,2019-01-06T04:00:15.802Z,19010604,XBTUSD,3794.5,5813,3795,171154,3794.75,3795
9861062,2019-01-06T04:00:16.090Z,19010604,XBTUSD,3794.5,3702,3795,178637,3794.75,3795
9861151,2019-01-06T04:00:18.640Z,19010604,XBTUSD,3794.5,6876,3795,181533,3794.75,3795
9861157,2019-01-06T04:00:18.732Z,19010604,XBTUSD,3794.5,6876,3795,181533,3794.75,3795
9861184,2019-01-06T04:00:18.969Z,19010604,XBTUSD,3794.5,6906,3795,181573,3794.75,3795
9861192,2019-01-06T04:00:19.264Z,19010604,XBTUSD,3794.5,16871,3795,166709,3794.75,3795
9861205,2019-01-06T04:00:19.820Z,19010604,XBTUSD,3794.5,27051,3795,193305,3794.75,3795
9861210,2019-01-06T04:00:19.886Z,19010604,XBTUSD,3794.5,17051,3795,193305,3794.75,3795
9861220,2019-01-06T04:00:19.979Z,19010604,XBTUSD,3794.5,27047,3795,201932,3794.75,3795
9861258,2019-01-06T04:00:20.770Z,19010604,XBTUSD,3794.5,41911,3795,198923,3794.75,3795
9861270,2019-01-06T04:00:20.888Z,19010604,XBTUSD,3794.5,51874,3795,280431,3794.75,3795
9861276,2019-01-06T04:00:21.244Z,19010604,XBTUSD,3794.5,45505,3795,281568,3794.75,3795
9861289,2019-01-06T04:00:21.604Z,19010604,XBTUSD,3793.5,72463,3794,197264,3793.75,3794
9861303,2019-01-06T04:00:21.696Z,19010604,XBTUSD,3793.5,82676,3794,256252,3793.75,3794
9861310,2019-01-06T04:00:21.801Z,19010604,XBTUSD,3793.5,95129,3794,279470,3793.75,3794
9861368,2019-01-06T04:00:22.028Z,19010604,XBTUSD,3793.5,91721,3794,315583,3793.75,3794
9861378,2019-01-06T04:00:22.145Z,19010604,XBTUSD,3793.5,95696,3794,343663,3793.75,3794
9861390,2019-01-06T04:00:22.445Z,19010604,XBTUSD,3793.5,79719,3794,395228,3793.75,3794
9861402,2019-01-06T04:00:23.042Z,19010604,XBTUSD,3793.5,69323,3794,414573,3793.75,3794
9861427,2019-01-06T04:00:23.183Z,19010604,XBTUSD,3793.5,69325,3794,454571,3793.75,3794
9861445,2019-01-06T04:00:24.071Z,19010604,XBTUSD,3793.5,67968,3794,457452,3793.75,3794
9861469,2019-01-06T04:00:24.310Z,19010604,XBTUSD,3792.5,51330,3793,4690,3792.75,3793
9861482,2019-01-06T04:00:24.343Z,19010604,XBTUSD,3792.5,54330,3793,27227,3792.75,3793
9861489,2019-01-06T04:00:24.359Z,19010604,XBTUSD,3792.5,55330,3793,189128,3792.75,3793
9861497,2019-01-06T04:00:24.398Z,19010604,XBTUSD,3792.5,65134,3793,238781,3792.75,3793
9861506,2019-01-06T04:00:24.583Z,19010604,XBTUSD,3792.5,69134,3793,187268,3792.75,3793
9861535,2019-01-06T04:00:25.029Z,19010604,XBTUSD,3792.5,51437,3793,177286,3792.75,3793
9861548,2019-01-06T04:00:25.687Z,19010604,XBTUSD,3792.5,47840,3793,197286,3792.75,3793
9861558,2019-01-06T04:00:25.844Z,19010604,XBTUSD,3792.5,70000,3793,213419,3792.75,3793
9861568,2019-01-06T04:00:25.943Z,19010604,XBTUSD,3792.5,84995,3793,230603,3792.75,3793
9861571,2019-01-06T04:00:26.083Z,19010604,XBTUSD,3792.5,84995,3793,221932,3792.75,3793
9861581,2019-01-06T04:00:26.370Z,19010604,XBTUSD,3792.5,112524,3793,183432,3792.75,3793
9861618,2019-01-06T04:00:26.697Z,19010604,XBTUSD,3792.5,112524,3793,187440,3792.75,3793
9861630,2019-01-06T04:00:27.010Z,19010604,XBTUSD,3792.5,118262,3793,187430,3792.75,3793
9861661,2019-01-06T04:00:27.381Z,19010604,XBTUSD,3792.5,103677,3793,195430,3792.75,3793
9861671,2019-01-06T04:00:27.663Z,19010604,XBTUSD,3792.5,98587,3793,178430,3792.75,3793
9861681,2019-01-06T04:00:28.685Z,19010604,XBTUSD,3792.5,98654,3793,145950,3792.75,3793
9861740,2019-01-06T04:00:29.280Z,19010604,XBTUSD,3792.5,97776,3793,140605,3792.75,3793
9861751,2019-01-06T04:00:29.930Z,19010604,XBTUSD,3792.5,98088,3793,138484,3792.75,3793
9861800,2019-01-06T04:00:31.845Z,19010604,XBTUSD,3792.5,93210,3793,129252,3792.75,3793
9861815,2019-01-06T04:00:32.125Z,19010604,XBTUSD,3792.5,85465,3793,122447,3792.75,3793
9861819,2019-01-06T04:00:32.483Z,19010604,XBTUSD,3792.5,79473,3793,117913,3792.75,3793
9861253,2019-01-06T04:00:20.703Z,19010604,XBTUSD,3794.5,6954,3795,198932,3794.75,3795
9861266,2019-01-06T04:00:20.849Z,19010604,XBTUSD,3794.5,51874,3795,250022,3794.75,3795
9861279,2019-01-06T04:00:21.301Z,19010604,XBTUSD,3793.5,72250,3794,120621,3793.75,3794
9861286,2019-01-06T04:00:21.595Z,19010604,XBTUSD,3793.5,70463,3794,197024,3793.75,3794
9861300,2019-01-06T04:00:21.686Z,19010604,XBTUSD,3793.5,82676,3794,232530,3793.75,3794
9861306,2019-01-06T04:00:21.732Z,19010604,XBTUSD,3793.5,83166,3794,266470,3793.75,3794
9861316,2019-01-06T04:00:21.923Z,19010604,XBTUSD,3793.5,101576,3794,311481,3793.75,3794
9861375,2019-01-06T04:00:22.087Z,19010604,XBTUSD,3793.5,95696,3794,330840,3793.75,3794
9861385,2019-01-06T04:00:22.343Z,19010604,XBTUSD,3793.5,89693,3794,375239,3793.75,3794
9861393,2019-01-06T04:00:22.498Z,19010604,XBTUSD,3793.5,79655,3794,397228,3793.75,3794
9861434,2019-01-06T04:00:23.326Z,19010604,XBTUSD,3793.5,70397,3794,430822,3793.75,3794
9861439,2019-01-06T04:00:23.708Z,19010604,XBTUSD,3793.5,67968,3794,449271,3793.75,3794
9861464,2019-01-06T04:00:24.109Z,19010604,XBTUSD,3793.5,67968,3794,444928,3793.75,3794
9861476,2019-01-06T04:00:24.332Z,19010604,XBTUSD,3792.5,51330,3793,15544,3792.75,3793
9861485,2019-01-06T04:00:24.350Z,19010604,XBTUSD,3792.5,54330,3793,50972,3792.75,3793
9861495,2019-01-06T04:00:24.392Z,19010604,XBTUSD,3792.5,65134,3793,233563,3792.75,3793
9861505,2019-01-06T04:00:24.533Z,19010604,XBTUSD,3792.5,69134,3793,159768,3792.75,3793
9861510,2019-01-06T04:00:24.641Z,19010604,XBTUSD,3792.5,62934,3793,193278,3792.75,3793
9861539,2019-01-06T04:00:25.642Z,19010604,XBTUSD,3792.5,48567,3793,182286,3792.75,3793
9861543,2019-01-06T04:00:25.676Z,19010604,XBTUSD,3792.5,47840,3793,205602,3792.75,3793
9861553,2019-01-06T04:00:25.743Z,19010604,XBTUSD,3792.5,48029,3793,211776,3792.75,3793
9861565,2019-01-06T04:00:25.943Z,19010604,XBTUSD,3792.5,84995,3793,224952,3792.75,3793
9861572,2019-01-06T04:00:26.087Z,19010604,XBTUSD,3792.5,84995,3793,211932,3792.75,3793
9861617,2019-01-06T04:00:26.586Z,19010604,XBTUSD,3792.5,112524,3793,182641,3792.75,3793
9861625,2019-01-06T04:00:26.802Z,19010604,XBTUSD,3792.5,114421,3793,187430,3792.75,3793
9861664,2019-01-06T04:00:27.458Z,19010604,XBTUSD,3792.5,103710,3793,189430,3792.75,3793
9861679,2019-01-06T04:00:28.435Z,19010604,XBTUSD,3792.5,98654,3793,175950,3792.75,3793
9861732,2019-01-06T04:00:29.035Z,19010604,XBTUSD,3792.5,97351,3793,145706,3792.75,3793
9861744,2019-01-06T04:00:29.369Z,19010604,XBTUSD,3792.5,98026,3793,138484,3792.75,3793
9861749,2019-01-06T04:00:29.705Z,19010604,XBTUSD,3792.5,98227,3793,138484,3792.75,3793
9861789,2019-01-06T04:00:30.740Z,19010604,XBTUSD,3792.5,95488,3793,132231,3792.75,3793
9861804,2019-01-06T04:00:31.948Z,19010604,XBTUSD,3792.5,81285,3793,129252,3792.75,3793
9861813,2019-01-06T04:00:32.120Z,19010604,XBTUSD,3792.5,85465,3793,128217,3792.75,3793
9861820,2019-01-06T04:00:32.509Z,19010604,XBTUSD,3792.5,79474,3793,117913,3792.75,3793
9861850,2019-01-06T04:00:33.581Z,19010604,XBTUSD,3792.5,105989,3793,118293,3792.75,3793
9861882,2019-01-06T04:00:34.281Z,19010604,XBTUSD,3792.5,130376,3793,118443,3792.75,3793
9861891,2019-01-06T04:00:35.901Z,19010604,XBTUSD,3792.5,116435,3793,118477,3792.75,3793
9861903,2019-01-06T04:00:36.940Z,19010604,XBTUSD,3792.5,147329,3793,118439,3792.75,3793
9861917,2019-01-06T04:00:37.311Z,19010604,XBTUSD,3792.5,162330,3793,118376,3792.75,3793
9861925,2019-01-06T04:00:37.758Z,19010604,XBTUSD,3792.5,162371,3793,118343,3792.75,3793
9861970,2019-01-06T04:00:39.506Z,19010604,XBTUSD,3792.5,147650,3793,218373,3792.75,3793
9861988,2019-01-06T04:00:40.242Z,19010604,XBTUSD,3792.5,151266,3793,216873,3792.75,3793
9861261,2019-01-06T04:00:20.803Z,19010604,XBTUSD,3794.5,41911,3795,247261,3794.75,3795
9861272,2019-01-06T04:00:20.929Z,19010604,XBTUSD,3794.5,41911,3795,280999,3794.75,3795
9861275,2019-01-06T04:00:21.230Z,19010604,XBTUSD,3794.5,45705,3795,281568,3794.75,3795
9861287,2019-01-06T04:00:21.598Z,19010604,XBTUSD,3793.5,70463,3794,197114,3793.75,3794
9861296,2019-01-06T04:00:21.654Z,19010604,XBTUSD,3793.5,82676,3794,239376,3793.75,3794
9861313,2019-01-06T04:00:21.882Z,19010604,XBTUSD,3793.5,95153,3794,309481,3793.75,3794
9861366,2019-01-06T04:00:22.006Z,19010604,XBTUSD,3793.5,101684,3794,314583,3793.75,3794
9861382,2019-01-06T04:00:22.259Z,19010604,XBTUSD,3793.5,89693,3794,350608,3793.75,3794
9861388,2019-01-06T04:00:22.366Z,19010604,XBTUSD,3793.5,89694,3794,395228,3793.75,3794
9861399,2019-01-06T04:00:22.881Z,19010604,XBTUSD,3793.5,79782,3794,414573,3793.75,3794
9861425,2019-01-06T04:00:23.179Z,19010604,XBTUSD,3793.5,69325,3794,434571,3793.75,3794
9861435,2019-01-06T04:00:23.454Z,19010604,XBTUSD,3793.5,70397,3794,430946,3793.75,3794
9861440,2019-01-06T04:00:23.743Z,19010604,XBTUSD,3793.5,67968,3794,469262,3793.75,3794
9861467,2019-01-06T04:00:24.293Z,19010604,XBTUSD,3792.5,51330,3793,600,3792.75,3793
9861481,2019-01-06T04:00:24.341Z,19010604,XBTUSD,3792.5,53330,3793,27227,3792.75,3793
9861492,2019-01-06T04:00:24.370Z,19010604,XBTUSD,3792.5,55330,3793,218563,3792.75,3793
9861501,2019-01-06T04:00:24.442Z,19010604,XBTUSD,3792.5,69134,3793,266781,3792.75,3793
9861513,2019-01-06T04:00:24.748Z,19010604,XBTUSD,3792.5,61934,3793,195403,3792.75,3793
9861540,2019-01-06T04:00:25.642Z,19010604,XBTUSD,3792.5,47840,3793,182286,3792.75,3793
9861545,2019-01-06T04:00:25.685Z,19010604,XBTUSD,3792.5,47840,3793,204781,3792.75,3793
9861552,2019-01-06T04:00:25.743Z,19010604,XBTUSD,3792.5,48029,3793,210454,3792.75,3793
9861561,2019-01-06T04:00:25.844Z,19010604,XBTUSD,3792.5,70000,3793,218670,3792.75,3793
9861574,2019-01-06T04:00:26.322Z,19010604,XBTUSD,3792.5,84995,3793,205932,3792.75,3793
9861611,2019-01-06T04:00:26.435Z,19010604,XBTUSD,3792.5,112524,3793,180801,3792.75,3793
9861621,2019-01-06T04:00:26.748Z,19010604,XBTUSD,3792.5,112744,3793,187402,3792.75,3793
9861626,2019-01-06T04:00:26.810Z,19010604,XBTUSD,3792.5,115421,3793,187430,3792.75,3793
9861635,2019-01-06T04:00:27.325Z,19010604,XBTUSD,3792.5,103677,3793,191430,3792.75,3793
9861665,2019-01-06T04:00:27.472Z,19010604,XBTUSD,3792.5,103710,3793,184430,3792.75,3793
9861674,2019-01-06T04:00:28.019Z,19010604,XBTUSD,3792.5,98588,3793,175550,3792.75,3793
9861734,2019-01-06T04:00:29.075Z,19010604,XBTUSD,3792.5,97351,3793,145605,3792.75,3793
9861741,2019-01-06T04:00:29.288Z,19010604,XBTUSD,3792.5,97876,3793,140605,3792.75,3793
9861750,2019-01-06T04:00:29.710Z,19010604,XBTUSD,3792.5,98228,3793,138484,3792.75,3793
9861788,2019-01-06T04:00:30.738Z,19010604,XBTUSD,3792.5,95488,3793,133553,3792.75,3793
9861792,2019-01-06T04:00:30.774Z,19010604,XBTUSD,3792.5,93688,3793,129241,3792.75,3793
9861802,2019-01-06T04:00:31.934Z,19010604,XBTUSD,3792.5,99009,3793,129252,3792.75,3793
9861814,2019-01-06T04:00:32.122Z,19010604,XBTUSD,3792.5,85465,3793,126001,3792.75,3793
9861822,2019-01-06T04:00:32.575Z,19010604,XBTUSD,3792.5,79480,3793,117913,3792.75,3793
9861845,2019-01-06T04:00:33.224Z,19010604,XBTUSD,3792.5,102357,3793,118413,3792.75,3793
9861886,2019-01-06T04:00:34.917Z,19010604,XBTUSD,3792.5,115430,3793,118477,3792.75,3793
9861899,2019-01-06T04:00:36.649Z,19010604,XBTUSD,3792.5,116217,3793,118477,3792.75,3793
9861921,2019-01-06T04:00:37.423Z,19010604,XBTUSD,3792.5,162350,3793,118181,3792.75,3793
9861941,2019-01-06T04:00:38.105Z,19010604,XBTUSD,3792.5,162372,3793,118373,3792.75,3793
9861972,2019-01-06T04:00:39.608Z,19010604,XBTUSD,3792.5,151256,3793,218373,3792.75,3793
9861994,2019-01-06T04:00:41.006Z,19010604,XBTUSD,3792.5,151270,3793,217024,3792.75,3793
9861299,2019-01-06T04:00:21.676Z,19010604,XBTUSD,3793.5,82676,3794,253151,3793.75,3794
9861309,2019-01-06T04:00:21.770Z,19010604,XBTUSD,3793.5,85166,3794,279470,3793.75,3794
9861374,2019-01-06T04:00:22.069Z,19010604,XBTUSD,3793.5,94696,3794,330840,3793.75,3794
9861379,2019-01-06T04:00:22.145Z,19010604,XBTUSD,3793.5,95696,3794,348187,3793.75,3794
9861391,2019-01-06T04:00:22.480Z,19010604,XBTUSD,3793.5,79813,3794,395228,3793.75,3794
9861432,2019-01-06T04:00:23.303Z,19010604,XBTUSD,3793.5,70397,3794,442326,3793.75,3794
9861442,2019-01-06T04:00:23.914Z,19010604,XBTUSD,3793.5,67969,3794,459262,3793.75,3794
9861463,2019-01-06T04:00:24.081Z,19010604,XBTUSD,3793.5,67968,3794,452928,3793.75,3794
9861473,2019-01-06T04:00:24.323Z,19010604,XBTUSD,3792.5,51330,3793,5165,3792.75,3793
9861483,2019-01-06T04:00:24.345Z,19010604,XBTUSD,3792.5,54330,3793,37132,3792.75,3793
9861490,2019-01-06T04:00:24.360Z,19010604,XBTUSD,3792.5,55330,3793,198509,3792.75,3793
9861503,2019-01-06T04:00:24.465Z,19010604,XBTUSD,3792.5,69134,3793,156757,3792.75,3793
9861508,2019-01-06T04:00:24.613Z,19010604,XBTUSD,3792.5,62934,3793,187278,3792.75,3793
9861538,2019-01-06T04:00:25.612Z,19010604,XBTUSD,3792.5,48567,3793,177286,3792.75,3793
9861555,2019-01-06T04:00:25.761Z,19010604,XBTUSD,3792.5,48029,3793,211933,3792.75,3793
9861562,2019-01-06T04:00:25.844Z,19010604,XBTUSD,3792.5,70000,3793,222224,3792.75,3793
9861575,2019-01-06T04:00:26.328Z,19010604,XBTUSD,3792.5,84995,3793,195803,3792.75,3793
9861608,2019-01-06T04:00:26.405Z,19010604,XBTUSD,3792.5,112524,3793,184476,3792.75,3793
9861619,2019-01-06T04:00:26.710Z,19010604,XBTUSD,3792.5,112524,3793,187402,3792.75,3793
9861627,2019-01-06T04:00:26.812Z,19010604,XBTUSD,3792.5,117421,3793,187430,3792.75,3793
9861670,2019-01-06T04:00:27.660Z,19010604,XBTUSD,3792.5,98587,3793,176430,3792.75,3793
9861672,2019-01-06T04:00:27.886Z,19010604,XBTUSD,3792.5,98588,3793,178430,3792.75,3793
9861682,2019-01-06T04:00:28.857Z,19010604,XBTUSD,3792.5,98654,3793,145826,3792.75,3793
9861730,2019-01-06T04:00:29.006Z,19010604,XBTUSD,3792.5,97350,3793,145826,3792.75,3793
9861738,2019-01-06T04:00:29.276Z,19010604,XBTUSD,3792.5,97526,3793,140605,3792.75,3793
9861752,2019-01-06T04:00:30.032Z,19010604,XBTUSD,3792.5,98088,3793,137367,3792.75,3793
9861786,2019-01-06T04:00:30.721Z,19010604,XBTUSD,3792.5,95527,3793,135733,3792.75,3793
9861806,2019-01-06T04:00:31.996Z,19010604,XBTUSD,3792.5,81435,3793,132002,3792.75,3793
9861809,2019-01-06T04:00:32.004Z,19010604,XBTUSD,3792.5,81451,3793,132002,3792.75,3793
9861851,2019-01-06T04:00:33.626Z,19010604,XBTUSD,3792.5,115989,3793,118293,3792.75,3793
9861920,2019-01-06T04:00:37.389Z,19010604,XBTUSD,3792.5,162350,3793,118271,3792.75,3793
9861943,2019-01-06T04:00:38.816Z,19010604,XBTUSD,3792.5,163373,3793,118373,3792.75,3793
9861965,2019-01-06T04:00:39.126Z,19010604,XBTUSD,3792.5,163375,3793,218373,3792.75,3793
9861991,2019-01-06T04:00:40.496Z,19010604,XBTUSD,3792.5,151268,3793,216994,3792.75,3793
9862024,2019-01-06T04:00:41.982Z,19010604,XBTUSD,3792.5,147680,3793,217084,3792.75,3793
9862097,2019-01-06T04:00:44.707Z,19010604,XBTUSD,3792.5,163818,3793,211046,3792.75,3793
9862100,2019-01-06T04:00:44.728Z,19010604,XBTUSD,3792.5,173819,3793,206560,3792.75,3793
9861305,2019-01-06T04:00:21.726Z,19010604,XBTUSD,3793.5,83166,3794,256470,3793.75,3794
9861315,2019-01-06T04:00:21.894Z,19010604,XBTUSD,3793.5,101576,3794,309481,3793.75,3794
9861321,2019-01-06T04:00:21.977Z,19010604,XBTUSD,3793.5,101684,3794,314458,3793.75,3794
9861370,2019-01-06T04:00:22.038Z,19010604,XBTUSD,3793.5,94696,3794,317583,3793.75,3794
9861384,2019-01-06T04:00:22.343Z,19010604,XBTUSD,3793.5,89693,3794,366227,3793.75,3794
9861387,2019-01-06T04:00:22.343Z,19010604,XBTUSD,3793.5,89693,3794,395228,3793.75,3794
9861397,2019-01-06T04:00:22.750Z,19010604,XBTUSD,3793.5,79749,3794,409740,3793.75,3794
9861428,2019-01-06T04:00:23.223Z,19010604,XBTUSD,3793.5,69242,3794,454571,3793.75,3794
9861444,2019-01-06T04:00:24.065Z,19010604,XBTUSD,3793.5,67968,3794,459783,3793.75,3794
9861468,2019-01-06T04:00:24.304Z,19010604,XBTUSD,3792.5,51330,3793,4600,3792.75,3793
9861478,2019-01-06T04:00:24.334Z,19010604,XBTUSD,3792.5,51330,3793,26137,3792.75,3793
9861488,2019-01-06T04:00:24.354Z,19010604,XBTUSD,3792.5,55330,3793,69104,3792.75,3793
9861498,2019-01-06T04:00:24.400Z,19010604,XBTUSD,3792.5,65134,3793,246781,3792.75,3793
9861511,2019-01-06T04:00:24.716Z,19010604,XBTUSD,3792.5,62934,3793,193403,3792.75,3793
9861536,2019-01-06T04:00:25.612Z,19010604,XBTUSD,3792.5,51137,3793,177286,3792.75,3793
9861557,2019-01-06T04:00:25.800Z,19010604,XBTUSD,3792.5,70000,3793,211933,3792.75,3793
9861559,2019-01-06T04:00:25.844Z,19010604,XBTUSD,3792.5,70000,3793,214923,3792.75,3793
9861569,2019-01-06T04:00:26.049Z,19010604,XBTUSD,3792.5,84995,3793,231411,3792.75,3793
9861580,2019-01-06T04:00:26.355Z,19010604,XBTUSD,3792.5,112524,3793,185432,3792.75,3793
9861583,2019-01-06T04:00:26.392Z,19010604,XBTUSD,3792.5,112524,3793,188488,3792.75,3793
9861616,2019-01-06T04:00:26.561Z,19010604,XBTUSD,3792.5,112524,3793,184641,3792.75,3793
9861628,2019-01-06T04:00:26.863Z,19010604,XBTUSD,3792.5,117452,3793,187430,3792.75,3793
9861669,2019-01-06T04:00:27.614Z,19010604,XBTUSD,3792.5,98586,3793,176430,3792.75,3793
9861677,2019-01-06T04:00:28.354Z,19010604,XBTUSD,3792.5,98652,3793,175950,3792.75,3793
9861683,2019-01-06T04:00:28.874Z,19010604,XBTUSD,3792.5,97349,3793,145826,3792.75,3793
9861739,2019-01-06T04:00:29.278Z,19010604,XBTUSD,3792.5,97676,3793,140605,3792.75,3793
9861783,2019-01-06T04:00:30.685Z,19010604,XBTUSD,3792.5,95205,3793,137487,3792.75,3793
9861793,2019-01-06T04:00:31.024Z,19010604,XBTUSD,3792.5,93708,3793,129241,3792.75,3793
9861801,2019-01-06T04:00:31.918Z,19010604,XBTUSD,3792.5,95217,3793,129252,3792.75,3793
9861812,2019-01-06T04:00:32.100Z,19010604,XBTUSD,3792.5,85465,3793,130567,3792.75,3793
9861847,2019-01-06T04:00:33.366Z,19010604,XBTUSD,3792.5,106358,3793,118413,3792.75,3793
9861884,2019-01-06T04:00:34.545Z,19010604,XBTUSD,3792.5,115376,3793,118477,3792.75,3793
9861888,2019-01-06T04:00:35.462Z,19010604,XBTUSD,3792.5,115410,3793,118477,3792.75,3793
9861900,2019-01-06T04:00:36.679Z,19010604,XBTUSD,3792.5,126217,3793,118477,3792.75,3793
9861916,2019-01-06T04:00:37.271Z,19010604,XBTUSD,3792.5,162329,3793,118376,3792.75,3793
9861945,2019-01-06T04:00:38.904Z,19010604,XBTUSD,3792.5,163375,3793,118373,3792.75,3793
9861966,2019-01-06T04:00:39.153Z,19010604,XBTUSD,3792.5,155498,3793,218373,3792.75,3793
9861993,2019-01-06T04:00:41.003Z,19010604,XBTUSD,3792.5,151269,3793,217024,3792.75,3793
9862069,2019-01-06T04:00:42.412Z,19010604,XBTUSD,3792.5,179690,3793,217084,3792.75,3793
9862092,2019-01-06T04:00:44.535Z,19010604,XBTUSD,3792.5,159807,3793,218046,3792.75,3793
9861422,2019-01-06T04:00:23.141Z,19010604,XBTUSD,3793.5,69323,3794,424571,3793.75,3794
9861431,2019-01-06T04:00:23.299Z,19010604,XBTUSD,3793.5,70397,3794,443645,3793.75,3794
9861437,2019-01-06T04:00:23.687Z,19010604,XBTUSD,3793.5,67967,3794,459271,3793.75,3794
9861470,2019-01-06T04:00:24.313Z,19010604,XBTUSD,3792.5,51330,3793,4790,3792.75,3793
9861480,2019-01-06T04:00:24.340Z,19010604,XBTUSD,3792.5,53330,3793,26227,3792.75,3793
9861486,2019-01-06T04:00:24.352Z,19010604,XBTUSD,3792.5,54330,3793,69089,3792.75,3793
9861504,2019-01-06T04:00:24.531Z,19010604,XBTUSD,3792.5,69134,3793,159757,3792.75,3793
9861509,2019-01-06T04:00:24.639Z,19010604,XBTUSD,3792.5,62934,3793,189278,3792.75,3793
9861533,2019-01-06T04:00:24.861Z,19010604,XBTUSD,3792.5,51370,3793,195403,3792.75,3793
9861556,2019-01-06T04:00:25.783Z,19010604,XBTUSD,3792,71842,3793,211933,3792.5,3793
9861563,2019-01-06T04:00:25.868Z,19010604,XBTUSD,3792.5,70000,3793,222736,3792.75,3793
9861577,2019-01-06T04:00:26.335Z,19010604,XBTUSD,3792.5,103112,3793,194803,3792.75,3793
9861615,2019-01-06T04:00:26.520Z,19010604,XBTUSD,3792.5,112524,3793,181641,3792.75,3793
9861623,2019-01-06T04:00:26.779Z,19010604,XBTUSD,3792.5,112933,3793,187430,3792.75,3793
9861633,2019-01-06T04:00:27.287Z,19010604,XBTUSD,3792.5,103452,3793,187430,3792.75,3793
9861662,2019-01-06T04:00:27.404Z,19010604,XBTUSD,3792.5,103710,3793,195430,3792.75,3793
9861678,2019-01-06T04:00:28.405Z,19010604,XBTUSD,3792.5,98653,3793,175950,3792.75,3793
9861743,2019-01-06T04:00:29.338Z,19010604,XBTUSD,3792.5,98026,3793,140484,3792.75,3793
9861747,2019-01-06T04:00:29.630Z,19010604,XBTUSD,3792.5,98176,3793,138484,3792.75,3793
9861784,2019-01-06T04:00:30.692Z,19010604,XBTUSD,3792.5,95527,3793,137487,3792.75,3793
9861797,2019-01-06T04:00:31.738Z,19010604,XBTUSD,3792.5,93208,3793,129241,3792.75,3793
9861807,2019-01-06T04:00:31.998Z,19010604,XBTUSD,3792.5,81436,3793,132002,3792.75,3793
9861817,2019-01-06T04:00:32.378Z,19010604,XBTUSD,3792.5,79444,3793,117913,3792.75,3793
9861824,2019-01-06T04:00:32.787Z,19010604,XBTUSD,3792.5,87357,3793,118413,3792.75,3793
9861849,2019-01-06T04:00:33.538Z,19010604,XBTUSD,3792.5,105989,3793,118413,3792.75,3793
9861881,2019-01-06T04:00:34.279Z,19010604,XBTUSD,3792.5,130218,3793,118443,3792.75,3793
9861885,2019-01-06T04:00:34.836Z,19010604,XBTUSD,3792.5,115410,3793,118477,3792.75,3793
9861898,2019-01-06T04:00:36.246Z,19010604,XBTUSD,3792.5,116216,3793,118477,3792.75,3793
9861919,2019-01-06T04:00:37.363Z,19010604,XBTUSD,3792.5,162330,3793,118271,3792.75,3793
9861968,2019-01-06T04:00:39.389Z,19010604,XBTUSD,3792.5,147648,3793,218373,3792.75,3793
9862094,2019-01-06T04:00:44.618Z,19010604,XBTUSD,3792.5,163807,3793,213046,3792.75,3793
9862185,2019-01-06T04:00:48.464Z,19010604,XBTUSD,3792.5,178086,3793,206555,3792.75,3793
9862193,2019-01-06T04:00:48.637Z,19010604,XBTUSD,3792.5,178748,3793,219554,3792.75,3793
9862209,2019-01-06T04:00:49.456Z,19010604,XBTUSD,3792.5,173897,3793,242629,3792.75,3793
9861612,2019-01-06T04:00:26.438Z,19010604,XBTUSD,3792.5,112524,3793,181019,3792.75,3793
9861622,2019-01-06T04:00:26.763Z,19010604,XBTUSD,3792.5,112744,3793,187430,3792.75,3793
9861632,2019-01-06T04:00:27.120Z,19010604,XBTUSD,3792.5,103451,3793,187430,3792.75,3793
9861634,2019-01-06T04:00:27.307Z,19010604,XBTUSD,3792.5,103677,3793,187430,3792.75,3793
9861667,2019-01-06T04:00:27.507Z,19010604,XBTUSD,3792.5,103586,3793,174430,3792.75,3793
9861675,2019-01-06T04:00:28.194Z,19010604,XBTUSD,3792.5,98655,3793,175550,3792.75,3793
9861733,2019-01-06T04:00:29.065Z,19010604,XBTUSD,3792.5,97351,3793,145556,3792.75,3793
9861737,2019-01-06T04:00:29.273Z,19010604,XBTUSD,3792.5,97451,3793,140605,3792.75,3793
9861777,2019-01-06T04:00:30.649Z,19010604,XBTUSD,3792.5,98088,3793,137487,3792.75,3793
9861782,2019-01-06T04:00:30.678Z,19010604,XBTUSD,3792.5,95088,3793,137487,3792.75,3793
9861791,2019-01-06T04:00:30.748Z,19010604,XBTUSD,3792.5,95488,3793,129241,3792.75,3793
9861799,2019-01-06T04:00:31.840Z,19010604,XBTUSD,3792.5,93209,3793,129252,3792.75,3793
9861808,2019-01-06T04:00:32.001Z,19010604,XBTUSD,3792.5,81437,3793,132002,3792.75,3793
9861818,2019-01-06T04:00:32.451Z,19010604,XBTUSD,3792.5,79273,3793,117913,3792.75,3793
9861853,2019-01-06T04:00:33.990Z,19010604,XBTUSD,3792.5,124236,3793,118293,3792.75,3793
9861892,2019-01-06T04:00:35.924Z,19010604,XBTUSD,3792.5,116436,3793,118477,3792.75,3793
9861902,2019-01-06T04:00:36.904Z,19010604,XBTUSD,3792.5,147329,3793,118477,3792.75,3793
9861918,2019-01-06T04:00:37.334Z,19010604,XBTUSD,3792.5,162330,3793,118361,3792.75,3793
9861942,2019-01-06T04:00:38.108Z,19010604,XBTUSD,3792.5,162373,3793,118373,3792.75,3793
9861971,2019-01-06T04:00:39.527Z,19010604,XBTUSD,3792.5,151050,3793,218373,3792.75,3793
9862067,2019-01-06T04:00:42.312Z,19010604,XBTUSD,3792.5,179688,3793,217084,3792.75,3793
9862086,2019-01-06T04:00:44.013Z,19010604,XBTUSD,3792.5,182027,3793,216046,3792.75,3793
9862096,2019-01-06T04:00:44.696Z,19010604,XBTUSD,3792.5,163817,3793,211046,3792.75,3793
9862190,2019-01-06T04:00:48.603Z,19010604,XBTUSD,3792.5,178506,3793,219514,3792.75,3793
9862206,2019-01-06T04:00:49.334Z,19010604,XBTUSD,3792.5,171879,3793,241129,3792.75,3793
9862262,2019-01-06T04:00:50.579Z,19010604,XBTUSD,3792.5,161870,3793,242629,3792.75,3793
9862277,2019-01-06T04:00:51.307Z,19010604,XBTUSD,3792.5,169901,3793,242610,3792.75,3793
9862294,2019-01-06T04:00:52.953Z,19010604,XBTUSD,3792.5,170956,3793,152140,3792.75,3793
9862319,2019-01-06T04:00:53.855Z,19010604,XBTUSD,3792.5,198927,3793,152260,3792.75,3793
9862342,2019-01-06T04:00:54.709Z,19010604,XBTUSD,3792.5,202320,3793,150622,3792.75,3793
9862366,2019-01-06T04:00:55.976Z,19010604,XBTUSD,3792.5,202310,3793,162371,3792.75,3793
9861624,2019-01-06T04:00:26.798Z,19010604,XBTUSD,3792.5,114933,3793,187430,3792.75,3793
9861666,2019-01-06T04:00:27.480Z,19010604,XBTUSD,3792.5,103710,3793,174430,3792.75,3793
9861673,2019-01-06T04:00:27.921Z,19010604,XBTUSD,3792.5,98588,3793,175430,3792.75,3793
9861735,2019-01-06T04:00:29.110Z,19010604,XBTUSD,3792.5,97361,3793,145605,3792.75,3793
9861745,2019-01-06T04:00:29.419Z,19010604,XBTUSD,3792.5,98176,3793,138484,3792.75,3793
9861787,2019-01-06T04:00:30.723Z,19010604,XBTUSD,3792.5,95488,3793,135775,3792.75,3793
9861803,2019-01-06T04:00:31.942Z,19010604,XBTUSD,3792.5,80892,3793,129252,3792.75,3793
9861810,2019-01-06T04:00:32.033Z,19010604,XBTUSD,3792.5,81451,3793,131964,3792.75,3793
9861852,2019-01-06T04:00:33.846Z,19010604,XBTUSD,3792.5,116236,3793,118293,3792.75,3793
9861883,2019-01-06T04:00:34.386Z,19010604,XBTUSD,3792.5,130376,3793,118477,3792.75,3793
9861889,2019-01-06T04:00:35.465Z,19010604,XBTUSD,3792.5,115434,3793,118477,3792.75,3793
9861923,2019-01-06T04:00:37.642Z,19010604,XBTUSD,3792.5,162371,3793,118181,3792.75,3793
9861969,2019-01-06T04:00:39.504Z,19010604,XBTUSD,3792.5,147649,3793,218373,3792.75,3793
9861989,2019-01-06T04:00:40.276Z,19010604,XBTUSD,3792.5,151266,3793,216994,3792.75,3793
9862070,2019-01-06T04:00:42.416Z,19010604,XBTUSD,3792.5,179690,3793,217046,3792.75,3793
9862091,2019-01-06T04:00:44.164Z,19010604,XBTUSD,3792.5,159807,3793,216046,3792.75,3793
9862188,2019-01-06T04:00:48.500Z,19010604,XBTUSD,3792.5,178086,3793,219514,3792.75,3793
9862192,2019-01-06T04:00:48.631Z,19010604,XBTUSD,3792.5,178606,3793,219554,3792.75,3793
9862210,2019-01-06T04:00:49.487Z,19010604,XBTUSD,3792.5,169897,3793,242629,3792.75,3793
9862278,2019-01-06T04:00:51.309Z,19010604,XBTUSD,3792.5,169902,3793,242610,3792.75,3793
9862282,2019-01-06T04:00:51.817Z,19010604,XBTUSD,3792.5,170952,3793,242110,3792.75,3793
9862293,2019-01-06T04:00:52.710Z,19010604,XBTUSD,3792.5,170956,3793,242140,3792.75,3793
9862302,2019-01-06T04:00:53.028Z,19010604,XBTUSD,3792.5,190934,3793,152150,3792.75,3793
9862314,2019-01-06T04:00:53.277Z,19010604,XBTUSD,3792.5,198948,3793,152150,3792.75,3793
9862341,2019-01-06T04:00:54.616Z,19010604,XBTUSD,3792.5,202320,3793,150642,3792.75,3793
9862364,2019-01-06T04:00:55.973Z,19010604,XBTUSD,3792.5,202310,3793,157375,3792.75,3793
9862391,2019-01-06T04:00:57.806Z,19010604,XBTUSD,3792.5,204953,3793,163929,3792.75,3793
9862400,2019-01-06T04:00:58.448Z,19010604,XBTUSD,3792.5,204290,3793,163931,3792.75,3793
9862415,2019-01-06T04:00:59.793Z,19010604,XBTUSD,3792.5,227318,3793,163957,3792.75,3793
9862425,2019-01-06T04:00:59.988Z,19010604,XBTUSD,3792.5,227348,3793,144632,3792.75,3793
9862443,2019-01-06T04:01:00.500Z,19010604,XBTUSD,3792.5,250142,3793,142769,3792.75,3793
9862466,2019-01-06T04:01:01.699Z,19010604,XBTUSD,3792.5,252107,3793,225445,3792.75,3793
9861663,2019-01-06T04:00:27.411Z,19010604,XBTUSD,3792.5,103710,3793,187430,3792.75,3793
9861680,2019-01-06T04:00:28.545Z,19010604,XBTUSD,3792.5,98654,3793,165950,3792.75,3793
9861731,2019-01-06T04:00:29.009Z,19010604,XBTUSD,3792.5,97351,3793,145826,3792.75,3793
9861736,2019-01-06T04:00:29.130Z,19010604,XBTUSD,3792.5,97361,3793,140605,3792.75,3793
9861746,2019-01-06T04:00:29.428Z,19010604,XBTUSD,3792.5,98176,3793,140484,3792.75,3793
9861790,2019-01-06T04:00:30.746Z,19010604,XBTUSD,3792.5,95488,3793,130727,3792.75,3793
9861805,2019-01-06T04:00:31.980Z,19010604,XBTUSD,3792.5,81435,3793,129002,3792.75,3793
9861816,2019-01-06T04:00:32.128Z,19010604,XBTUSD,3792.5,85465,3793,117913,3792.75,3793
9861823,2019-01-06T04:00:32.634Z,19010604,XBTUSD,3792.5,79480,3793,118413,3792.75,3793
9861848,2019-01-06T04:00:33.513Z,19010604,XBTUSD,3792.5,105988,3793,118413,3792.75,3793
9861880,2019-01-06T04:00:34.186Z,19010604,XBTUSD,3792.5,123986,3793,118443,3792.75,3793
9861893,2019-01-06T04:00:36.004Z,19010604,XBTUSD,3792.5,116236,3793,118477,3792.75,3793
9861901,2019-01-06T04:00:36.807Z,19010604,XBTUSD,3792.5,147328,3793,118477,3792.75,3793
9861915,2019-01-06T04:00:37.228Z,19010604,XBTUSD,3792.5,162329,3793,118401,3792.75,3793
9861926,2019-01-06T04:00:37.989Z,19010604,XBTUSD,3792.5,162371,3793,118373,3792.75,3793
9861944,2019-01-06T04:00:38.902Z,19010604,XBTUSD,3792.5,163374,3793,118373,3792.75,3793
9861992,2019-01-06T04:00:40.920Z,19010604,XBTUSD,3792.5,151268,3793,217024,3792.75,3793
9862020,2019-01-06T04:00:41.498Z,19010604,XBTUSD,3792.5,147478,3793,217024,3792.75,3793
9862098,2019-01-06T04:00:44.709Z,19010604,XBTUSD,3792.5,163819,3793,211046,3792.75,3793
9862102,2019-01-06T04:00:44.827Z,19010604,XBTUSD,3792.5,178086,3793,206560,3792.75,3793
9862184,2019-01-06T04:00:48.334Z,19010604,XBTUSD,3792.5,178086,3793,206560,3792.75,3793
9862203,2019-01-06T04:00:48.878Z,19010604,XBTUSD,3792.5,171879,3793,226129,3792.75,3793
9862263,2019-01-06T04:00:50.699Z,19010604,XBTUSD,3792.5,161871,3793,242629,3792.75,3793
9862292,2019-01-06T04:00:52.708Z,19010604,XBTUSD,3792.5,170955,3793,242140,3792.75,3793
9862337,2019-01-06T04:00:54.154Z,19010604,XBTUSD,3792.5,197320,3793,152274,3792.75,3793
9862360,2019-01-06T04:00:55.966Z,19010604,XBTUSD,3792.5,202310,3793,155642,3792.75,3793
9862365,2019-01-06T04:00:55.975Z,19010604,XBTUSD,3792.5,202310,3793,157782,3792.75,3793
9862387,2019-01-06T04:00:57.212Z,19010604,XBTUSD,3792.5,209953,3793,163887,3792.75,3793
9862399,2019-01-06T04:00:58.203Z,19010604,XBTUSD,3792.5,204290,3793,163930,3792.75,3793
9862418,2019-01-06T04:00:59.908Z,19010604,XBTUSD,3792.5,227348,3793,161089,3792.75,3793
9862422,2019-01-06T04:00:59.985Z,19010604,XBTUSD,3792.5,227348,3793,149857,3792.75,3793
9862445,2019-01-06T04:01:00.511Z,19010604,XBTUSD,3792.5,250142,3793,142771,3792.75,3793
9861821,2019-01-06T04:00:32.514Z,19010604,XBTUSD,3792.5,79475,3793,117913,3792.75,3793
9861854,2019-01-06T04:00:34.081Z,19010604,XBTUSD,3792.5,123986,3793,118293,3792.75,3793
9861914,2019-01-06T04:00:37.225Z,19010604,XBTUSD,3792.5,162329,3793,118439,3792.75,3793
9861924,2019-01-06T04:00:37.751Z,19010604,XBTUSD,3792.5,162371,3793,118021,3792.75,3793
9861967,2019-01-06T04:00:39.160Z,19010604,XBTUSD,3792.5,155704,3793,218373,3792.75,3793
9862023,2019-01-06T04:00:41.642Z,19010604,XBTUSD,3792.5,147680,3793,217024,3792.75,3793
9862085,2019-01-06T04:00:43.207Z,19010604,XBTUSD,3792.5,180027,3793,216046,3792.75,3793
9862093,2019-01-06T04:00:44.586Z,19010604,XBTUSD,3792.5,159807,3793,213046,3792.75,3793
9862101,2019-01-06T04:00:44.762Z,19010604,XBTUSD,3792.5,174086,3793,206560,3792.75,3793
9862187,2019-01-06T04:00:48.477Z,19010604,XBTUSD,3792.5,178086,3793,219517,3792.75,3793
9862205,2019-01-06T04:00:49.284Z,19010604,XBTUSD,3792.5,171557,3793,241129,3792.75,3793
9862215,2019-01-06T04:00:49.748Z,19010604,XBTUSD,3792.5,162920,3793,242629,3792.75,3793
9862265,2019-01-06T04:00:50.888Z,19010604,XBTUSD,3792.5,161872,3793,242659,3792.75,3793
9862300,2019-01-06T04:00:53.013Z,19010604,XBTUSD,3792.5,190932,3793,152150,3792.75,3793
9862317,2019-01-06T04:00:53.431Z,19010604,XBTUSD,3792.5,192927,3793,152227,3792.75,3793
9862322,2019-01-06T04:00:53.951Z,19010604,XBTUSD,3792.5,196920,3793,152262,3792.75,3793
9862363,2019-01-06T04:00:55.971Z,19010604,XBTUSD,3792.5,202310,3793,157185,3792.75,3793
9862372,2019-01-06T04:00:56.100Z,19010604,XBTUSD,3792.5,210338,3793,163944,3792.75,3793
9862389,2019-01-06T04:00:57.304Z,19010604,XBTUSD,3792.5,204953,3793,163888,3792.75,3793
9862413,2019-01-06T04:00:59.604Z,19010604,XBTUSD,3792.5,227318,3793,163927,3792.75,3793
9862424,2019-01-06T04:00:59.987Z,19010604,XBTUSD,3792.5,227348,3793,149221,3792.75,3793
9862451,2019-01-06T04:01:00.879Z,19010604,XBTUSD,3792.5,270797,3793,225393,3792.75,3793
9862468,2019-01-06T04:01:01.777Z,19010604,XBTUSD,3792.5,251410,3793,225493,3792.75,3793
9862496,2019-01-06T04:01:02.598Z,19010604,XBTUSD,3792.5,237361,3793,233181,3792.75,3793
9862510,2019-01-06T04:01:02.963Z,19010604,XBTUSD,3792.5,236884,3793,238769,3792.75,3793
9862523,2019-01-06T04:01:03.609Z,19010604,XBTUSD,3792.5,232398,3793,238771,3792.75,3793
9862587,2019-01-06T04:01:04.604Z,19010604,XBTUSD,3792.5,208912,3793,238774,3792.75,3793
9862600,2019-01-06T04:01:05.606Z,19010604,XBTUSD,3792.5,266986,3793,238740,3792.75,3793
9862648,2019-01-06T04:01:08.523Z,19010604,XBTUSD,3792.5,338331,3793,238707,3792.75,3793
9861846,2019-01-06T04:00:33.226Z,19010604,XBTUSD,3792.5,106357,3793,118413,3792.75,3793
9861890,2019-01-06T04:00:35.631Z,19010604,XBTUSD,3792.5,115435,3793,118477,3792.75,3793
9861922,2019-01-06T04:00:37.531Z,19010604,XBTUSD,3792.5,162351,3793,118181,3792.75,3793
9861973,2019-01-06T04:00:39.613Z,19010604,XBTUSD,3792.5,151266,3793,218373,3792.75,3793
9861990,2019-01-06T04:00:40.494Z,19010604,XBTUSD,3792.5,151267,3793,216994,3792.75,3793
9862022,2019-01-06T04:00:41.610Z,19010604,XBTUSD,3792.5,147480,3793,217024,3792.75,3793
9862095,2019-01-06T04:00:44.623Z,19010604,XBTUSD,3792.5,163817,3793,213046,3792.75,3793
9862103,2019-01-06T04:00:45.004Z,19010604,XBTUSD,3792.5,178086,3793,208560,3792.75,3793
9862186,2019-01-06T04:00:48.476Z,19010604,XBTUSD,3792.5,178086,3793,219555,3792.75,3793
9862208,2019-01-06T04:00:49.408Z,19010604,XBTUSD,3792.5,173897,3793,241129,3792.75,3793
9862214,2019-01-06T04:00:49.681Z,19010604,XBTUSD,3792.5,165920,3793,242629,3792.75,3793
9862266,2019-01-06T04:00:50.910Z,19010604,XBTUSD,3792.5,161872,3793,242610,3792.75,3793
9862284,2019-01-06T04:00:51.912Z,19010604,XBTUSD,3792.5,170954,3793,242110,3792.75,3793
9862298,2019-01-06T04:00:53.007Z,19010604,XBTUSD,3792.5,190970,3793,152140,3792.75,3793
9862304,2019-01-06T04:00:53.086Z,19010604,XBTUSD,3792.5,198823,3793,152150,3792.75,3793
9862323,2019-01-06T04:00:54.004Z,19010604,XBTUSD,3792.5,196920,3793,152274,3792.75,3793
9862343,2019-01-06T04:00:54.714Z,19010604,XBTUSD,3792.5,202320,3793,150623,3792.75,3793
9862359,2019-01-06T04:00:55.932Z,19010604,XBTUSD,3792.5,202310,3793,155623,3792.75,3793
9862368,2019-01-06T04:00:55.982Z,19010604,XBTUSD,3792.5,202310,3793,163344,3792.75,3793
9862375,2019-01-06T04:00:56.695Z,19010604,XBTUSD,3792.5,210338,3793,163885,3792.75,3793
9862386,2019-01-06T04:00:57.204Z,19010604,XBTUSD,3792.5,209370,3793,163887,3792.75,3793
9862403,2019-01-06T04:00:58.996Z,19010604,XBTUSD,3792.5,227290,3793,163962,3792.75,3793
9862411,2019-01-06T04:00:59.434Z,19010604,XBTUSD,3792.5,227290,3793,163926,3792.75,3793
9862420,2019-01-06T04:00:59.922Z,19010604,XBTUSD,3792.5,227348,3793,151089,3792.75,3793
9862431,2019-01-06T04:00:59.996Z,19010604,XBTUSD,3792.5,227348,3793,142769,3792.75,3793
9862447,2019-01-06T04:01:00.563Z,19010604,XBTUSD,3792.5,250142,3793,225391,3792.75,3793
9862469,2019-01-06T04:01:01.959Z,19010604,XBTUSD,3792.5,245410,3793,225493,3792.75,3793
9862498,2019-01-06T04:01:02.604Z,19010604,XBTUSD,3792.5,237361,3793,233780,3792.75,3793
9862508,2019-01-06T04:01:02.706Z,19010604,XBTUSD,3792.5,237361,3793,238769,3792.75,3793
9862527,2019-01-06T04:01:03.884Z,19010604,XBTUSD,3792.5,209658,3793,238773,3792.75,3793
9862592,2019-01-06T04:01:05.080Z,19010604,XBTUSD,3792.5,259152,3793,238737,3792.75,3793
9862599,2019-01-06T04:01:05.431Z,19010604,XBTUSD,3792.5,266986,3793,238739,3792.75,3793
9862021,2019-01-06T04:00:41.607Z,19010604,XBTUSD,3792.5,147479,3793,217024,3792.75,3793
9862068,2019-01-06T04:00:42.409Z,19010604,XBTUSD,3792.5,179689,3793,217084,3792.75,3793
9862084,2019-01-06T04:00:43.204Z,19010604,XBTUSD,3792.5,180026,3793,216046,3792.75,3793
9862090,2019-01-06T04:00:44.108Z,19010604,XBTUSD,3792.5,182029,3793,216046,3792.75,3793
9862189,2019-01-06T04:00:48.545Z,19010604,XBTUSD,3792.5,178364,3793,219514,3792.75,3793
9862195,2019-01-06T04:00:48.688Z,19010604,XBTUSD,3792.5,178748,3793,226129,3792.75,3793
9862207,2019-01-06T04:00:49.365Z,19010604,XBTUSD,3792.5,171897,3793,241129,3792.75,3793
9862280,2019-01-06T04:00:51.745Z,19010604,XBTUSD,3792.5,167952,3793,242610,3792.75,3793
9862295,2019-01-06T04:00:52.997Z,19010604,XBTUSD,3792.5,170919,3793,152140,3792.75,3793
9862340,2019-01-06T04:00:54.613Z,19010604,XBTUSD,3792.5,197320,3793,150642,3792.75,3793
9862371,2019-01-06T04:00:56.081Z,19010604,XBTUSD,3792.5,202310,3793,163944,3792.75,3793
9862373,2019-01-06T04:00:56.109Z,19010604,XBTUSD,3792.5,210338,3793,163924,3792.75,3793
9862393,2019-01-06T04:00:57.822Z,19010604,XBTUSD,3792.5,201953,3793,163930,3792.75,3793
9862402,2019-01-06T04:00:58.785Z,19010604,XBTUSD,3792.5,204290,3793,163962,3792.75,3793
9862412,2019-01-06T04:00:59.525Z,19010604,XBTUSD,3792.5,227318,3793,163926,3792.75,3793
9862428,2019-01-06T04:00:59.991Z,19010604,XBTUSD,3792.5,227348,3793,143847,3792.75,3793
9862432,2019-01-06T04:01:00.019Z,19010604,XBTUSD,3792.5,250113,3793,142769,3792.75,3793
9862444,2019-01-06T04:01:00.509Z,19010604,XBTUSD,3792.5,250142,3793,142770,3792.75,3793
9862463,2019-01-06T04:01:01.410Z,19010604,XBTUSD,3792.5,268582,3793,225395,3792.75,3793
9862471,2019-01-06T04:01:02.011Z,19010604,XBTUSD,3792.5,245410,3793,225495,3792.75,3793
9862491,2019-01-06T04:01:02.469Z,19010604,XBTUSD,3792.5,245239,3793,227495,3792.75,3793
9862494,2019-01-06T04:01:02.594Z,19010604,XBTUSD,3792.5,237361,3793,232514,3792.75,3793
9862504,2019-01-06T04:01:02.614Z,19010604,XBTUSD,3792.5,237361,3793,239603,3792.75,3793
9862521,2019-01-06T04:01:03.204Z,19010604,XBTUSD,3792.5,233702,3793,238771,3792.75,3793
9862597,2019-01-06T04:01:05.239Z,19010604,XBTUSD,3792.5,259152,3793,238739,3792.75,3793
9862627,2019-01-06T04:01:06.908Z,19010604,XBTUSD,3792.5,267026,3793,238702,3792.75,3793
9862640,2019-01-06T04:01:07.925Z,19010604,XBTUSD,3792.5,338076,3793,238703,3792.75,3793
9862649,2019-01-06T04:01:08.671Z,19010604,XBTUSD,3792.5,338341,3793,238707,3792.75,3793
9862071,2019-01-06T04:00:42.426Z,19010604,XBTUSD,3792.5,180025,3793,217046,3792.75,3793
9862083,2019-01-06T04:00:43.117Z,19010604,XBTUSD,3792.5,180025,3793,216046,3792.75,3793
9862089,2019-01-06T04:00:44.103Z,19010604,XBTUSD,3792.5,182028,3793,216046,3792.75,3793
9862099,2019-01-06T04:00:44.718Z,19010604,XBTUSD,3792.5,163819,3793,206560,3792.75,3793
9862201,2019-01-06T04:00:48.721Z,19010604,XBTUSD,3792.5,178879,3793,226129,3792.75,3793
9862211,2019-01-06T04:00:49.520Z,19010604,XBTUSD,3792.5,159897,3793,242629,3792.75,3793
9862213,2019-01-06T04:00:49.659Z,19010604,XBTUSD,3792.5,165919,3793,242629,3792.75,3793
9862264,2019-01-06T04:00:50.725Z,19010604,XBTUSD,3792.5,161872,3793,242629,3792.75,3793
9862283,2019-01-06T04:00:51.906Z,19010604,XBTUSD,3792.5,170953,3793,242110,3792.75,3793
9862299,2019-01-06T04:00:53.010Z,19010604,XBTUSD,3792.5,190932,3793,152140,3792.75,3793
9862303,2019-01-06T04:00:53.055Z,19010604,XBTUSD,3792.5,190945,3793,152150,3792.75,3793
9862316,2019-01-06T04:00:53.307Z,19010604,XBTUSD,3792.5,198948,3793,152227,3792.75,3793
9862320,2019-01-06T04:00:53.902Z,19010604,XBTUSD,3792.5,198927,3793,152261,3792.75,3793
9862361,2019-01-06T04:00:55.968Z,19010604,XBTUSD,3792.5,202310,3793,155830,3792.75,3793
9862369,2019-01-06T04:00:55.984Z,19010604,XBTUSD,3792.5,202310,3793,163714,3792.75,3793
9862388,2019-01-06T04:00:57.224Z,19010604,XBTUSD,3792.5,204953,3793,163887,3792.75,3793
9862401,2019-01-06T04:00:58.451Z,19010604,XBTUSD,3792.5,204290,3793,163932,3792.75,3793
9862414,2019-01-06T04:00:59.678Z,19010604,XBTUSD,3792.5,227318,3793,163928,3792.75,3793
9862421,2019-01-06T04:00:59.983Z,19010604,XBTUSD,3792.5,227348,3793,151070,3792.75,3793
9862430,2019-01-06T04:00:59.993Z,19010604,XBTUSD,3792.5,227348,3793,143139,3792.75,3793
9862452,2019-01-06T04:01:00.886Z,19010604,XBTUSD,3792.5,266667,3793,225393,3792.75,3793
9862467,2019-01-06T04:01:01.753Z,19010604,XBTUSD,3792.5,251410,3793,225445,3792.75,3793
9862499,2019-01-06T04:01:02.605Z,19010604,XBTUSD,3792.5,237361,3793,234187,3792.75,3793
9862505,2019-01-06T04:01:02.615Z,19010604,XBTUSD,3792.5,237361,3793,240816,3792.75,3793
9862522,2019-01-06T04:01:03.215Z,19010604,XBTUSD,3792.5,233696,3793,238771,3792.75,3793
9862586,2019-01-06T04:01:04.550Z,19010604,XBTUSD,3792.5,208912,3793,238773,3792.75,3793
9862596,2019-01-06T04:01:05.228Z,19010604,XBTUSD,3792.5,259152,3793,238738,3792.75,3793
9862628,2019-01-06T04:01:06.912Z,19010604,XBTUSD,3792.5,267026,3793,238703,3792.75,3793
9862684,2019-01-06T04:01:09.590Z,19010604,XBTUSD,3792.5,342216,3793,238688,3792.75,3793
9862689,2019-01-06T04:01:09.975Z,19010604,XBTUSD,3792.5,345987,3793,237988,3792.75,3793
9862704,2019-01-06T04:01:10.082Z,19010604,XBTUSD,3792.5,345831,3793,242331,3792.75,3793
9862191,2019-01-06T04:00:48.612Z,19010604,XBTUSD,3792.5,178506,3793,219554,3792.75,3793
9862204,2019-01-06T04:00:49.124Z,19010604,XBTUSD,3792.5,171879,3793,241129,3792.75,3793
9862276,2019-01-06T04:00:51.270Z,19010604,XBTUSD,3792.5,169900,3793,242610,3792.75,3793
9862297,2019-01-06T04:00:53.004Z,19010604,XBTUSD,3792.5,180999,3793,152140,3792.75,3793
9862301,2019-01-06T04:00:53.026Z,19010604,XBTUSD,3792.5,190944,3793,152150,3792.75,3793
9862315,2019-01-06T04:00:53.304Z,19010604,XBTUSD,3792.5,198948,3793,152188,3792.75,3793
9862362,2019-01-06T04:00:55.970Z,19010604,XBTUSD,3792.5,202310,3793,155972,3792.75,3793
9862390,2019-01-06T04:00:57.734Z,19010604,XBTUSD,3792.5,204953,3793,163928,3792.75,3793
9862417,2019-01-06T04:00:59.863Z,19010604,XBTUSD,3792.5,227328,3793,161089,3792.75,3793
9862426,2019-01-06T04:00:59.989Z,19010604,XBTUSD,3792.5,227348,3793,144225,3792.75,3793
9862450,2019-01-06T04:01:00.855Z,19010604,XBTUSD,3792.5,270797,3793,225392,3792.75,3793
9862464,2019-01-06T04:01:01.585Z,19010604,XBTUSD,3792.5,268632,3793,225445,3792.75,3793
9862495,2019-01-06T04:01:02.596Z,19010604,XBTUSD,3792.5,237361,3793,232993,3792.75,3793
9862507,2019-01-06T04:01:02.668Z,19010604,XBTUSD,3792.5,237361,3793,238817,3792.75,3793
9862526,2019-01-06T04:01:03.815Z,19010604,XBTUSD,3792.5,232423,3793,238773,3792.75,3793
9862598,2019-01-06T04:01:05.296Z,19010604,XBTUSD,3792.5,267029,3793,238739,3792.75,3793
9862642,2019-01-06T04:01:08.003Z,19010604,XBTUSD,3792.5,338476,3793,238704,3792.75,3793
9862645,2019-01-06T04:01:08.212Z,19010604,XBTUSD,3792.5,338236,3793,238705,3792.75,3793
9862679,2019-01-06T04:01:09.349Z,19010604,XBTUSD,3792.5,348237,3793,238707,3792.75,3793
9862690,2019-01-06T04:01:10.006Z,19010604,XBTUSD,3792.5,345837,3793,242388,3792.75,3793
9862835,2019-01-06T04:01:11.626Z,19010604,XBTUSD,3792.5,341835,3793,242456,3792.75,3793
9862854,2019-01-06T04:01:12.807Z,19010604,XBTUSD,3792.5,334840,3793,243186,3792.75,3793
9862883,2019-01-06T04:01:13.256Z,19010604,XBTUSD,3792.5,334939,3793,243247,3792.75,3793
9862896,2019-01-06T04:01:13.980Z,19010604,XBTUSD,3792.5,398001,3793,243249,3792.75,3793
9862958,2019-01-06T04:01:14.390Z,19010604,XBTUSD,3792.5,356001,3793,243251,3792.75,3793
9862961,2019-01-06T04:01:14.511Z,19010604,XBTUSD,3792.5,351501,3793,243253,3792.75,3793
9862194,2019-01-06T04:00:48.665Z,19010604,XBTUSD,3792.5,178748,3793,219529,3792.75,3793
9862202,2019-01-06T04:00:48.733Z,19010604,XBTUSD,3792.5,181879,3793,226129,3792.75,3793
9862212,2019-01-06T04:00:49.656Z,19010604,XBTUSD,3792.5,165918,3793,242629,3792.75,3793
9862261,2019-01-06T04:00:50.287Z,19010604,XBTUSD,3792.5,161920,3793,242629,3792.75,3793
9862279,2019-01-06T04:00:51.414Z,19010604,XBTUSD,3792.5,169952,3793,242610,3792.75,3793
9862291,2019-01-06T04:00:52.663Z,19010604,XBTUSD,3792.5,170954,3793,242140,3792.75,3793
9862321,2019-01-06T04:00:53.905Z,19010604,XBTUSD,3792.5,198927,3793,152262,3792.75,3793
9862339,2019-01-06T04:00:54.243Z,19010604,XBTUSD,3792.5,197320,3793,152142,3792.75,3793
9862370,2019-01-06T04:00:55.990Z,19010604,XBTUSD,3792.5,202310,3793,163943,3792.75,3793
9862376,2019-01-06T04:00:56.724Z,19010604,XBTUSD,3792.5,210338,3793,163886,3792.75,3793
9862385,2019-01-06T04:00:57.163Z,19010604,XBTUSD,3792.5,209370,3793,163886,3792.75,3793
9862410,2019-01-06T04:00:59.124Z,19010604,XBTUSD,3792.5,227290,3793,163964,3792.75,3793
9862427,2019-01-06T04:00:59.990Z,19010604,XBTUSD,3792.5,227348,3793,144035,3792.75,3793
9862448,2019-01-06T04:01:00.585Z,19010604,XBTUSD,3792.5,264597,3793,225391,3792.75,3793
9862460,2019-01-06T04:01:01.168Z,19010604,XBTUSD,3792.5,268732,3793,225393,3792.75,3793
9862493,2019-01-06T04:01:02.584Z,19010604,XBTUSD,3792.5,237361,3793,232495,3792.75,3793
9862503,2019-01-06T04:01:02.612Z,19010604,XBTUSD,3792.5,237361,3793,239413,3792.75,3793
9862511,2019-01-06T04:01:03.011Z,19010604,XBTUSD,3792.5,235024,3793,238769,3792.75,3793
9862524,2019-01-06T04:01:03.708Z,19010604,XBTUSD,3792.5,232398,3793,238772,3792.75,3793
9862588,2019-01-06T04:01:04.606Z,19010604,XBTUSD,3792.5,208912,3793,238775,3792.75,3793
9862685,2019-01-06T04:01:09.777Z,19010604,XBTUSD,3792.5,342216,3793,238988,3792.75,3793
9862688,2019-01-06T04:01:09.920Z,19010604,XBTUSD,3792.5,345987,3793,238988,3792.75,3793
9862839,2019-01-06T04:01:11.743Z,19010604,XBTUSD,3792.5,348932,3793,243065,3792.75,3793
9862848,2019-01-06T04:01:12.210Z,19010604,XBTUSD,3792.5,348890,3793,243007,3792.75,3793
9862888,2019-01-06T04:01:13.758Z,19010604,XBTUSD,3792.5,356001,3793,243249,3792.75,3793
9862281,2019-01-06T04:00:51.785Z,19010604,XBTUSD,3792.5,170952,3793,242610,3792.75,3793
9862296,2019-01-06T04:00:53.001Z,19010604,XBTUSD,3792.5,171028,3793,152140,3792.75,3793
9862318,2019-01-06T04:00:53.457Z,19010604,XBTUSD,3792.5,198927,3793,152227,3792.75,3793
9862338,2019-01-06T04:00:54.160Z,19010604,XBTUSD,3792.5,197320,3793,152180,3792.75,3793
9862358,2019-01-06T04:00:55.734Z,19010604,XBTUSD,3792.5,202320,3793,155623,3792.75,3793
9862367,2019-01-06T04:00:55.981Z,19010604,XBTUSD,3792.5,202310,3793,162865,3792.75,3793
9862377,2019-01-06T04:00:57.080Z,19010604,XBTUSD,3792.5,210370,3793,163886,3792.75,3793
9862392,2019-01-06T04:00:57.808Z,19010604,XBTUSD,3792.5,204953,3793,163930,3792.75,3793
9862409,2019-01-06T04:00:59.117Z,19010604,XBTUSD,3792.5,227290,3793,163963,3792.75,3793
9862419,2019-01-06T04:00:59.914Z,19010604,XBTUSD,3792.5,227348,3793,156089,3792.75,3793
9862429,2019-01-06T04:00:59.992Z,19010604,XBTUSD,3792.5,227348,3793,143368,3792.75,3793
9862446,2019-01-06T04:01:00.532Z,19010604,XBTUSD,3792.5,250142,3793,142650,3792.75,3793
9862462,2019-01-06T04:01:01.407Z,19010604,XBTUSD,3792.5,268582,3793,225394,3792.75,3793
9862470,2019-01-06T04:01:02.003Z,19010604,XBTUSD,3792.5,245410,3793,225494,3792.75,3793
9862501,2019-01-06T04:01:02.608Z,19010604,XBTUSD,3792.5,237361,3793,238777,3792.75,3793
9862512,2019-01-06T04:01:03.055Z,19010604,XBTUSD,3792.5,235021,3793,238769,3792.75,3793
9862520,2019-01-06T04:01:03.151Z,19010604,XBTUSD,3792.5,233702,3793,238770,3792.75,3793
9862589,2019-01-06T04:01:04.629Z,19010604,XBTUSD,3792.5,208912,3793,238737,3792.75,3793
9862602,2019-01-06T04:01:05.817Z,19010604,XBTUSD,3792.5,266986,3793,238701,3792.75,3793
9862625,2019-01-06T04:01:06.755Z,19010604,XBTUSD,3792.5,266986,3793,238701,3792.75,3793
9862650,2019-01-06T04:01:08.782Z,19010604,XBTUSD,3792.5,338237,3793,238707,3792.75,3793
9862683,2019-01-06T04:01:09.410Z,19010604,XBTUSD,3792.5,348237,3793,238688,3792.75,3793
9862692,2019-01-06T04:01:10.016Z,19010604,XBTUSD,3792.5,345837,3793,242369,3792.75,3793
9862831,2019-01-06T04:01:11.255Z,19010604,XBTUSD,3792.5,345825,3793,242454,3792.75,3793
9862849,2019-01-06T04:01:12.334Z,19010604,XBTUSD,3792.5,348840,3793,243007,3792.75,3793
9862885,2019-01-06T04:01:13.367Z,19010604,XBTUSD,3792.5,352001,3793,243247,3792.75,3793
9862895,2019-01-06T04:01:13.976Z,19010604,XBTUSD,3792.5,393001,3793,243249,3792.75,3793
9862960,2019-01-06T04:01:14.508Z,19010604,XBTUSD,3792.5,351501,3793,243252,3792.75,3793
9862970,2019-01-06T04:01:14.857Z,19010604,XBTUSD,3792.5,351501,3793,240776,3792.75,3793
9862992,2019-01-06T04:01:15.524Z,19010604,XBTUSD,3792.5,349460,3793,240211,3792.75,3793
9863036,2019-01-06T04:01:16.244Z,19010604,XBTUSD,3792.5,346092,3793,234048,3792.75,3793
9863047,2019-01-06T04:01:16.360Z,19010604,XBTUSD,3792.5,314582,3793,234047,3792.75,3793
9863052,2019-01-06T04:01:16.744Z,19010604,XBTUSD,3792.5,320795,3793,234049,3792.75,3793
9862374,2019-01-06T04:00:56.665Z,19010604,XBTUSD,3792.5,210338,3793,163925,3792.75,3793
9862416,2019-01-06T04:00:59.838Z,19010604,XBTUSD,3792.5,227318,3793,161089,3792.75,3793
9862423,2019-01-06T04:00:59.986Z,19010604,XBTUSD,3792.5,227348,3793,149715,3792.75,3793
9862449,2019-01-06T04:01:00.590Z,19010604,XBTUSD,3792.5,270797,3793,225391,3792.75,3793
9862465,2019-01-06T04:01:01.696Z,19010604,XBTUSD,3792.5,262432,3793,225445,3792.75,3793
9862490,2019-01-06T04:01:02.385Z,19010604,XBTUSD,3792.5,245410,3793,227495,3792.75,3793
9862497,2019-01-06T04:01:02.602Z,19010604,XBTUSD,3792.5,237361,3793,233410,3792.75,3793
9862509,2019-01-06T04:01:02.820Z,19010604,XBTUSD,3792.5,239221,3793,238769,3792.75,3793
9862525,2019-01-06T04:01:03.805Z,19010604,XBTUSD,3792.5,232398,3793,238773,3792.75,3793
9862624,2019-01-06T04:01:06.707Z,19010604,XBTUSD,3792.5,266664,3793,238701,3792.75,3793
9862641,2019-01-06T04:01:07.957Z,19010604,XBTUSD,3792.5,338476,3793,238703,3792.75,3793
9862646,2019-01-06T04:01:08.460Z,19010604,XBTUSD,3792.5,338331,3793,238705,3792.75,3793
9862682,2019-01-06T04:01:09.404Z,19010604,XBTUSD,3792.5,348237,3793,238708,3792.75,3793
9862706,2019-01-06T04:01:10.635Z,19010604,XBTUSD,3792.5,345831,3793,242453,3792.75,3793
9862836,2019-01-06T04:01:11.634Z,19010604,XBTUSD,3792.5,352946,3793,242456,3792.75,3793
9862852,2019-01-06T04:01:12.767Z,19010604,XBTUSD,3792.5,338840,3793,243185,3792.75,3793
9862886,2019-01-06T04:01:13.406Z,19010604,XBTUSD,3792.5,352001,3793,243248,3792.75,3793
9862893,2019-01-06T04:01:13.967Z,19010604,XBTUSD,3792.5,379001,3793,243249,3792.75,3793
9862955,2019-01-06T04:01:14.249Z,19010604,XBTUSD,3792.5,378001,3793,243251,3792.75,3793
9862964,2019-01-06T04:01:14.558Z,19010604,XBTUSD,3792.5,378301,3793,239783,3792.75,3793
9862988,2019-01-06T04:01:15.447Z,19010604,XBTUSD,3792.5,349494,3793,235780,3792.75,3793
9863002,2019-01-06T04:01:15.841Z,19010604,XBTUSD,3792.5,336460,3793,240212,3792.75,3793
9863038,2019-01-06T04:01:16.255Z,19010604,XBTUSD,3792.5,338092,3793,234048,3792.75,3793
9863048,2019-01-06T04:01:16.602Z,19010604,XBTUSD,3792.5,314616,3793,234047,3792.75,3793
9863053,2019-01-06T04:01:16.842Z,19010604,XBTUSD,3792.5,321060,3793,234049,3792.75,3793
9863074,2019-01-06T04:01:17.149Z,19010604,XBTUSD,3792.5,309079,3793,234248,3792.75,3793
9863084,2019-01-06T04:01:17.643Z,19010604,XBTUSD,3792.5,266113,3793,234251,3792.75,3793
9863126,2019-01-06T04:01:19.110Z,19010604,XBTUSD,3792.5,254778,3793,234285,3792.75,3793
9863158,2019-01-06T04:01:20.389Z,19010604,XBTUSD,3792.5,179769,3793,234289,3792.75,3793
9862461,2019-01-06T04:01:01.377Z,19010604,XBTUSD,3792.5,268582,3793,225393,3792.75,3793
9862502,2019-01-06T04:01:02.610Z,19010604,XBTUSD,3792.5,237361,3793,238919,3792.75,3793
9862506,2019-01-06T04:01:02.616Z,19010604,XBTUSD,3792.5,237361,3793,240817,3792.75,3793
9862519,2019-01-06T04:01:03.103Z,19010604,XBTUSD,3792.5,232956,3793,238770,3792.75,3793
9862591,2019-01-06T04:01:05.034Z,19010604,XBTUSD,3792.5,239152,3793,238737,3792.75,3793
9862601,2019-01-06T04:01:05.614Z,19010604,XBTUSD,3792.5,266986,3793,238741,3792.75,3793
9862626,2019-01-06T04:01:06.874Z,19010604,XBTUSD,3792.5,267026,3793,238701,3792.75,3793
9862687,2019-01-06T04:01:09.914Z,19010604,XBTUSD,3792.5,341987,3793,238988,3792.75,3793
9862707,2019-01-06T04:01:10.647Z,19010604,XBTUSD,3792.5,345831,3793,242454,3792.75,3793
9862833,2019-01-06T04:01:11.607Z,19010604,XBTUSD,3792.5,341835,3793,242454,3792.75,3793
9862855,2019-01-06T04:01:12.809Z,19010604,XBTUSD,3792.5,334840,3793,243187,3792.75,3793
9862884,2019-01-06T04:01:13.364Z,19010604,XBTUSD,3792.5,339959,3793,243247,3792.75,3793
9862897,2019-01-06T04:01:13.993Z,19010604,XBTUSD,3792.5,403001,3793,243249,3792.75,3793
9862953,2019-01-06T04:01:14.245Z,19010604,XBTUSD,3792.5,385001,3793,243251,3792.75,3793
9862963,2019-01-06T04:01:14.549Z,19010604,XBTUSD,3792.5,368301,3793,239783,3792.75,3793
9862990,2019-01-06T04:01:15.479Z,19010604,XBTUSD,3792.5,349460,3793,235760,3792.75,3793
9862998,2019-01-06T04:01:15.785Z,19010604,XBTUSD,3792.5,321460,3793,240212,3792.75,3793
9863032,2019-01-06T04:01:16.070Z,19010604,XBTUSD,3792.5,341860,3793,234014,3792.75,3793
9863045,2019-01-06T04:01:16.295Z,19010604,XBTUSD,3792.5,324582,3793,234048,3792.75,3793
9863054,2019-01-06T04:01:16.915Z,19010604,XBTUSD,3792.5,321093,3793,234049,3792.75,3793
9863081,2019-01-06T04:01:17.478Z,19010604,XBTUSD,3792.5,256071,3793,234251,3792.75,3793
9863087,2019-01-06T04:01:17.978Z,19010604,XBTUSD,3792.5,265491,3793,234251,3792.75,3793
9863116,2019-01-06T04:01:18.703Z,19010604,XBTUSD,3792.5,255778,3793,234254,3792.75,3793
9863130,2019-01-06T04:01:19.722Z,19010604,XBTUSD,3792.5,254780,3793,234287,3792.75,3793
9863156,2019-01-06T04:01:20.323Z,19010604,XBTUSD,3792.5,236295,3793,234289,3792.75,3793
9863168,2019-01-06T04:01:21.063Z,19010604,XBTUSD,3792.5,156397,3793,253053,3792.75,3793
9863190,2019-01-06T04:01:21.531Z,19010604,XBTUSD,3792.5,156397,3793,254722,3792.75,3793
9863192,2019-01-06T04:01:21.610Z,19010604,XBTUSD,3792.5,156397,3793,254724,3792.75,3793
9863212,2019-01-06T04:01:23.704Z,19010604,XBTUSD,3792.5,153890,3793,256090,3792.75,3793
9863218,2019-01-06T04:01:24.333Z,19010604,XBTUSD,3792.5,154392,3793,256091,3792.75,3793
9863235,2019-01-06T04:01:25.464Z,19010604,XBTUSD,3792.5,163855,3793,256259,3792.75,3793
9863270,2019-01-06T04:01:28.886Z,19010604,XBTUSD,3792.5,167353,3793,251294,3792.75,3793
9863284,2019-01-06T04:01:29.288Z,19010604,XBTUSD,3792.5,167382,3793,249102,3792.75,3793
9863317,2019-01-06T04:01:31.906Z,19010604,XBTUSD,3792.5,186422,3793,156515,3792.75,3793
9862492,2019-01-06T04:01:02.542Z,19010604,XBTUSD,3792.5,245239,3793,232495,3792.75,3793
9862500,2019-01-06T04:01:02.607Z,19010604,XBTUSD,3792.5,237361,3793,238776,3792.75,3793
9862513,2019-01-06T04:01:03.076Z,19010604,XBTUSD,3792.5,232956,3793,238769,3792.75,3793
9862590,2019-01-06T04:01:04.944Z,19010604,XBTUSD,3792.5,238912,3793,238737,3792.75,3793
9862686,2019-01-06T04:01:09.782Z,19010604,XBTUSD,3792.5,342027,3793,238988,3792.75,3793
9862832,2019-01-06T04:01:11.349Z,19010604,XBTUSD,3792.5,345835,3793,242454,3792.75,3793
9862850,2019-01-06T04:01:12.381Z,19010604,XBTUSD,3792.5,348840,3793,243005,3792.75,3793
9862890,2019-01-06T04:01:13.954Z,19010604,XBTUSD,3792.5,363001,3793,243249,3792.75,3793
9862898,2019-01-06T04:01:14.010Z,19010604,XBTUSD,3792.5,403001,3793,243250,3792.75,3793
9862957,2019-01-06T04:01:14.334Z,19010604,XBTUSD,3792.5,366001,3793,243251,3792.75,3793
9862966,2019-01-06T04:01:14.610Z,19010604,XBTUSD,3792.5,378301,3793,239783,3792.75,3793
9862994,2019-01-06T04:01:15.654Z,19010604,XBTUSD,3792.5,299460,3793,240212,3792.75,3793
9862996,2019-01-06T04:01:15.774Z,19010604,XBTUSD,3792.5,306460,3793,240212,3792.75,3793
9863033,2019-01-06T04:01:16.082Z,19010604,XBTUSD,3792.5,351082,3793,234014,3792.75,3793
9863043,2019-01-06T04:01:16.271Z,19010604,XBTUSD,3792.5,328092,3793,234048,3792.75,3793
9863058,2019-01-06T04:01:17.065Z,19010604,XBTUSD,3792.5,321107,3793,234248,3792.75,3793
9863080,2019-01-06T04:01:17.462Z,19010604,XBTUSD,3792.5,246071,3793,234251,3792.75,3793
9863088,2019-01-06T04:01:18.003Z,19010604,XBTUSD,3792.5,265491,3793,234252,3792.75,3793
9863131,2019-01-06T04:01:19.735Z,19010604,XBTUSD,3792.5,254857,3793,234287,3792.75,3793
9863162,2019-01-06T04:01:20.622Z,19010604,XBTUSD,3792.5,167285,3793,234251,3792.75,3793
9863211,2019-01-06T04:01:23.668Z,19010604,XBTUSD,3792.5,153890,3793,256089,3792.75,3793
9863230,2019-01-06T04:01:25.406Z,19010604,XBTUSD,3792.5,156399,3793,256093,3792.75,3793
9862643,2019-01-06T04:01:08.007Z,19010604,XBTUSD,3792.5,338476,3793,238705,3792.75,3793
9862647,2019-01-06T04:01:08.503Z,19010604,XBTUSD,3792.5,338331,3793,238706,3792.75,3793
9862681,2019-01-06T04:01:09.391Z,19010604,XBTUSD,3792.5,348237,3793,238707,3792.75,3793
9862693,2019-01-06T04:01:10.031Z,19010604,XBTUSD,3792.5,345837,3793,242331,3792.75,3793
9862840,2019-01-06T04:01:11.845Z,19010604,XBTUSD,3792.5,348890,3793,243065,3792.75,3793
9862851,2019-01-06T04:01:12.396Z,19010604,XBTUSD,3792.5,348840,3793,243185,3792.75,3793
9862882,2019-01-06T04:01:13.149Z,19010604,XBTUSD,3792.5,334939,3793,243187,3792.75,3793
9862894,2019-01-06T04:01:13.969Z,19010604,XBTUSD,3792.5,383001,3793,243249,3792.75,3793
9862956,2019-01-06T04:01:14.254Z,19010604,XBTUSD,3792.5,368001,3793,243251,3792.75,3793
9862967,2019-01-06T04:01:14.652Z,19010604,XBTUSD,3792.5,378301,3793,239576,3792.75,3793
9862991,2019-01-06T04:01:15.520Z,19010604,XBTUSD,3792.5,349460,3793,240210,3792.75,3793
9863001,2019-01-06T04:01:15.802Z,19010604,XBTUSD,3792.5,332460,3793,240212,3792.75,3793
9863040,2019-01-06T04:01:16.262Z,19010604,XBTUSD,3792.5,325092,3793,234048,3792.75,3793
9863050,2019-01-06T04:01:16.697Z,19010604,XBTUSD,3792.5,320795,3793,234047,3792.75,3793
9863059,2019-01-06T04:01:17.076Z,19010604,XBTUSD,3792.5,317107,3793,234248,3792.75,3793
9863078,2019-01-06T04:01:17.329Z,19010604,XBTUSD,3792.5,246057,3793,234250,3792.75,3793
9863089,2019-01-06T04:01:18.011Z,19010604,XBTUSD,3792.5,265491,3793,234253,3792.75,3793
9863117,2019-01-06T04:01:18.706Z,19010604,XBTUSD,3792.5,255778,3793,234255,3792.75,3793
9863129,2019-01-06T04:01:19.439Z,19010604,XBTUSD,3792.5,254790,3793,234287,3792.75,3793
9863155,2019-01-06T04:01:20.783Z,19010604,XBTUSD,3792.5,167190,3793,236251,3792.75,3793
9863165,2019-01-06T04:01:20.839Z,19010604,XBTUSD,3792.5,154390,3793,253051,3792.75,3793
9863193,2019-01-06T04:01:21.650Z,19010604,XBTUSD,3792.5,154390,3793,254724,3792.75,3793
9863224,2019-01-06T04:01:25.007Z,19010604,XBTUSD,3792.5,156399,3793,256112,3792.75,3793
9863232,2019-01-06T04:01:25.426Z,19010604,XBTUSD,3792.5,162631,3793,256293,3792.75,3793
9863256,2019-01-06T04:01:27.205Z,19010604,XBTUSD,3792.5,172540,3793,256227,3792.75,3793
9863268,2019-01-06T04:01:28.767Z,19010604,XBTUSD,3792.5,182353,3793,251293,3792.75,3793
9863314,2019-01-06T04:01:31.476Z,19010604,XBTUSD,3792.5,171422,3793,155584,3792.75,3793
9863346,2019-01-06T04:01:33.429Z,19010604,XBTUSD,3792.5,86422,3793,178372,3792.75,3793
9863357,2019-01-06T04:01:34.014Z,19010604,XBTUSD,3792.5,84265,3793,212836,3792.75,3793
9863377,2019-01-06T04:01:34.985Z,19010604,XBTUSD,3792.5,78274,3793,212876,3792.75,3793
9863386,2019-01-06T04:01:35.449Z,19010604,XBTUSD,3792.5,82290,3793,295618,3792.75,3793
9862680,2019-01-06T04:01:09.365Z,19010604,XBTUSD,3792.5,352237,3793,238707,3792.75,3793
9862691,2019-01-06T04:01:10.015Z,19010604,XBTUSD,3792.5,345837,3793,242389,3792.75,3793
9862705,2019-01-06T04:01:10.493Z,19010604,XBTUSD,3792.5,345831,3793,242452,3792.75,3793
9862837,2019-01-06T04:01:11.678Z,19010604,XBTUSD,3792.5,352946,3793,242455,3792.75,3793
9862846,2019-01-06T04:01:12.098Z,19010604,XBTUSD,3792.5,348890,3793,243005,3792.75,3793
9862856,2019-01-06T04:01:12.982Z,19010604,XBTUSD,3792.5,334889,3793,243187,3792.75,3793
9862887,2019-01-06T04:01:13.408Z,19010604,XBTUSD,3792.5,352001,3793,243249,3792.75,3793
9862892,2019-01-06T04:01:13.963Z,19010604,XBTUSD,3792.5,376001,3793,243249,3792.75,3793
9862950,2019-01-06T04:01:14.233Z,19010604,XBTUSD,3792.5,398001,3793,243251,3792.75,3793
9862959,2019-01-06T04:01:14.499Z,19010604,XBTUSD,3792.5,351501,3793,243251,3792.75,3793
9862969,2019-01-06T04:01:14.794Z,19010604,XBTUSD,3792.5,361501,3793,240776,3792.75,3793
9862993,2019-01-06T04:01:15.526Z,19010604,XBTUSD,3792.5,349460,3793,240212,3792.75,3793
9863000,2019-01-06T04:01:15.794Z,19010604,XBTUSD,3792.5,327460,3793,240212,3792.75,3793
9863039,2019-01-06T04:01:16.260Z,19010604,XBTUSD,3792.5,335092,3793,234048,3792.75,3793
9863049,2019-01-06T04:01:16.683Z,19010604,XBTUSD,3792.5,314774,3793,234047,3792.75,3793
9863057,2019-01-06T04:01:17.063Z,19010604,XBTUSD,3792.5,321107,3793,234154,3792.75,3793
9863077,2019-01-06T04:01:17.310Z,19010604,XBTUSD,3792.5,317107,3793,234250,3792.75,3793
9863086,2019-01-06T04:01:17.766Z,19010604,XBTUSD,3792.5,255491,3793,234251,3792.75,3793
9863133,2019-01-06T04:01:19.809Z,19010604,XBTUSD,3792.5,254857,3793,234289,3792.75,3793
9863164,2019-01-06T04:01:20.826Z,19010604,XBTUSD,3792.5,164390,3793,253051,3792.75,3793
9863167,2019-01-06T04:01:21.030Z,19010604,XBTUSD,3792.5,156397,3793,253052,3792.75,3793
9863220,2019-01-06T04:01:24.407Z,19010604,XBTUSD,3792.5,156399,3793,256092,3792.75,3793
9863236,2019-01-06T04:01:25.549Z,19010604,XBTUSD,3792.5,178855,3793,256259,3792.75,3793
9863249,2019-01-06T04:01:26.491Z,19010604,XBTUSD,3792.5,174841,3793,256225,3792.75,3793
9863255,2019-01-06T04:01:27.203Z,19010604,XBTUSD,3792.5,172540,3793,256226,3792.75,3793
9863261,2019-01-06T04:01:28.112Z,19010604,XBTUSD,3792.5,172382,3793,255191,3792.75,3793
9863283,2019-01-06T04:01:29.096Z,19010604,XBTUSD,3792.5,167382,3793,251415,3792.75,3793
9863315,2019-01-06T04:01:31.550Z,19010604,XBTUSD,3792.5,186422,3793,155584,3792.75,3793
9863343,2019-01-06T04:01:33.374Z,19010604,XBTUSD,3792.5,86422,3793,156372,3792.75,3793
9863355,2019-01-06T04:01:33.974Z,19010604,XBTUSD,3792.5,84234,3793,180836,3792.75,3793
9863376,2019-01-06T04:01:34.205Z,19010604,XBTUSD,3792.5,78224,3793,212876,3792.75,3793
9863389,2019-01-06T04:01:35.642Z,19010604,XBTUSD,3792.5,82292,3793,289018,3792.75,3793
9862834,2019-01-06T04:01:11.618Z,19010604,XBTUSD,3792.5,341835,3793,242455,3792.75,3793
9862847,2019-01-06T04:01:12.208Z,19010604,XBTUSD,3792.5,348890,3793,243006,3792.75,3793
9862891,2019-01-06T04:01:13.958Z,19010604,XBTUSD,3792.5,373001,3793,243249,3792.75,3793
9862899,2019-01-06T04:01:14.015Z,19010604,XBTUSD,3792.5,403001,3793,243251,3792.75,3793
9862954,2019-01-06T04:01:14.248Z,19010604,XBTUSD,3792.5,381001,3793,243251,3792.75,3793
9862965,2019-01-06T04:01:14.583Z,19010604,XBTUSD,3792.5,368301,3793,239783,3792.75,3793
9862989,2019-01-06T04:01:15.471Z,19010604,XBTUSD,3792.5,349494,3793,235760,3792.75,3793
9863003,2019-01-06T04:01:15.861Z,19010604,XBTUSD,3792.5,341860,3793,234012,3792.75,3793
9863031,2019-01-06T04:01:16.067Z,19010604,XBTUSD,3792.5,341860,3793,234013,3792.75,3793
9863046,2019-01-06T04:01:16.355Z,19010604,XBTUSD,3792.5,314582,3793,234048,3792.75,3793
9863055,2019-01-06T04:01:16.960Z,19010604,XBTUSD,3792.5,321107,3793,234049,3792.75,3793
9863075,2019-01-06T04:01:17.237Z,19010604,XBTUSD,3792.5,317107,3793,234248,3792.75,3793
9863115,2019-01-06T04:01:18.676Z,19010604,XBTUSD,3792.5,255778,3793,234253,3792.75,3793
9863128,2019-01-06T04:01:19.215Z,19010604,XBTUSD,3792.5,254778,3793,234287,3792.75,3793
9863159,2019-01-06T04:01:20.478Z,19010604,XBTUSD,3792.5,177762,3793,234289,3792.75,3793
9863194,2019-01-06T04:01:21.655Z,19010604,XBTUSD,3792.5,153890,3793,254724,3792.75,3793
9863213,2019-01-06T04:01:23.706Z,19010604,XBTUSD,3792.5,153890,3793,256091,3792.75,3793
9863223,2019-01-06T04:01:24.526Z,19010604,XBTUSD,3792.5,156399,3793,256072,3792.75,3793
9863234,2019-01-06T04:01:25.456Z,19010604,XBTUSD,3792.5,162755,3793,256259,3792.75,3793
9863240,2019-01-06T04:01:25.948Z,19010604,XBTUSD,3792.5,174841,3793,256223,3792.75,3793
9863258,2019-01-06T04:01:28.055Z,19010604,XBTUSD,3792.5,172382,3793,256121,3792.75,3793
9863267,2019-01-06T04:01:28.727Z,19010604,XBTUSD,3792.5,172353,3793,251293,3792.75,3793
9863345,2019-01-06T04:01:33.423Z,19010604,XBTUSD,3792.5,86422,3793,176372,3792.75,3793
9863348,2019-01-06T04:01:33.441Z,19010604,XBTUSD,3792.5,86422,3793,178452,3792.75,3793
9863375,2019-01-06T04:01:34.155Z,19010604,XBTUSD,3792.5,78274,3793,212876,3792.75,3793
9863382,2019-01-06T04:01:35.041Z,19010604,XBTUSD,3792.5,78275,3793,212876,3792.75,3793
9863405,2019-01-06T04:01:36.307Z,19010604,XBTUSD,3792.5,82370,3793,288980,3792.75,3793
9863419,2019-01-06T04:01:37.410Z,19010604,XBTUSD,3792.5,80372,3793,256980,3792.75,3793
