id,timestamp,hour,symbol,side,size,price,tickDirection,trdMatchID,volTime,tickTime
2819414,2019-01-06T04:00:05.424Z,19010604,XBTUSD,Sell,3994,3795,ZeroMinusTick,9a9d1ed7-259f-7375-d904-845586056595,3994,1
2819425,2019-01-06T04:00:05.424Z,19010604,XBTUSD,Sell,125,3795,ZeroMinusTick,c6974659-68ce-e83a-2f1a-84db61415e6a,4119,2
2819439,2019-01-06T04:00:05.424Z,19010604,XBTUSD,Sell,54,3795,ZeroMinusTick,e563c496-6d1a-2a47-802b-4625429fdbd1,4173,3
2819445,2019-01-06T04:00:05.424Z,19010604,XBTUSD,Sell,4,3795,ZeroMinusTick,f7165939-20d5-cadd-4e60-33b8e9a607ba,4177,4
2819469,2019-01-06T04:00:05.996Z,19010604,XBTUSD,Sell,30,3795,ZeroMinusTick,e2cc470b-e0ed-c510-45ce-2ab7e594afc9,4207,5
2819472,2019-01-06T04:00:05.996Z,19010604,XBTUSD,Sell,94,3795,ZeroMinusTick,4c3614f1-56c2-7035-c94d-ee72307ac321,4301,6
2819521,2019-01-06T04:00:11.805Z,19010604,XBTUSD,Buy,75,3795.5,ZeroPlusTick,5636a5ed-2c92-b286-acc4-10e5e5a58b3f,4376,7
2819523,2019-01-06T04:00:11.805Z,19010604,XBTUSD,Buy,163,3795.5,ZeroPlusTick,9cc316b4-5805-2e83-3af1-7413973f9484,4539,8
2819533,2019-01-06T04:00:11.805Z,19010604,XBTUSD,Buy,189,3795.5,ZeroPlusTick,fc141527-a29b-9860-63f4-6434ae9b81f3,4728,9
2819543,2019-01-06T04:00:11.805Z,19010604,XBTUSD,Buy,1100,3795.5,ZeroPlusTick,04904dc3-5e26-c1dd-eed8-54f2e9e88b21,5828,10
2819552,2019-01-06T04:00:11.805Z,19010604,XBTUSD,Buy,33,3795.5,ZeroPlusTick,a360616e-65d4-67e6-1a18-82ae76de4a35,5861,11
2819562,2019-01-06T04:00:11.805Z,19010604,XBTUSD,Buy,20716,3795.5,ZeroPlusTick,32c7e3ab-dd0b-f271-c659-383d22353fdc,26577,12
2819416,2019-01-06T04:00:05.424Z,19010604,XBTUSD,Sell,6250,3795,ZeroMinusTick,abf57886-7db0-ccf8-8998-861749514f92,32827,13
2819424,2019-01-06T04:00:05.424Z,19010604,XBTUSD,Sell,2956,3795,ZeroMinusTick,372e830c-bc7f-fdf0-715f-d32e65dc7c6c,35783,14
2819433,2019-01-06T04:00:05.424Z,19010604,XBTUSD,Sell,33,3795,ZeroMinusTick,80e841f3-27c2-44a0-0b96-1c85c31ae4b2,35816,15
2819448,2019-01-06T04:00:05.424Z,19010604,XBTUSD,Sell,40000,3795,ZeroMinusTick,b8de888b-a11c-b5e5-7c35-f2559da6d6e1,75816,16
2819457,2019-01-06T04:00:05.715Z,19010604,XBTUSD,Sell,171,3795,ZeroMinusTick,5272670d-a147-a9a2-b687-e0ce8c40a135,75987,17
2819458,2019-01-06T04:00:05.842Z,19010604,XBTUSD,Buy,140,3795.5,PlusTick,358de9d0-66b9-3312-a8fa-c49c6b77a896,76127,18
2819459,2019-01-06T04:00:05.963Z,19010604,XBTUSD,Sell,30,3795,MinusTick,0ea71f74-be3d-0d77-426d-d6659541ee67,76157,19
2819461,2019-01-06T04:00:05.996Z,19010604,XBTUSD,Sell,2413,3795,ZeroMinusTick,fac11cdb-7f03-51a1-f706-d23526b8228e,78570,20
2819471,2019-01-06T04:00:05.996Z,19010604,XBTUSD,Sell,94,3795,ZeroMinusTick,acb30dcd-bd43-32e7-690a-2d676b09e023,78664,21
2819502,2019-01-06T04:00:09.783Z,19010604,XBTUSD,Sell,30,3795,MinusTick,06e34ff7-62c3-e94a-fa18-1355ca5f0dbf,78694,22
2819518,2019-01-06T04:00:11.805Z,19010604,XBTUSD,Buy,115,3795.5,ZeroPlusTick,31d021aa-e89f-b8b9-aea1-700c4b46b482,78809,23
2819529,2019-01-06T04:00:11.805Z,19010604,XBTUSD,Buy,7,3795.5,ZeroPlusTick,4becc734-9c61-5019-a669-967faf82cdc2,78816,24
2819535,2019-01-06T04:00:11.805Z,19010604,XBTUSD,Buy,2000,3795.5,ZeroPlusTick,c2b6b09f-033a-bbe3-2225-c7f18ff6159b,80816,25
2819547,2019-01-06T04:00:11.805Z,19010604,XBTUSD,Buy,120,3795.5,ZeroPlusTick,19c77d7b-214a-d677-ff66-6fcc0cfe208d,80936,26
2819560,2019-01-06T04:00:11.805Z,19010604,XBTUSD,Buy,50,3795.5,ZeroPlusTick,f2f56ebb-3009-503c-8d42-8b26965c0921,80986,27
2819572,2019-01-06T04:00:11.805Z,19010604,XBTUSD,Buy,268,3795.5,ZeroPlusTick,7bd979dd-71b6-331c-0b25-dabd8cc7528e,81254,28
2819583,2019-01-06T04:00:12.947Z,19010604,XBTUSD,Sell,209,3795,ZeroMinusTick,5997b0b5-e9dc-ec02-61e8-4a59fc600041,81463,29
2819587,2019-01-06T04:00:13.117Z,19010604,XBTUSD,Buy,894,3795.5,PlusTick,45c33c43-7ae6-0470-c197-91579d71a9b9,82357,30
2819597,2019-01-06T04:00:13.243Z,19010604,XBTUSD,Sell,2000,3795,ZeroMinusTick,0091b85c-6784-7ddd-03b2-925c4d97d394,84357,31
2819608,2019-01-06T04:00:13.349Z,19010604,XBTUSD,Sell,3842,3795,ZeroMinusTick,1d41d562-6562-d890-726f-5820a61acd15,88199,32
2819611,2019-01-06T04:00:13.561Z,19010604,XBTUSD,Sell,806,3795,ZeroMinusTick,e4b4a7df-54f0-e5e0-ee43-168c6290e353,89005,33
2819621,2019-01-06T04:00:13.720Z,19010604,XBTUSD,Sell,20,3795,ZeroMinusTick,3ba13412-bfc2-40e5-f841-8411fda276f0,89025,34
2819420,2019-01-06T04:00:05.424Z,19010604,XBTUSD,Sell,109,3795,ZeroMinusTick,faf74525-b41f-6066-5c64-6612758d9625,89134,35
2819430,2019-01-06T04:00:05.424Z,19010604,XBTUSD,Sell,10,3795,ZeroMinusTick,68c7a46f-8fda-7d17-749d-3f31472817b0,89144,36
2819436,2019-01-06T04:00:05.424Z,19010604,XBTUSD,Sell,15,3795,ZeroMinusTick,e4d48cd9-820f-3840-199f-b05112926aa5,89159,37
2819450,2019-01-06T04:00:05.424Z,19010604,XBTUSD,Sell,249,3795,ZeroMinusTick,eca6c14b-adef-66b9-e861-9195544a0e51,89408,38
2819466,2019-01-06T04:00:05.996Z,19010604,XBTUSD,Sell,50,3795,ZeroMinusTick,b06a1959-fc7c-c4ee-0d14-a66064f4c68a,89458,39
2819476,2019-01-06T04:00:05.996Z,19010604,XBTUSD,Sell,10,3795,ZeroMinusTick,c23cde1e-322f-5bf0-507c-bcd6f6c5b15a,89468,40
2819499,2019-01-06T04:00:09.409Z,19010604,XBTUSD,Sell,1169,3795,MinusTick,5f691f8b-99ec-1ea0-c0e2-c8dafb9c5a96,90637,41
2819514,2019-01-06T04:00:11.805Z,19010604,XBTUSD,Buy,502,3795.5,ZeroPlusTick,5a5aa75e-f804-2844-5176-cda9ad20871b,91139,42
2819527,2019-01-06T04:00:11.805Z,19010604,XBTUSD,Buy,1835,3795.5,ZeroPlusTick,5c1e90e7-d9b3-a05e-2692-40524541a1f1,92974,43
2819537,2019-01-06T04:00:11.805Z,19010604,XBTUSD,Buy,3000,3795.5,ZeroPlusTick,085f6260-c712-97b8-4a62-4ddc48f8b513,95974,44
2819548,2019-01-06T04:00:11.805Z,19010604,XBTUSD,Buy,41,3795.5,ZeroPlusTick,09c87255-963e-5e7b-d1c9-c1a98048c075,96015,45
2819561,2019-01-06T04:00:11.805Z,19010604,XBTUSD,Buy,1000,3795.5,ZeroPlusTick,27056fb2-9e5f-29b2-ca16-78876375b874,97015,46
2819570,2019-01-06T04:00:11.805Z,19010604,XBTUSD,Buy,568,3795.5,ZeroPlusTick,aba41999-2b50-9266-aafc-3f882487b38b,97583,47
2819580,2019-01-06T04:00:12.710Z,19010604,XBTUSD,Buy,400,3795.5,PlusTick,ddd24a07-7057-85cc-ea2c-a9b6241daf6e,97983,48
2819598,2019-01-06T04:00:13.243Z,19010604,XBTUSD,Sell,50,3795,ZeroMinusTick,f486c3ee-ce0d-eef1-71c9-4da11add0e01,98033,49
2819614,2019-01-06T04:00:13.699Z,19010604,XBTUSD,Sell,1332,3795,ZeroMinusTick,a8b7e6bc-ea70-5b3a-9177-e28953229dce,99365,50
2819625,2019-01-06T04:00:13.720Z,19010604,XBTUSD,Sell,500,3795,ZeroMinusTick,cf5c5438-0ab3-fa92-9dc8-50083cd0b9bb,99865,51
2819633,2019-01-06T04:00:13.778Z,19010604,XBTUSD,Sell,10,3795,ZeroMinusTick,2cd93b74-250e-3d5a-36c5-9694c2686d84,99875,52
2819643,2019-01-06T04:00:13.778Z,19010604,XBTUSD,Sell,29,3794.5,ZeroMinusTick,42f9471a-4f33-86e4-26e7-c829f7adf123,99904,53
2819665,2019-01-06T04:00:15.627Z,19010604,XBTUSD,Sell,3673,3794.5,ZeroMinusTick,3385bb52-16af-6699-75df-8179a60271bc,103577,54
2819679,2019-01-06T04:00:16.010Z,19010604,XBTUSD,Sell,1803,3794.5,ZeroMinusTick,c536e9c2-a511-2f0e-9bb0-3aaf4897ca86,105380,55
2819701,2019-01-06T04:00:21.270Z,19010604,XBTUSD,Sell,2000,3794.5,ZeroMinusTick,2fb66b43-5e0d-96dc-6a13-8dffcc10439d,107380,56
2819709,2019-01-06T04:00:21.270Z,19010604,XBTUSD,Sell,9965,3794.5,ZeroMinusTick,f6248802-78ec-4dfe-a6bf-029fd28845e7,117345,57
2819415,2019-01-06T04:00:05.424Z,19010604,XBTUSD,Sell,2000,3795,ZeroMinusTick,355faa46-1440-00f0-6698-dc9779959e90,119345,58
2819429,2019-01-06T04:00:05.424Z,19010604,XBTUSD,Sell,10,3795,ZeroMinusTick,61611d8c-b333-4323-af34-8575e35e7117,119355,59
2819437,2019-01-06T04:00:05.424Z,19010604,XBTUSD,Sell,10,3795,ZeroMinusTick,52bd8ea6-bebd-8d8d-5f73-c9bccd3b4ace,119365,60
2819449,2019-01-06T04:00:05.424Z,19010604,XBTUSD,Sell,45,3795,ZeroMinusTick,c00d4131-c3f9-0e43-b662-877c79e13229,119410,61
2819468,2019-01-06T04:00:05.996Z,19010604,XBTUSD,Sell,500,3795,ZeroMinusTick,1945f166-1487-9338-3ac1-5d1e39630fe4,119910,62
2819519,2019-01-06T04:00:11.805Z,19010604,XBTUSD,Buy,2000,3795.5,ZeroPlusTick,d8a5d8e2-cef6-52d4-eca1-98b589651d73,121910,63
2819531,2019-01-06T04:00:11.805Z,19010604,XBTUSD,Buy,568,3795.5,ZeroPlusTick,c3d4626a-17d4-280e-9fcb-6b8af055dffd,122478,64
2819540,2019-01-06T04:00:11.805Z,19010604,XBTUSD,Buy,8784,3795.5,ZeroPlusTick,c2ca9f2c-20a3-c718-b0f1-cb32cdd33d13,131262,65
2819545,2019-01-06T04:00:11.805Z,19010604,XBTUSD,Buy,2500,3795.5,ZeroPlusTick,c65f9770-9518-6751-de86-c29220e07d7f,133762,66
2819555,2019-01-06T04:00:11.805Z,19010604,XBTUSD,Buy,1000,3795.5,ZeroPlusTick,5f6025f2-323d-a752-18e6-175f4e880f1f,134762,67
2819565,2019-01-06T04:00:11.805Z,19010604,XBTUSD,Buy,185,3795.5,ZeroPlusTick,34ce0215-d4de-3548-e2d2-9779d3efaaf7,134947,68
2819573,2019-01-06T04:00:11.805Z,19010604,XBTUSD,Buy,268,3795.5,ZeroPlusTick,ecadbaea-8e18-9236-25b0-4b064e308ce3,135215,69
2819591,2019-01-06T04:00:13.243Z,19010604,XBTUSD,Sell,508,3795,ZeroMinusTick,1a16b21a-503b-e648-126f-6555eab18cff,135723,70
2819605,2019-01-06T04:00:13.296Z,19010604,XBTUSD,Sell,1500,3795,ZeroMinusTick,93316773-dbbe-53c1-0d94-243c7b06d257,137223,71
2819612,2019-01-06T04:00:13.610Z,19010604,XBTUSD,Sell,548,3795,ZeroMinusTick,36665194-d3d2-80df-02b0-2aff87c64dc6,137771,72
2819627,2019-01-06T04:00:13.733Z,19010604,XBTUSD,Sell,540,3795,ZeroMinusTick,f6466e65-7487-1e09-bd1f-86d644be1a62,138311,73
2819640,2019-01-06T04:00:13.778Z,19010604,XBTUSD,Sell,490,3794.5,ZeroMinusTick,71173d8d-9b43-f6a3-e088-92ef91185fbf,138801,74
2819647,2019-01-06T04:00:13.798Z,19010604,XBTUSD,Sell,50,3794.5,ZeroMinusTick,0fa39d5b-b71b-f103-f9df-87616c1b98f2,138851,75
2819664,2019-01-06T04:00:15.605Z,19010604,XBTUSD,Sell,365,3794.5,ZeroMinusTick,a31e9d5a-0a63-15d8-8ab7-baa353322e41,139216,76
2819674,2019-01-06T04:00:15.855Z,19010604,XBTUSD,Buy,3795,3795,PlusTick,5f2ec916-c98f-6bf6-8cf1-bd4e3deb8626,143011,77
2819684,2019-01-06T04:00:17.528Z,19010604,XBTUSD,Sell,718,3794.5,ZeroMinusTick,3b5440dd-2586-ae2c-b220-2db07808a9ab,143729,78
2819686,2019-01-06T04:00:20.676Z,19010604,XBTUSD,Sell,180,3794.5,ZeroMinusTick,402a11c5-37b6-61a6-ca06-f33c2c8d860d,143909,79
2819693,2019-01-06T04:00:20.770Z,19010604,XBTUSD,Buy,50,3795,PlusTick,fac3d22e-c9ac-9b86-a32a-fc7f65144a8a,143959,80
2819697,2019-01-06T04:00:21.270Z,19010604,XBTUSD,Sell,490,3794.5,ZeroMinusTick,1832e8f0-db68-256e-32b4-12856c1884f2,144449,81
2819715,2019-01-06T04:00:21.270Z,19010604,XBTUSD,Sell,11,3794,ZeroMinusTick,d029b397-d807-a521-fc8e-40f2e7983a6f,144460,82
2819719,2019-01-06T04:00:21.270Z,19010604,XBTUSD,Sell,33,3794,ZeroMinusTick,7ca18799-6a69-aa42-7a19-554e146f7816,144493,83
2819729,2019-01-06T04:00:21.270Z,19010604,XBTUSD,Sell,10,3794,ZeroMinusTick,80acffa6-33eb-466c-50a1-ea2699890ed3,144503,84
2819740,2019-01-06T04:00:21.270Z,19010604,XBTUSD,Sell,1000,3794,ZeroMinusTick,7609a8c7-1a44-8c9d-b966-0ccf84c2cb04,145503,85
2819427,2019-01-06T04:00:05.424Z,19010604,XBTUSD,Sell,124,3795,ZeroMinusTick,9e6af92b-25b5-3244-d8d6-503140654860,145627,86
2819438,2019-01-06T04:00:05.424Z,19010604,XBTUSD,Sell,30,3795,ZeroMinusTick,c0ddd8a6-6cdc-f662-a7a6-0455bafa7756,145657,87
2819447,2019-01-06T04:00:05.424Z,19010604,XBTUSD,Sell,100,3795,ZeroMinusTick,a3fc87cc-aca4-f0dd-23c3-cf7a2aba194c,145757,88
2819463,2019-01-06T04:00:05.996Z,19010604,XBTUSD,Sell,1000,3795,ZeroMinusTick,3d36950c-73b6-e27c-d584-cb5facf2b5c0,146757,89
2819475,2019-01-06T04:00:05.996Z,19010604,XBTUSD,Sell,10,3795,ZeroMinusTick,6de5f433-8488-37b9-4300-dd046f8c20b7,146767,90
2819488,2019-01-06T04:00:06.530Z,19010604,XBTUSD,Buy,400,3795.5,PlusTick,c320e3e7-8594-16d7-8fd0-d41a7a6f49ba,147167,91
2819489,2019-01-06T04:00:06.667Z,19010604,XBTUSD,Sell,14,3795,MinusTick,0a91513b-6b35-2c19-461b-82348cb885b7,147181,92
2819490,2019-01-06T04:00:06.727Z,19010604,XBTUSD,Buy,200,3795.5,PlusTick,b2457a4b-ebb5-b217-942e-96023738e47c,147381,93
2819491,2019-01-06T04:00:06.837Z,19010604,XBTUSD,Buy,5,3795.5,ZeroPlusTick,47e71ae2-23df-17e7-758c-fa37d91fe617,147386,94
2819492,2019-01-06T04:00:07.089Z,19010604,XBTUSD,Sell,15,3795,MinusTick,22aa35b8-f87a-3b8f-3a6c-1c57e6cf48cb,147401,95
2819500,2019-01-06T04:00:09.409Z,19010604,XBTUSD,Sell,3831,3795,ZeroMinusTick,b7ee54c6-4dce-44ed-a0c7-c400a95a3c16,151232,96
2819511,2019-01-06T04:00:11.751Z,19010604,XBTUSD,Sell,1000,3795,MinusTick,e8a948cc-e9b9-6776-7afd-7bf32fc53d50,152232,97
2819512,2019-01-06T04:00:11.805Z,19010604,XBTUSD,Buy,10273,3795.5,PlusTick,0e6d3604-2cfc-438c-b3f3-db39325ff239,162505,98
2819522,2019-01-06T04:00:11.805Z,19010604,XBTUSD,Buy,76,3795.5,ZeroPlusTick,94ab3ac1-d043-a204-2040-7273a0dc5f7c,162581,99
2819532,2019-01-06T04:00:11.805Z,19010604,XBTUSD,Buy,8245,3795.5,ZeroPlusTick,edb28bde-aacf-3806-4492-828a4986d4f2,170826,100
2819541,2019-01-06T04:00:11.805Z,19010604,XBTUSD,Buy,136,3795.5,ZeroPlusTick,7180ac50-7c43-66e1-0722-5700b99ed592,170962,101
2819551,2019-01-06T04:00:11.805Z,19010604,XBTUSD,Buy,1500,3795.5,ZeroPlusTick,e3ebde36-eefc-639c-295f-8ef34838751d,172462,102
2819556,2019-01-06T04:00:11.805Z,19010604,XBTUSD,Buy,15000,3795.5,ZeroPlusTick,922bcb62-10af-c8c6-f720-c23f4507b4b6,187462,103
2819566,2019-01-06T04:00:11.805Z,19010604,XBTUSD,Buy,138,3795.5,ZeroPlusTick,dbdd5079-4e78-854d-4f29-fcdfbba316ca,187600,104
2819576,2019-01-06T04:00:11.805Z,19010604,XBTUSD,Buy,11,3795.5,ZeroPlusTick,82892bab-c395-f8dd-b444-46eb62d9ec5c,187611,105
2819579,2019-01-06T04:00:12.548Z,19010604,XBTUSD,Sell,2,3795,MinusTick,a8b8d024-0ce1-d890-77ce-5cfdff4c70fc,187613,106
2819595,2019-01-06T04:00:13.243Z,19010604,XBTUSD,Sell,26,3795,ZeroMinusTick,e886645b-6ab2-4411-2de2-7288102d7f20,187639,107
2819599,2019-01-06T04:00:13.243Z,19010604,XBTUSD,Sell,150,3795,ZeroMinusTick,736bbca9-aa42-b45e-a36e-93773f37b7f0,187789,108
2819610,2019-01-06T04:00:13.531Z,19010604,XBTUSD,Sell,3771,3795,ZeroMinusTick,eb23ab92-84b3-4566-1d3b-09155e9862ea,191560,109
2819620,2019-01-06T04:00:13.720Z,19010604,XBTUSD,Sell,29,3795,ZeroMinusTick,faa170c5-da0d-8465-9d1c-8452dee26851,191589,110
2819631,2019-01-06T04:00:13.778Z,19010604,XBTUSD,Sell,37,3795,ZeroMinusTick,6200fcff-8eec-f726-7ac0-b67b18c3a133,191626,111
2819637,2019-01-06T04:00:13.778Z,19010604,XBTUSD,Sell,10,3794.5,ZeroMinusTick,4807fc8e-11f8-248b-4f2d-6ca2d206c9ac,191636,112
2819666,2019-01-06T04:00:15.643Z,19010604,XBTUSD,Sell,534,3794.5,ZeroMinusTick,9a178637-43c2-93b5-6b0d-9d48cba8d27e,192170,113
2819672,2019-01-06T04:00:15.728Z,19010604,XBTUSD,Sell,376,3794.5,ZeroMinusTick,1b408d4c-64a1-2928-dbd8-00b4c3d2a7ea,192546,114
2819703,2019-01-06T04:00:21.270Z,19010604,XBTUSD,Sell,200,3794.5,ZeroMinusTick,f6a3eb6f-4fb8-101c-b85f-b2c11f6cd6a1,192746,115
2819713,2019-01-06T04:00:21.270Z,19010604,XBTUSD,Sell,3794,3794.5,ZeroMinusTick,ab898051-f6da-6be8-afd6-dcb1d32c5736,196540,116
2819723,2019-01-06T04:00:21.270Z,19010604,XBTUSD,Sell,500,3794,ZeroMinusTick,62aa1556-850f-a23e-5c66-01010329be1c,197040,117
2819418,2019-01-06T04:00:05.424Z,19010604,XBTUSD,Sell,6250,3795,ZeroMinusTick,c2667e7d-4b67-c3da-a9e5-c5b02e1734cc,203290,118
2819426,2019-01-06T04:00:05.424Z,19010604,XBTUSD,Sell,512,3795,ZeroMinusTick,81fb62fc-44f0-32e0-53f2-e0a2edad584c,203802,119
2819440,2019-01-06T04:00:05.424Z,19010604,XBTUSD,Sell,63,3795,ZeroMinusTick,92dcd957-5d05-628e-a557-c0b7098311ae,203865,120
2819443,2019-01-06T04:00:05.424Z,19010604,XBTUSD,Sell,11,3795,ZeroMinusTick,516a66e2-628a-60c9-d327-1618f2499fb2,203876,121
2819470,2019-01-06T04:00:05.996Z,19010604,XBTUSD,Sell,10,3795,ZeroMinusTick,375e1990-15a4-069c-701e-bfaf11505add,203886,122
2819477,2019-01-06T04:00:05.996Z,19010604,XBTUSD,Sell,2752,3795,ZeroMinusTick,0443bb3b-9f3f-dce2-186e-ededf9082d66,206638,123
2819498,2019-01-06T04:00:09.299Z,19010604,XBTUSD,Buy,200,3795.5,ZeroPlusTick,88acf856-6351-1b44-53b0-22504ae25d24,206838,124
2819509,2019-01-06T04:00:11.037Z,19010604,XBTUSD,Buy,4553,3795.5,ZeroPlusTick,167a6005-474c-478c-b861-277c73ee202b,211391,125
2819515,2019-01-06T04:00:11.805Z,19010604,XBTUSD,Buy,502,3795.5,ZeroPlusTick,8fa4289a-a98f-efc9-0248-fc991534455a,211893,126
2819530,2019-01-06T04:00:11.805Z,19010604,XBTUSD,Buy,197,3795.5,ZeroPlusTick,b4cd0d7e-24a4-3871-bf5b-1337c512a986,212090,127
2819534,2019-01-06T04:00:11.805Z,19010604,XBTUSD,Buy,189,3795.5,ZeroPlusTick,7f7d768d-721c-c2ee-1832-5e5d503f3db2,212279,128
2819544,2019-01-06T04:00:11.805Z,19010604,XBTUSD,Buy,10,3795.5,ZeroPlusTick,64bab67a-38d7-92c7-b1c4-1a406c183e5b,212289,129
2819554,2019-01-06T04:00:11.805Z,19010604,XBTUSD,Buy,70000,3795.5,ZeroPlusTick,ac60ad6c-106f-c827-8d2f-560e9188b757,282289,130
2819563,2019-01-06T04:00:11.805Z,19010604,XBTUSD,Buy,100,3795.5,ZeroPlusTick,48ff5fe8-1785-343b-4d27-690b9e7a77df,282389,131
2819574,2019-01-06T04:00:11.805Z,19010604,XBTUSD,Buy,3,3795.5,ZeroPlusTick,c19cf817-94cf-14d5-4d81-b9b213af13d6,282392,132
2819581,2019-01-06T04:00:12.947Z,19010604,XBTUSD,Sell,653,3795,MinusTick,bbe66eb0-3e6e-078e-bfa6-6594f7738bfd,283045,133
2819592,2019-01-06T04:00:13.243Z,19010604,XBTUSD,Sell,997,3795,ZeroMinusTick,a1b397c0-2d59-167e-665d-aa835e2cdae7,284042,134
2819601,2019-01-06T04:00:13.243Z,19010604,XBTUSD,Sell,490,3795,ZeroMinusTick,7045ee81-248e-ae93-5256-a9bbaa8c9f5b,284532,135
2819615,2019-01-06T04:00:13.707Z,19010604,XBTUSD,Sell,89,3795,ZeroMinusTick,1c2900fe-8baf-e399-bae8-635d56c66a54,284621,136
2819626,2019-01-06T04:00:13.720Z,19010604,XBTUSD,Sell,1329,3795,ZeroMinusTick,d9b19113-0123-5e00-2967-98116d7c8db7,285950,137
2819638,2019-01-06T04:00:13.778Z,19010604,XBTUSD,Sell,11,3794.5,ZeroMinusTick,129a104a-7f13-08c2-01fc-0f3faa0b9bba,285961,138
2819660,2019-01-06T04:00:15.538Z,19010604,XBTUSD,Sell,48,3794.5,ZeroMinusTick,6543ed20-dabd-c118-a202-bcc9c552128c,286009,139
2819671,2019-01-06T04:00:15.719Z,19010604,XBTUSD,Sell,2229,3794.5,ZeroMinusTick,437955c6-3271-6538-ee2c-4e61773dcee8,288238,140
2819685,2019-01-06T04:00:18.082Z,19010604,XBTUSD,Sell,500,3794.5,ZeroMinusTick,4b91b1ad-4729-8dce-1878-cf69d6226b4a,288738,141
2819705,2019-01-06T04:00:21.270Z,19010604,XBTUSD,Sell,30,3794.5,ZeroMinusTick,d504f53b-4600-378d-343b-61fd53b871cc,288768,142
2819707,2019-01-06T04:00:21.270Z,19010604,XBTUSD,Sell,33,3794.5,ZeroMinusTick,68a29645-bd66-29ee-abf5-11e6a7a35173,288801,143
2819717,2019-01-06T04:00:21.270Z,19010604,XBTUSD,Sell,125,3794,ZeroMinusTick,4105c6bb-72a8-7c7a-11d1-c866932920ed,288926,144
2819727,2019-01-06T04:00:21.270Z,19010604,XBTUSD,Sell,189,3794,ZeroMinusTick,bfb1054c-08f7-4180-5193-8b5529735c8e,289115,145
2819730,2019-01-06T04:00:21.270Z,19010604,XBTUSD,Sell,11,3794,ZeroMinusTick,1e02b186-2b03-a745-05c0-7acd6e60540e,289126,146
2819739,2019-01-06T04:00:21.270Z,19010604,XBTUSD,Sell,10213,3794,ZeroMinusTick,181fce28-ad68-68b2-9a0c-acc3e0282f66,299339,147
2819749,2019-01-06T04:00:21.270Z,19010604,XBTUSD,Sell,500,3793.5,ZeroMinusTick,9c1ed63c-4d5d-50b3-783e-21ae206faf60,299839,148
2819756,2019-01-06T04:00:21.270Z,19010604,XBTUSD,Sell,2000,3793.5,ZeroMinusTick,b5ffee88-67a1-4c90-6be0-6a3cc48fe0b8,301839,149
2819782,2019-01-06T04:00:24.263Z,19010604,XBTUSD,Sell,900,3793.5,ZeroMinusTick,11402e1e-b5b3-3797-28b8-9506dbad6ad8,302739,150
2819794,2019-01-06T04:00:24.263Z,19010604,XBTUSD,Sell,30,3793.5,ZeroMinusTick,28fac5ef-db24-94a8-25ab-f5ebafa395f6,302769,151
2819810,2019-01-06T04:00:24.263Z,19010604,XBTUSD,Sell,33,3793.5,ZeroMinusTick,7942e2d8-d2f8-1393-e13f-237da7c05256,302802,152
2819816,2019-01-06T04:00:24.263Z,19010604,XBTUSD,Sell,28,3793,MinusTick,7617493b-b6d7-4074-5133-b1cf8f6a2c01,302830,153
2819827,2019-01-06T04:00:24.263Z,19010604,XBTUSD,Sell,10000,3793,ZeroMinusTick,c634bf90-3ec3-6e2a-de05-c59800bfbc90,312830,154
2819843,2019-01-06T04:00:24.263Z,19010604,XBTUSD,Sell,30,3793,ZeroMinusTick,6d4a4ad3-0e4e-25cf-d14c-5d3dc03cffef,312860,155
2819853,2019-01-06T04:00:24.263Z,19010604,XBTUSD,Sell,10,3793,ZeroMinusTick,e756c597-3482-747f-1e00-31dc2361fe27,312870,156
2819862,2019-01-06T04:00:24.263Z,19010604,XBTUSD,Sell,11,3792.5,ZeroMinusTick,18c9d63f-276a-ade5-6b0d-f7a79890de55,312881,157
2819871,2019-01-06T04:00:24.263Z,19010604,XBTUSD,Sell,17,3792.5,ZeroMinusTick,4a4ed69d-d0b6-3779-8016-9800363ab902,312898,158
2819422,2019-01-06T04:00:05.424Z,19010604,XBTUSD,Sell,14,3795,ZeroMinusTick,b3b82072-3fd2-c1f3-6a20-89cadf56b1ab,312912,159
2819434,2019-01-06T04:00:05.424Z,19010604,XBTUSD,Sell,2008,3795,ZeroMinusTick,26d89aea-39f7-133e-2d13-22aaf78ff60a,314920,160
2819446,2019-01-06T04:00:05.424Z,19010604,XBTUSD,Sell,10,3795,ZeroMinusTick,43f9c7a4-c764-8fee-a62c-9aa58e73bc12,314930,161
2819464,2019-01-06T04:00:05.996Z,19010604,XBTUSD,Sell,268,3795,ZeroMinusTick,3b024610-1717-6b79-cd81-110667a47751,315198,162
2819503,2019-01-06T04:00:09.812Z,19010604,XBTUSD,Sell,50,3795,ZeroMinusTick,097662db-9b7f-6eab-db62-dfab7ce92b4f,315248,163
2819520,2019-01-06T04:00:11.805Z,19010604,XBTUSD,Buy,148,3795.5,ZeroPlusTick,495d55ed-b338-cc68-8fc3-8d414246f36d,315396,164
2819528,2019-01-06T04:00:11.805Z,19010604,XBTUSD,Buy,485,3795.5,ZeroPlusTick,b46b6ed9-2df2-6b96-a419-8a5cc41d74e9,315881,165
2819539,2019-01-06T04:00:11.805Z,19010604,XBTUSD,Buy,9925,3795.5,ZeroPlusTick,6b1faecf-b147-0b4f-f1d5-aa1000d551a2,325806,166
2819549,2019-01-06T04:00:11.805Z,19010604,XBTUSD,Buy,94,3795.5,ZeroPlusTick,6edf82ab-49fa-beba-2d6a-add8cec04c98,325900,167
2819564,2019-01-06T04:00:11.805Z,19010604,XBTUSD,Buy,30,3795.5,ZeroPlusTick,2b903e9e-1df1-7c45-a86e-2099b9c652f5,325930,168
2819567,2019-01-06T04:00:11.805Z,19010604,XBTUSD,Buy,30,3795.5,ZeroPlusTick,c8575fc1-784b-f631-9c7d-fb4a7afd220d,325960,169
2819577,2019-01-06T04:00:11.805Z,19010604,XBTUSD,Buy,3877,3795.5,ZeroPlusTick,7ecd8461-14e7-8f73-b0e6-a90c77768182,329837,170
2819585,2019-01-06T04:00:13.084Z,19010604,XBTUSD,Sell,26,3795,MinusTick,e69b117a-a5b5-ae1a-610c-3a163496d7cc,329863,171
2819593,2019-01-06T04:00:13.243Z,19010604,XBTUSD,Sell,300,3795,ZeroMinusTick,07abaf02-5f68-910c-a9c6-fdb87a67db36,330163,172
2819602,2019-01-06T04:00:13.243Z,19010604,XBTUSD,Sell,20,3795,ZeroMinusTick,d588136e-3227-7a09-3511-22c154e94a5c,330183,173
2819613,2019-01-06T04:00:13.691Z,19010604,XBTUSD,Sell,400,3795,ZeroMinusTick,b8bd8533-26db-4b47-fb13-d38aa11cc2c8,330583,174
2819624,2019-01-06T04:00:13.720Z,19010604,XBTUSD,Sell,15,3795,ZeroMinusTick,f77112e6-4c52-f8ae-0d9f-80c5aa583364,330598,175
2819632,2019-01-06T04:00:13.778Z,19010604,XBTUSD,Sell,35,3795,ZeroMinusTick,5dbcd202-a580-4265-4c85-a9a915936fdf,330633,176
2819642,2019-01-06T04:00:13.778Z,19010604,XBTUSD,Sell,11,3794.5,ZeroMinusTick,2c8d64e9-a03d-d072-c628-f89acdf27c50,330644,177
2819653,2019-01-06T04:00:14.654Z,19010604,XBTUSD,Sell,2667,3794.5,ZeroMinusTick,689bf18e-c922-d391-7fff-2dd03d9bb704,333311,178
2819663,2019-01-06T04:00:15.550Z,19010604,XBTUSD,Sell,1176,3794.5,ZeroMinusTick,1bbe1d5e-0efd-95fa-961c-33cc613845fe,334487,179
2819678,2019-01-06T04:00:16.010Z,19010604,XBTUSD,Sell,28,3794.5,ZeroMinusTick,f7d4a213-e948-8970-4eb9-444366505f16,334515,180
2819702,2019-01-06T04:00:21.270Z,19010604,XBTUSD,Sell,30,3794.5,ZeroMinusTick,150da3c0-2dd9-910b-a72f-24bbd6c94a08,334545,181
2819708,2019-01-06T04:00:21.270Z,19010604,XBTUSD,Sell,15,3794.5,ZeroMinusTick,a911015e-c3e7-765f-c9c3-6dbc77648ece,334560,182
2819722,2019-01-06T04:00:21.270Z,19010604,XBTUSD,Sell,144,3794,ZeroMinusTick,e9f38ccf-a034-356c-fe74-d1a6d411c338,334704,183
2819731,2019-01-06T04:00:21.270Z,19010604,XBTUSD,Sell,112,3794,ZeroMinusTick,1d6b5d94-8c81-3a32-2be1-7b8d0443c853,334816,184
2819744,2019-01-06T04:00:21.270Z,19010604,XBTUSD,Sell,48,3794,ZeroMinusTick,7a4ae4e8-efc1-98ed-2409-b77684e81627,334864,185
2819755,2019-01-06T04:00:21.270Z,19010604,XBTUSD,Sell,100,3793.5,ZeroMinusTick,8f297869-d724-60e2-9a58-de143ed6c1ee,334964,186
2819778,2019-01-06T04:00:24.263Z,19010604,XBTUSD,Sell,500,3793.5,ZeroMinusTick,17e857f6-5ad3-e853-dee7-1e756c63a318,335464,187
2819781,2019-01-06T04:00:24.263Z,19010604,XBTUSD,Sell,1000,3793.5,ZeroMinusTick,65400d87-dcef-b013-6f2e-5f5f911e1299,336464,188
2819791,2019-01-06T04:00:24.263Z,19010604,XBTUSD,Sell,30,3793.5,ZeroMinusTick,434b461a-0ff5-17a8-5bc3-41f0be317a79,336494,189
2819801,2019-01-06T04:00:24.263Z,19010604,XBTUSD,Sell,3,3793.5,ZeroMinusTick,1850ae79-b4d4-6d50-3fc6-59911b68dfda,336497,190
2819803,2019-01-06T04:00:24.263Z,19010604,XBTUSD,Sell,490,3793.5,ZeroMinusTick,130b8e8a-44c5-191a-4a40-6a124e89333c,336987,191
2819813,2019-01-06T04:00:24.263Z,19010604,XBTUSD,Sell,27,3793.5,ZeroMinusTick,6a6a6892-cc3e-43e5-fa84-110b5ffb4d9b,337014,192
2819823,2019-01-06T04:00:24.263Z,19010604,XBTUSD,Sell,10,3793,ZeroMinusTick,57c2dc78-3bc0-0dc0-d069-8259cc25a842,337024,193
2819825,2019-01-06T04:00:24.263Z,19010604,XBTUSD,Sell,20,3793,ZeroMinusTick,98cff1a8-4074-155f-040d-ea2e2e499d13,337044,194
2819835,2019-01-06T04:00:24.263Z,19010604,XBTUSD,Sell,30,3793,ZeroMinusTick,14a2f92d-fd2c-5069-9469-bf4b9b82bfbc,337074,195
2819845,2019-01-06T04:00:24.263Z,19010604,XBTUSD,Sell,200,3793,ZeroMinusTick,1cf0f6c5-c2e7-c8f5-92ba-b3be47791072,337274,196
2819854,2019-01-06T04:00:24.263Z,19010604,XBTUSD,Sell,346,3793,ZeroMinusTick,f8ec64c3-2df8-937a-251d-8364ba7de02e,337620,197
2819860,2019-01-06T04:00:24.263Z,19010604,XBTUSD,Sell,124,3792.5,ZeroMinusTick,c8693efb-21d9-957c-5dfd-d776b2d676f4,337744,198
2819874,2019-01-06T04:00:24.263Z,19010604,XBTUSD,Sell,583,3792.5,ZeroMinusTick,eac47a7e-53a5-eebb-0592-f63bf82ce961,338327,199
2819901,2019-01-06T04:00:25.783Z,19010604,XBTUSD,Sell,33,3792.5,ZeroMinusTick,9239196a-81f2-cca9-1f1e-85a04b265506,338360,200
2819423,2019-01-06T04:00:05.424Z,19010604,XBTUSD,Sell,28,3795,ZeroMinusTick,9728d96d-0c11-db7e-e6a6-ca758e106937,338388,201
2819435,2019-01-06T04:00:05.424Z,19010604,XBTUSD,Sell,15,3795,ZeroMinusTick,748cdf3e-cac3-a63f-b391-8d9eb6afbc7b,338403,202
2819444,2019-01-06T04:00:05.424Z,19010604,XBTUSD,Sell,29,3795,ZeroMinusTick,9052cdc0-4f41-d7c8-5d19-f1bc006d2480,338432,203
2819467,2019-01-06T04:00:05.996Z,19010604,XBTUSD,Sell,13,3795,ZeroMinusTick,c1bcbb81-6f05-fbb3-8840-214bfe5b10c6,338445,204
2819517,2019-01-06T04:00:11.805Z,19010604,XBTUSD,Buy,502,3795.5,ZeroPlusTick,9d1817a1-26dc-2b31-a236-82b5179b0eae,338947,205
2819525,2019-01-06T04:00:11.805Z,19010604,XBTUSD,Buy,91,3795.5,ZeroPlusTick,26f8bfe6-191a-bc32-f841-4611ab745592,339038,206
2819542,2019-01-06T04:00:11.805Z,19010604,XBTUSD,Buy,3796,3795.5,ZeroPlusTick,28398e09-18f8-121e-3227-c67ac42f2ccc,342834,207
2819553,2019-01-06T04:00:11.805Z,19010604,XBTUSD,Buy,2067,3795.5,ZeroPlusTick,7ecfcbdd-7988-5246-cdf4-bf748bb3027a,344901,208
2819557,2019-01-06T04:00:11.805Z,19010604,XBTUSD,Buy,1000,3795.5,ZeroPlusTick,9e2ccb53-5f27-53f5-f153-4f7e202ccac8,345901,209
2819568,2019-01-06T04:00:11.805Z,19010604,XBTUSD,Buy,50,3795.5,ZeroPlusTick,9fb43ead-4e31-d6f5-fced-7f964a54c4b4,345951,210
2819584,2019-01-06T04:00:12.956Z,19010604,XBTUSD,Buy,1500,3795.5,PlusTick,70b7800b-9d32-9c1a-72f1-79b086ada380,347451,211
2819596,2019-01-06T04:00:13.243Z,19010604,XBTUSD,Sell,10,3795,ZeroMinusTick,1fb30f11-1080-7c81-3296-7be5ccbe7d98,347461,212
2819607,2019-01-06T04:00:13.501Z,19010604,XBTUSD,Sell,2157,3795,ZeroMinusTick,77fc63e3-718d-2c67-a75e-519109656c64,349618,213
2819618,2019-01-06T04:00:13.720Z,19010604,XBTUSD,Sell,109,3795,ZeroMinusTick,c70d0101-70cd-9145-c8d6-0a19ec06580c,349727,214
2819622,2019-01-06T04:00:13.720Z,19010604,XBTUSD,Sell,10,3795,ZeroMinusTick,2e2f470a-247f-c4ae-35a0-30f47bb1458a,349737,215
2819635,2019-01-06T04:00:13.778Z,19010604,XBTUSD,Sell,28,3794.5,MinusTick,045efe2a-e1a3-cdb8-22d6-5534a2631caf,349765,216
2819645,2019-01-06T04:00:13.798Z,19010604,XBTUSD,Sell,2138,3794.5,ZeroMinusTick,468db4e4-df68-b164-7de6-9c5ddd51c95d,351903,217
2819652,2019-01-06T04:00:14.574Z,19010604,XBTUSD,Sell,2,3794.5,ZeroMinusTick,e1dc7631-7ed1-1e2d-0a28-357daa783044,351905,218
2819662,2019-01-06T04:00:15.538Z,19010604,XBTUSD,Sell,401,3794.5,ZeroMinusTick,f98d7198-adb9-e068-0e7b-de595f7b37f7,352306,219
2819670,2019-01-06T04:00:15.719Z,19010604,XBTUSD,Sell,1673,3794.5,ZeroMinusTick,0585fea8-2829-8a96-09f1-eebd1dd4891b,353979,220
2819700,2019-01-06T04:00:21.270Z,19010604,XBTUSD,Sell,2000,3794.5,ZeroMinusTick,fa3d4112-0dfd-4f56-15b3-b3e010fa1a0a,355979,221
2819711,2019-01-06T04:00:21.270Z,19010604,XBTUSD,Sell,29,3794.5,ZeroMinusTick,e16ae5fc-1e13-918d-bb4a-212fb0816534,356008,222
2819725,2019-01-06T04:00:21.270Z,19010604,XBTUSD,Sell,2,3794,ZeroMinusTick,9156f82a-25f4-a79f-5681-bc83ee312b22,356010,223
2819733,2019-01-06T04:00:21.270Z,19010604,XBTUSD,Sell,1000,3794,ZeroMinusTick,aa4a3800-8bfd-4424-f151-0420f3c61976,357010,224
2819742,2019-01-06T04:00:21.270Z,19010604,XBTUSD,Sell,10,3794,ZeroMinusTick,51e96978-e423-4ee4-55cf-eac76b12c31f,357020,225
2819753,2019-01-06T04:00:21.270Z,19010604,XBTUSD,Sell,350,3793.5,ZeroMinusTick,a4fa2775-9868-e055-5784-f67aea4157ff,357370,226
2819775,2019-01-06T04:00:24.263Z,19010604,XBTUSD,Sell,5081,3793.5,ZeroMinusTick,590028da-e7a7-fd20-48a2-d5529d94f9db,362451,227
2819788,2019-01-06T04:00:24.263Z,19010604,XBTUSD,Sell,5000,3793.5,ZeroMinusTick,d7df8ca2-c0ff-2393-7aa9-0c655e98ec84,367451,228
2819792,2019-01-06T04:00:24.263Z,19010604,XBTUSD,Sell,11,3793.5,ZeroMinusTick,08b591fa-29d0-ff99-8874-ef26acd3e6be,367462,229
2819802,2019-01-06T04:00:24.263Z,19010604,XBTUSD,Sell,2000,3793.5,ZeroMinusTick,e3207487-8875-0b4a-88f3-ecdac76a90b4,369462,230
2819812,2019-01-06T04:00:24.263Z,19010604,XBTUSD,Sell,1155,3793.5,ZeroMinusTick,f176c6ad-df1b-912b-5bd0-80d01706139d,370617,231
2819821,2019-01-06T04:00:24.263Z,19010604,XBTUSD,Sell,10,3793,ZeroMinusTick,5421aa93-8890-bd5e-a763-d17ee2f52ac9,370627,232
2819832,2019-01-06T04:00:24.263Z,19010604,XBTUSD,Sell,33,3793,ZeroMinusTick,975bd6f0-ff2b-f628-d892-c1b495ff44ca,370660,233
2819836,2019-01-06T04:00:24.263Z,19010604,XBTUSD,Sell,10,3793,ZeroMinusTick,6f4f1105-8f50-720e-815c-9e0f7044f44f,370670,234
2819846,2019-01-06T04:00:24.263Z,19010604,XBTUSD,Sell,288,3793,ZeroMinusTick,6e832334-af47-b352-c964-d4b880889a3d,370958,235
2819856,2019-01-06T04:00:24.263Z,19010604,XBTUSD,Sell,9804,3793,ZeroMinusTick,9b4b8672-7d46-f3dd-d449-45f99c1d808a,380762,236
2819863,2019-01-06T04:00:24.263Z,19010604,XBTUSD,Sell,16,3792.5,ZeroMinusTick,2fc3ce76-6600-eeca-7c39-a25edcdeeb62,380778,237
2819872,2019-01-06T04:00:24.263Z,19010604,XBTUSD,Sell,20,3792.5,ZeroMinusTick,0efb372e-5c58-18e6-b409-e9f985585c12,380798,238
2819899,2019-01-06T04:00:25.783Z,19010604,XBTUSD,Sell,10,3792.5,ZeroMinusTick,ba871830-e353-ad67-376e-16f13a92817c,380808,239
2819914,2019-01-06T04:00:25.783Z,19010604,XBTUSD,Sell,189,3792.5,ZeroMinusTick,36b58f79-2da5-4b6a-d51d-550deebdd383,380997,240
2819923,2019-01-06T04:00:25.783Z,19010604,XBTUSD,Sell,16,3792,ZeroMinusTick,da5c40a2-b9c6-491c-50c9-780594ff2dce,381013,241
2819942,2019-01-06T04:00:27.507Z,19010604,XBTUSD,Sell,124,3792.5,ZeroMinusTick,8adb1553-7665-3460-2c35-32e49ec1c6ee,381137,242
2819419,2019-01-06T04:00:05.424Z,19010604,XBTUSD,Sell,4686,3795,ZeroMinusTick,74110b65-9e32-b414-2b0a-d4f657fda188,385823,243
2819428,2019-01-06T04:00:05.424Z,19010604,XBTUSD,Sell,490,3795,ZeroMinusTick,025f5919-6f58-d1ab-c816-0517cae6f9a1,386313,244
2819432,2019-01-06T04:00:05.424Z,19010604,XBTUSD,Sell,7198,3795,ZeroMinusTick,886e5eca-fbe0-215f-cb0e-b1063b5f4384,393511,245
2819442,2019-01-06T04:00:05.424Z,19010604,XBTUSD,Sell,4000,3795,ZeroMinusTick,77bf7198-be65-4b38-f6f3-c19cd19ceafa,397511,246
2819452,2019-01-06T04:00:05.424Z,19010604,XBTUSD,Sell,4661,3795,ZeroMinusTick,c6d7f888-0dce-411a-532d-eda1881404c9,402172,247
2819453,2019-01-06T04:00:05.634Z,19010604,XBTUSD,Sell,112,3795,ZeroMinusTick,e3068ec3-2a4c-b46c-044b-24442b9e1670,402284,248
2819462,2019-01-06T04:00:05.996Z,19010604,XBTUSD,Sell,58,3795,ZeroMinusTick,c9f14e8a-63b7-2bea-58a3-a789de4d97e9,402342,249
2819473,2019-01-06T04:00:05.996Z,19010604,XBTUSD,Sell,30,3795,ZeroMinusTick,5d64d0c9-9fec-5bd9-4087-2ac8fd04d633,402372,250
2819495,2019-01-06T04:00:08.247Z,19010604,XBTUSD,Sell,50,3795,ZeroMinusTick,02a8f98a-e650-da32-055a-cfc9c8959652,402422,251
2819496,2019-01-06T04:00:08.792Z,19010604,XBTUSD,Buy,145,3795.5,PlusTick,f2c79c62-1eed-ab6a-4a84-c32740d4273b,402567,252
2819508,2019-01-06T04:00:10.974Z,19010604,XBTUSD,Buy,2152,3795.5,PlusTick,55c47265-60ca-2e48-ecb3-18b455f98f86,404719,253
2819516,2019-01-06T04:00:11.805Z,19010604,XBTUSD,Buy,502,3795.5,ZeroPlusTick,57182a2d-7e73-2659-0f92-100a68deda52,405221,254
2819524,2019-01-06T04:00:11.805Z,19010604,XBTUSD,Buy,57,3795.5,ZeroPlusTick,716badab-c78a-be04-b2e5-c632bd99e335,405278,255
2819538,2019-01-06T04:00:11.805Z,19010604,XBTUSD,Buy,5000,3795.5,ZeroPlusTick,7e618361-912f-d9b9-179e-028140bea872,410278,256
2819546,2019-01-06T04:00:11.805Z,19010604,XBTUSD,Buy,10,3795.5,ZeroPlusTick,0aef0eed-aeac-a862-07cc-a17c9ddbb0e5,410288,257
2819558,2019-01-06T04:00:11.805Z,19010604,XBTUSD,Buy,2000,3795.5,ZeroPlusTick,0ea11a42-7e34-ee2d-9c07-e8db2b1710cc,412288,258
2819575,2019-01-06T04:00:11.805Z,19010604,XBTUSD,Buy,1100,3795.5,ZeroPlusTick,730b9ce2-0636-be2a-0589-c3e7663e17d7,413388,259
2819578,2019-01-06T04:00:11.805Z,19010604,XBTUSD,Buy,6935,3795.5,ZeroPlusTick,8cce0d1e-49f4-f3ec-8a85-9ef038ba7716,420323,260
2819586,2019-01-06T04:00:13.090Z,19010604,XBTUSD,Sell,249,3795,ZeroMinusTick,2829d437-9ad2-cdac-6df7-934fe759c5b4,420572,261
2819590,2019-01-06T04:00:13.233Z,19010604,XBTUSD,Sell,217,3795,MinusTick,0930153c-b784-0c9e-6190-d0b4c3c87782,420789,262
2819600,2019-01-06T04:00:13.243Z,19010604,XBTUSD,Sell,1400,3795,ZeroMinusTick,139c82ee-1c07-1b7b-9e0b-9e3454d740ba,422189,263
2819609,2019-01-06T04:00:13.515Z,19010604,XBTUSD,Sell,374,3795,ZeroMinusTick,b38570e2-90bf-6368-b861-57001d0e924e,422563,264
2819619,2019-01-06T04:00:13.720Z,19010604,XBTUSD,Sell,33,3795,ZeroMinusTick,beec389e-46f1-ee6b-e5ca-de7dd447f0bc,422596,265
2819630,2019-01-06T04:00:13.778Z,19010604,XBTUSD,Sell,878,3795,ZeroMinusTick,dd3e155c-b840-87d0-c49a-50ab060771b9,423474,266
2819636,2019-01-06T04:00:13.778Z,19010604,XBTUSD,Sell,10,3794.5,ZeroMinusTick,70a901b0-5dae-3023-9919-f9d1b405fa42,423484,267
2819648,2019-01-06T04:00:13.798Z,19010604,XBTUSD,Sell,2213,3794.5,ZeroMinusTick,44575b37-c8e4-2c6d-7746-46a606ce4bd0,425697,268
2819654,2019-01-06T04:00:14.950Z,19010604,XBTUSD,Sell,2101,3794.5,ZeroMinusTick,722c39ec-6725-2b36-65e6-e4ecd5a71288,427798,269
2819661,2019-01-06T04:00:15.538Z,19010604,XBTUSD,Sell,30,3794.5,ZeroMinusTick,49bc2e05-8be3-e24e-2651-9e7d5ffe4d92,427828,270
2819673,2019-01-06T04:00:15.771Z,19010604,XBTUSD,Sell,87,3794.5,ZeroMinusTick,2feffd63-8fbe-ca72-61e8-41eda6586920,427915,271
2819699,2019-01-06T04:00:21.270Z,19010604,XBTUSD,Sell,1000,3794.5,ZeroMinusTick,3cb0e067-cfb7-bb17-173b-4c26acf38f82,428915,272
2819710,2019-01-06T04:00:21.270Z,19010604,XBTUSD,Sell,15000,3794.5,ZeroMinusTick,4362ff04-842c-0dff-3d1c-26ef4a8d7506,443915,273
2819721,2019-01-06T04:00:21.270Z,19010604,XBTUSD,Sell,1000,3794,ZeroMinusTick,38ca2c26-a6b2-6cbd-6a6f-d48631fecef7,444915,274
2819735,2019-01-06T04:00:21.270Z,19010604,XBTUSD,Sell,50,3794,ZeroMinusTick,5e89b575-54c8-eb99-fab7-c99325114404,444965,275
2819743,2019-01-06T04:00:21.270Z,19010604,XBTUSD,Sell,10,3794,ZeroMinusTick,623cc127-afaf-14f0-45d1-a0ced0730d47,444975,276
2819751,2019-01-06T04:00:21.270Z,19010604,XBTUSD,Sell,33,3793.5,ZeroMinusTick,e14d6666-8b09-d6de-d412-89ffdfdce45c,445008,277
2819761,2019-01-06T04:00:21.270Z,19010604,XBTUSD,Sell,125,3793.5,ZeroMinusTick,2002ef1c-94a2-606e-d546-b255378d4584,445133,278
2819779,2019-01-06T04:00:24.263Z,19010604,XBTUSD,Sell,2000,3793.5,ZeroMinusTick,6fd9ec0c-fe67-b21a-182f-4c1a10643b98,447133,279
2819787,2019-01-06T04:00:24.263Z,19010604,XBTUSD,Sell,1000,3793.5,ZeroMinusTick,04387cf0-7cd9-36df-22ee-ce745bf26846,448133,280
2819800,2019-01-06T04:00:24.263Z,19010604,XBTUSD,Sell,3000,3793.5,ZeroMinusTick,3cea60e0-2cd4-6211-1596-c4bfd6de32f1,451133,281
2819808,2019-01-06T04:00:24.263Z,19010604,XBTUSD,Sell,94,3793.5,ZeroMinusTick,35615e75-7804-bc36-3350-51752a0319cd,451227,282
2819817,2019-01-06T04:00:24.263Z,19010604,XBTUSD,Sell,11,3793,ZeroMinusTick,c87435b0-c44b-6616-5365-3cf3bf703e90,451238,283
2819417,2019-01-06T04:00:05.424Z,19010604,XBTUSD,Sell,12500,3795,ZeroMinusTick,b586ac7f-e3ac-1470-ef3d-39802ce49ae6,463738,284
2819421,2019-01-06T04:00:05.424Z,19010604,XBTUSD,Sell,11,3795,ZeroMinusTick,204ee7d4-da50-f257-95f5-5baac492ef40,463749,285
2819431,2019-01-06T04:00:05.424Z,19010604,XBTUSD,Sell,120,3795,ZeroMinusTick,6f2b3645-c0f7-7b26-edf7-7e1f1b8c63e0,463869,286
2819441,2019-01-06T04:00:05.424Z,19010604,XBTUSD,Sell,1200,3795,ZeroMinusTick,e280a05c-9d36-d15f-7622-f910e0172e3c,465069,287
2819451,2019-01-06T04:00:05.424Z,19010604,XBTUSD,Sell,76,3795,ZeroMinusTick,244d1d73-aa07-9eb4-50f6-bd351adb68c0,465145,288
2819465,2019-01-06T04:00:05.996Z,19010604,XBTUSD,Sell,268,3795,ZeroMinusTick,d6ad3b5d-0704-279b-ef5b-96c7cb150b94,465413,289
2819474,2019-01-06T04:00:05.996Z,19010604,XBTUSD,Sell,32,3795,ZeroMinusTick,36e2b013-3e76-6e30-8125-39c8ca1eb24a,465445,290
2819501,2019-01-06T04:00:09.453Z,19010604,XBTUSD,Buy,794,3795.5,PlusTick,2e29f7f7-da90-1f01-6feb-98717814fa17,466239,291
2819513,2019-01-06T04:00:11.805Z,19010604,XBTUSD,Buy,502,3795.5,ZeroPlusTick,8faee504-d5c0-9df2-81b0-27d546a3dae5,466741,292
2819526,2019-01-06T04:00:11.805Z,19010604,XBTUSD,Buy,191,3795.5,ZeroPlusTick,8e499bde-6bf0-1ed0-a377-e0b9f83646b2,466932,293
2819536,2019-01-06T04:00:11.805Z,19010604,XBTUSD,Buy,189,3795.5,ZeroPlusTick,e23000f4-5856-7b6b-ed18-17cfc7af101d,467121,294
2819550,2019-01-06T04:00:11.805Z,19010604,XBTUSD,Buy,94,3795.5,ZeroPlusTick,89b166b1-c425-bf78-0396-695a4fbd2e69,467215,295
2819559,2019-01-06T04:00:11.805Z,19010604,XBTUSD,Buy,90,3795.5,ZeroPlusTick,87019c2e-8d6a-1951-7bda-8c6db3052bdc,467305,296
2819571,2019-01-06T04:00:11.805Z,19010604,XBTUSD,Buy,268,3795.5,ZeroPlusTick,a5584649-aef6-84bc-b8c2-79bb406df85e,467573,297
2819582,2019-01-06T04:00:12.947Z,19010604,XBTUSD,Sell,28,3795,ZeroMinusTick,fcf4b881-9996-7e43-1929-dbd72dd7e5de,467601,298
2819594,2019-01-06T04:00:13.243Z,19010604,XBTUSD,Sell,50,3795,ZeroMinusTick,b0e82d18-6bf3-6759-5893-e2a85b5e2097,467651,299
2819604,2019-01-06T04:00:13.263Z,19010604,XBTUSD,Sell,1207,3795,ZeroMinusTick,c294d712-4797-7cfc-0bd9-7c59fcfe4902,468858,300
2819616,2019-01-06T04:00:13.720Z,19010604,XBTUSD,Sell,1829,3795,ZeroMinusTick,676e42cf-e4e1-6a9f-920d-6477ab67f191,470687,301
2819628,2019-01-06T04:00:13.740Z,19010604,XBTUSD,Sell,386,3795,ZeroMinusTick,71cadaee-0943-6c9f-6aa0-08aa892f3697,471073,302
2819641,2019-01-06T04:00:13.778Z,19010604,XBTUSD,Sell,33,3794.5,ZeroMinusTick,e8781b75-3f3f-07a4-e51e-ee78ef5625d6,471106,303
2819667,2019-01-06T04:00:15.665Z,19010604,XBTUSD,Sell,1297,3794.5,ZeroMinusTick,785306c0-1c0b-5d3f-ad37-77b91db78d25,472403,304
2819704,2019-01-06T04:00:21.270Z,19010604,XBTUSD,Sell,166,3794.5,ZeroMinusTick,fa5d092e-d2d7-fc4c-6ff7-546df6e7e142,472569,305
2819712,2019-01-06T04:00:21.270Z,19010604,XBTUSD,Sell,9963,3794.5,ZeroMinusTick,86bb0368-7e61-c976-e11e-1d031747e7d9,482532,306
2819720,2019-01-06T04:00:21.270Z,19010604,XBTUSD,Sell,500,3794,ZeroMinusTick,3f3568e3-32fc-54d2-3f8a-bb04f4b25997,483032,307
2819734,2019-01-06T04:00:21.270Z,19010604,XBTUSD,Sell,100,3794,ZeroMinusTick,71b45092-f47f-6e45-cfe5-a7acd48da9e7,483132,308
2819746,2019-01-06T04:00:21.270Z,19010604,XBTUSD,Sell,11347,3793.5,MinusTick,29bb6f2b-66df-c344-47e7-7bfc8bed3ce5,494479,309
2819757,2019-01-06T04:00:21.270Z,19010604,XBTUSD,Sell,121,3793.5,ZeroMinusTick,e3c2f4f5-6c20-5d89-47df-e33117399873,494600,310
2819765,2019-01-06T04:00:22.445Z,19010604,XBTUSD,Sell,10000,3793.5,ZeroMinusTick,823ec298-bc52-5be7-eb53-7e6a29923010,504600,311
2819770,2019-01-06T04:00:23.141Z,19010604,XBTUSD,Buy,2,3794,PlusTick,56d98ec3-b898-e27a-3145-02f5422f23e3,504602,312
2819780,2019-01-06T04:00:24.263Z,19010604,XBTUSD,Sell,500,3793.5,ZeroMinusTick,efb108af-2b10-27a0-4f00-bb0221b70ba9,505102,313
2819790,2019-01-06T04:00:24.263Z,19010604,XBTUSD,Sell,1266,3793.5,ZeroMinusTick,520cc3a2-4550-89cd-f2f6-01b9ab6d5ae5,506368,314
2819798,2019-01-06T04:00:24.263Z,19010604,XBTUSD,Sell,10,3793.5,ZeroMinusTick,fe9e8437-b247-1e54-4b3f-9f7f215daaf7,506378,315
2819804,2019-01-06T04:00:24.263Z,19010604,XBTUSD,Sell,2000,3793.5,ZeroMinusTick,084e4e6b-36b8-f304-4e6a-33f4f8beb5db,508378,316
2819814,2019-01-06T04:00:24.263Z,19010604,XBTUSD,Sell,27,3793.5,ZeroMinusTick,35acd308-9a93-26a6-6c6b-908a4a42c932,508405,317
2819824,2019-01-06T04:00:24.263Z,19010604,XBTUSD,Sell,20,3793,ZeroMinusTick,d0b46609-616b-7060-f945-3d934e116bea,508425,318
2819834,2019-01-06T04:00:24.263Z,19010604,XBTUSD,Sell,30,3793,ZeroMinusTick,c4259089-22a0-ece6-ff60-65c4ab35b0df,508455,319
2819842,2019-01-06T04:00:24.263Z,19010604,XBTUSD,Sell,30,3793,ZeroMinusTick,e03c2404-6e5f-5e0f-18f7-e42fb5e12fed,508485,320
2819849,2019-01-06T04:00:24.263Z,19010604,XBTUSD,Sell,7254,3793,ZeroMinusTick,583b062c-efb7-caf6-fce4-aff144a9fd1b,515739,321
2819861,2019-01-06T04:00:24.263Z,19010604,XBTUSD,Sell,11,3792.5,ZeroMinusTick,36096fe7-d8df-6de6-0706-4255ab090e9a,515750,322
2819877,2019-01-06T04:00:24.263Z,19010604,XBTUSD,Sell,20000,3792.5,ZeroMinusTick,b32a2637-7376-7078-aa81-0c85a821dc95,535750,323
2819900,2019-01-06T04:00:25.783Z,19010604,XBTUSD,Sell,1000,3792.5,ZeroMinusTick,65ace828-b9a5-648d-298f-175554203126,536750,324
2819911,2019-01-06T04:00:25.783Z,19010604,XBTUSD,Sell,2000,3792.5,ZeroMinusTick,165f38b8-7be6-179c-8dc2-5a5d5d99f741,538750,325
2819921,2019-01-06T04:00:25.783Z,19010604,XBTUSD,Sell,124,3792,ZeroMinusTick,1585336c-2079-7294-8dbe-cb3f543b00ae,538874,326
2819936,2019-01-06T04:00:25.783Z,19010604,XBTUSD,Sell,68950,3792,ZeroMinusTick,f810c172-bb36-3916-1941-1d6ed83c6e86,607824,327
2819939,2019-01-06T04:00:26.405Z,19010604,XBTUSD,Buy,3194,3793,ZeroPlusTick,f5f8f882-b3ec-1179-502e-da81039ab526,611018,328
2819940,2019-01-06T04:00:26.710Z,19010604,XBTUSD,Buy,38,3793,ZeroPlusTick,9eecd597-3530-f44d-8dcf-ba8e4d774356,611056,329
2819941,2019-01-06T04:00:26.802Z,19010604,XBTUSD,Sell,512,3792.5,MinusTick,664f6d64-b3d5-0aa0-becf-c07c111a0785,611568,330
2819957,2019-01-06T04:00:29.130Z,19010604,XBTUSD,Buy,75,3793,ZeroPlusTick,35826e5f-8d57-d771-d30d-04d7fc1bdbb0,611643,331
2819976,2019-01-06T04:00:33.513Z,19010604,XBTUSD,Sell,370,3792.5,ZeroMinusTick,97f59cec-421c-4e15-1424-772203c6d41e,612013,332
2819569,2019-01-06T04:00:11.805Z,19010604,XBTUSD,Buy,7500,3795.5,ZeroPlusTick,7dd449b9-36ac-e974-3ccf-166c0c5af9f6,619513,333
2819589,2019-01-06T04:00:13.209Z,19010604,XBTUSD,Buy,8,3795.5,ZeroPlusTick,05eff71c-a445-45d5-e6dc-a35900ff29ec,619521,334
2819603,2019-01-06T04:00:13.243Z,19010604,XBTUSD,Sell,708,3795,ZeroMinusTick,f9e64ce7-e583-3bd2-0015-acec3ab42349,620229,335
2819617,2019-01-06T04:00:13.720Z,19010604,XBTUSD,Sell,120,3795,ZeroMinusTick,2a2b32af-9915-d54d-aba1-311f5e4d0187,620349,336
2819623,2019-01-06T04:00:13.720Z,19010604,XBTUSD,Sell,11,3795,ZeroMinusTick,70440c10-bf33-eca2-7c78-d99bf69ce857,620360,337
2819634,2019-01-06T04:00:13.778Z,19010604,XBTUSD,Sell,10,3795,ZeroMinusTick,cafe86f4-e5f7-a9f5-8a5b-405c369bd460,620370,338
2819644,2019-01-06T04:00:13.778Z,19010604,XBTUSD,Sell,162,3794.5,ZeroMinusTick,ac266b65-884d-29dd-1f75-06fffb283776,620532,339
2819668,2019-01-06T04:00:15.696Z,19010604,XBTUSD,Sell,786,3794.5,ZeroMinusTick,5a48419d-cc42-7157-9fbb-0ec6082e114d,621318,340
2819676,2019-01-06T04:00:15.890Z,19010604,XBTUSD,Sell,526,3794.5,MinusTick,8e5c70ab-1ddd-ac81-7b20-41502b05cfc3,621844,341
2819683,2019-01-06T04:00:17.208Z,19010604,XBTUSD,Sell,4,3794.5,ZeroMinusTick,aac65edd-92b0-2616-3050-76f27f5fe4de,621848,342
2819698,2019-01-06T04:00:21.270Z,19010604,XBTUSD,Sell,15,3794.5,ZeroMinusTick,3e5b3403-157e-2219-9f3d-c17051de56dd,621863,343
2819714,2019-01-06T04:00:21.270Z,19010604,XBTUSD,Sell,28,3794,MinusTick,e7ee049e-7fde-4b2e-4d83-e6852c537365,621891,344
2819726,2019-01-06T04:00:21.270Z,19010604,XBTUSD,Sell,11,3794,ZeroMinusTick,e6d1f37d-9689-f16b-863c-e51caab3d1e6,621902,345
2819736,2019-01-06T04:00:21.270Z,19010604,XBTUSD,Sell,23,3794,ZeroMinusTick,18ac4253-355c-7a48-d47d-018993634bea,621925,346
2819741,2019-01-06T04:00:21.270Z,19010604,XBTUSD,Sell,231,3794,ZeroMinusTick,76fd0f9c-4cae-db74-5d85-db75ef4abec8,622156,347
2819752,2019-01-06T04:00:21.270Z,19010604,XBTUSD,Sell,1000,3793.5,ZeroMinusTick,db04aae9-1aa3-20ab-7515-efb35cdf8f9d,623156,348
2819762,2019-01-06T04:00:21.270Z,19010604,XBTUSD,Sell,16439,3793.5,ZeroMinusTick,a43ea440-0992-e10d-042a-c0655c6194c3,639595,349
2819784,2019-01-06T04:00:24.263Z,19010604,XBTUSD,Sell,83,3793.5,ZeroMinusTick,1dec6276-4dbe-e8c4-e9c6-ef8514131ace,639678,350
2819795,2019-01-06T04:00:24.263Z,19010604,XBTUSD,Sell,189,3793.5,ZeroMinusTick,b12f3778-457a-a8c9-a920-b879658c39de,639867,351
2819806,2019-01-06T04:00:24.263Z,19010604,XBTUSD,Sell,2975,3793.5,ZeroMinusTick,10577969-ccc0-b9a0-a91f-6037c44f0a11,642842,352
2819818,2019-01-06T04:00:24.263Z,19010604,XBTUSD,Sell,124,3793,ZeroMinusTick,8491a392-37b0-3926-2743-191096d6d1bf,642966,353
2819826,2019-01-06T04:00:24.263Z,19010604,XBTUSD,Sell,100,3793,ZeroMinusTick,f375dc75-0962-4c22-3539-a8137d7941a3,643066,354
2819840,2019-01-06T04:00:24.263Z,19010604,XBTUSD,Sell,1,3793,ZeroMinusTick,31f324ea-6e87-695b-2ba9-2512a2c4be74,643067,355
2819852,2019-01-06T04:00:24.263Z,19010604,XBTUSD,Sell,3000,3793,ZeroMinusTick,57739193-caeb-1da4-cd0a-23f3d3aeeec5,646067,356
2819859,2019-01-06T04:00:24.263Z,19010604,XBTUSD,Sell,11,3792.5,ZeroMinusTick,328b23b6-eb5c-a0cd-ab71-5ebdf5608cff,646078,357
2819869,2019-01-06T04:00:24.263Z,19010604,XBTUSD,Sell,18,3792.5,ZeroMinusTick,b3c58235-2edf-c464-ac88-93b20cfb2227,646096,358
2819896,2019-01-06T04:00:25.783Z,19010604,XBTUSD,Sell,22047,3792.5,ZeroMinusTick,a05cac19-e9b9-189e-40e8-53660f473901,668143,359
2819898,2019-01-06T04:00:25.783Z,19010604,XBTUSD,Sell,33,3792.5,ZeroMinusTick,930d8034-3b95-9001-2ac8-aec11c323f51,668176,360
2819908,2019-01-06T04:00:25.783Z,19010604,XBTUSD,Sell,1000,3792.5,ZeroMinusTick,39a61dbe-5bae-28c0-178c-a6bb13417bc3,669176,361
2819918,2019-01-06T04:00:25.783Z,19010604,XBTUSD,Sell,189,3792.5,ZeroMinusTick,cb89a519-64b5-9d91-182d-dc1752d960db,669365,362
2819926,2019-01-06T04:00:25.783Z,19010604,XBTUSD,Sell,22,3792,ZeroMinusTick,49809987-a913-c73d-0c7e-1d9326b1bec9,669387,363
2819961,2019-01-06T04:00:29.130Z,19010604,XBTUSD,Buy,150,3793,ZeroPlusTick,10eb2475-9018-3292-904d-9658bfa3fe07,669537,364
2819997,2019-01-06T04:00:40.242Z,19010604,XBTUSD,Buy,1500,3793,PlusTick,60888c94-7a23-3338-9597-b7104e26c3ea,671037,365
2820024,2019-01-06T04:00:44.586Z,19010604,XBTUSD,Buy,2218,3793,PlusTick,e23b05d0-e78c-a5a7-a242-050853459f78,673255,366
2820057,2019-01-06T04:00:52.953Z,19010604,XBTUSD,Buy,10027,3793,ZeroPlusTick,2d4f7b32-db10-463f-2f3c-307051ad6127,683282,367
2820068,2019-01-06T04:00:52.953Z,19010604,XBTUSD,Buy,10,3793,ZeroPlusTick,15d8fcec-8a5b-0251-7992-81dff4f49b69,683292,368
2820078,2019-01-06T04:00:54.160Z,19010604,XBTUSD,Buy,94,3793,PlusTick,c7a32510-fbb3-898d-6b0d-4c26dfa403c5,683386,369
2820105,2019-01-06T04:01:02.469Z,19010604,XBTUSD,Sell,171,3792.5,ZeroMinusTick,3bd81aa5-28e9-1ba9-e307-35e9fac821d6,683557,370
2820108,2019-01-06T04:01:03.055Z,19010604,XBTUSD,Sell,3,3792.5,ZeroMinusTick,5233f89a-23a0-c71f-08ab-0a507bce0786,683560,371
2819629,2019-01-06T04:00:13.750Z,19010604,XBTUSD,Sell,774,3795,ZeroMinusTick,c2eec6a5-93bf-6d79-8351-387b8e7f774e,684334,372
2819639,2019-01-06T04:00:13.778Z,19010604,XBTUSD,Sell,125,3794.5,ZeroMinusTick,576625dd-64c8-70ed-5b13-afdf7a25b7b4,684459,373
2819646,2019-01-06T04:00:13.798Z,19010604,XBTUSD,Sell,1,3794.5,ZeroMinusTick,5e423fbc-dc87-beda-faae-1e02702fb339,684460,374
2819655,2019-01-06T04:00:15.021Z,19010604,XBTUSD,Sell,243,3794.5,ZeroMinusTick,96248592-0880-27fb-8c3c-a545ea565aee,684703,375
2819657,2019-01-06T04:00:15.498Z,19010604,XBTUSD,Sell,211,3794.5,ZeroMinusTick,ca2828eb-1516-164e-c4af-adeb508b0126,684914,376
2819658,2019-01-06T04:00:15.512Z,19010604,XBTUSD,Sell,4299,3794.5,ZeroMinusTick,b4ccdef0-dc43-8118-f994-c92473b64434,689213,377
2819659,2019-01-06T04:00:15.538Z,19010604,XBTUSD,Sell,3264,3794.5,ZeroMinusTick,13d5a416-9501-d789-1677-f4854f3bd57e,692477,378
2819669,2019-01-06T04:00:15.711Z,19010604,XBTUSD,Sell,390,3794.5,ZeroMinusTick,47fc847b-1e78-1d45-aa02-92ee1e72de20,692867,379
2819677,2019-01-06T04:00:15.899Z,19010604,XBTUSD,Sell,754,3794.5,ZeroMinusTick,1447deaa-a7eb-5632-b561-a9654947b6de,693621,380
2819695,2019-01-06T04:00:21.244Z,19010604,XBTUSD,Sell,200,3794.5,MinusTick,f73ce0a1-04ce-dfdb-fe89-c7f9f5cba6de,693821,381
2819696,2019-01-06T04:00:21.270Z,19010604,XBTUSD,Sell,595,3794.5,ZeroMinusTick,6388ff4a-08d0-443b-f557-32b9b3b3f036,694416,382
2819706,2019-01-06T04:00:21.270Z,19010604,XBTUSD,Sell,180,3794.5,ZeroMinusTick,325c47f9-40ae-72a1-520d-60e47cc57206,694596,383
2819716,2019-01-06T04:00:21.270Z,19010604,XBTUSD,Sell,490,3794,ZeroMinusTick,751971c7-8f1c-179c-ae0d-f06538e27d27,695086,384
2819724,2019-01-06T04:00:21.270Z,19010604,XBTUSD,Sell,3,3794,ZeroMinusTick,0dbf7faa-534d-4d6e-6910-c2ed0deccae2,695089,385
2819737,2019-01-06T04:00:21.270Z,19010604,XBTUSD,Sell,64,3794,ZeroMinusTick,7f720b96-099d-ad3e-42a8-9959c1cb1cf3,695153,386
2819748,2019-01-06T04:00:21.270Z,19010604,XBTUSD,Sell,10,3793.5,ZeroMinusTick,40dad962-72ef-b9b5-913b-a3d014855da9,695163,387
2819760,2019-01-06T04:00:21.270Z,19010604,XBTUSD,Sell,28,3793.5,ZeroMinusTick,a24e19cf-8216-f05b-39aa-432afecd5839,695191,388
2819783,2019-01-06T04:00:24.263Z,19010604,XBTUSD,Sell,30000,3793.5,ZeroMinusTick,04693067-0019-c4cc-d8ec-99765d1a4328,725191,389
2819799,2019-01-06T04:00:24.263Z,19010604,XBTUSD,Sell,50,3793.5,ZeroMinusTick,b231b77c-344d-c4a2-e665-be4814d1bf11,725241,390
2819811,2019-01-06T04:00:24.263Z,19010604,XBTUSD,Sell,100,3793.5,ZeroMinusTick,bbef39ce-5941-12d6-a803-b661732668ec,725341,391
2819820,2019-01-06T04:00:24.263Z,19010604,XBTUSD,Sell,500,3793,ZeroMinusTick,40359724-ca67-3b79-c0b9-d7fd81a89151,725841,392
2819833,2019-01-06T04:00:24.263Z,19010604,XBTUSD,Sell,1000,3793,ZeroMinusTick,c6c690bc-c444-caa2-d84b-38cf63d6ccd9,726841,393
2819839,2019-01-06T04:00:24.263Z,19010604,XBTUSD,Sell,10,3793,ZeroMinusTick,9c4448e9-c252-e8b8-78fb-c0da3a7c0e21,726851,394
2819848,2019-01-06T04:00:24.263Z,19010604,XBTUSD,Sell,60000,3793,ZeroMinusTick,b8e691c3-fb7f-f226-cedf-94878667acf1,786851,395
2819865,2019-01-06T04:00:24.263Z,19010604,XBTUSD,Sell,20,3792.5,ZeroMinusTick,208b5712-224c-7bf7-d63c-cbbbc99bddc1,786871,396
2819873,2019-01-06T04:00:24.263Z,19010604,XBTUSD,Sell,37,3792.5,ZeroMinusTick,3a0ab6d4-7026-01a9-cfa5-66593e752c6a,786908,397
2819902,2019-01-06T04:00:25.783Z,19010604,XBTUSD,Sell,50,3792.5,ZeroMinusTick,b6816ac3-6457-0cca-e0ca-270d00bef9c6,786958,398
2819915,2019-01-06T04:00:25.783Z,19010604,XBTUSD,Sell,29,3792.5,ZeroMinusTick,917610c9-7ae7-ecc1-b0d2-37bb9336f326,786987,399
2819928,2019-01-06T04:00:25.783Z,19010604,XBTUSD,Sell,457,3792,ZeroMinusTick,d0e418a9-00a6-090c-d81e-145f18e1fe45,787444,400
2819935,2019-01-06T04:00:25.783Z,19010604,XBTUSD,Sell,34,3792,ZeroMinusTick,8302e890-8bb5-9d7a-20be-23ecdc5b85cf,787478,401
2819945,2019-01-06T04:00:28.347Z,19010604,XBTUSD,Sell,3,3792.5,ZeroMinusTick,a64fcdc9-3252-ee85-8071-7440938e21fb,787481,402
2819966,2019-01-06T04:00:30.678Z,19010604,XBTUSD,Sell,3000,3792.5,ZeroMinusTick,752e6367-42ad-4d89-623d-e7da362a3206,790481,403
2819972,2019-01-06T04:00:32.451Z,19010604,XBTUSD,Sell,171,3792.5,MinusTick,e1bc6797-a2c9-ee4e-8082-069561fffcab,790652,404
2819987,2019-01-06T04:00:36.940Z,19010604,XBTUSD,Buy,38,3793,PlusTick,8a8c25e4-2ae2-10d9-b94f-4288eebd847d,790690,405
2820047,2019-01-06T04:00:48.477Z,19010604,XBTUSD,Buy,38,3793,ZeroPlusTick,5c9d8d06-157a-345c-c80f-061508c07933,790728,406
2820063,2019-01-06T04:00:52.953Z,19010604,XBTUSD,Buy,125,3793,ZeroPlusTick,d35b2f91-bf64-a051-e8ce-86cc2b340171,790853,407
2820067,2019-01-06T04:00:52.953Z,19010604,XBTUSD,Buy,521,3793,ZeroPlusTick,05d103a8-0fdb-111b-18c8-c008aa5305a6,791374,408
2820079,2019-01-06T04:00:54.243Z,19010604,XBTUSD,Buy,18,3793,ZeroPlusTick,a340931e-e9d9-1b3c-90e0-52e8d9c8898b,791392,409
2820093,2019-01-06T04:00:59.434Z,19010604,XBTUSD,Buy,30,3793,ZeroPlusTick,b97fbe51-939f-edbd-0433-516414355c20,791422,410
2820095,2019-01-06T04:00:59.838Z,19010604,XBTUSD,Buy,2868,3793,ZeroPlusTick,3d1fda47-3caa-7785-54a3-57d60131f824,794290,411
2820096,2019-01-06T04:00:59.914Z,19010604,XBTUSD,Buy,1102,3793,ZeroPlusTick,8c2d3415-56bd-7336-62bb-2111a08e40b5,795392,412
2819718,2019-01-06T04:00:21.270Z,19010604,XBTUSD,Sell,2754,3794,ZeroMinusTick,5c691a7c-2b20-6d0c-60ec-b7aed52611a0,798146,413
2819728,2019-01-06T04:00:21.270Z,19010604,XBTUSD,Sell,1,3794,ZeroMinusTick,465bfd53-81c9-1313-6157-2cb2a80bcede,798147,414
2819738,2019-01-06T04:00:21.270Z,19010604,XBTUSD,Sell,100,3794,ZeroMinusTick,86a006a9-d605-993c-f782-1a4aca78d926,798247,415
2819747,2019-01-06T04:00:21.270Z,19010604,XBTUSD,Sell,10,3793.5,ZeroMinusTick,f57c0854-ce4b-9878-b226-bf2572d85e2f,798257,416
2819759,2019-01-06T04:00:21.270Z,19010604,XBTUSD,Sell,11,3793.5,ZeroMinusTick,430fcae2-5521-b1c3-c1ac-875377cbc3a0,798268,417
2819764,2019-01-06T04:00:21.942Z,19010604,XBTUSD,Sell,50,3793.5,ZeroMinusTick,424f9cc5-9ed1-7a04-24cb-83e5d28c41d5,798318,418
2819786,2019-01-06T04:00:24.263Z,19010604,XBTUSD,Sell,1222,3793.5,ZeroMinusTick,1d4ce01b-f3dc-15ec-d792-56b4dfe972dc,799540,419
2819796,2019-01-06T04:00:24.263Z,19010604,XBTUSD,Sell,189,3793.5,ZeroMinusTick,88860a7a-0f61-752b-a393-d5e798cfe0fe,799729,420
2819809,2019-01-06T04:00:24.263Z,19010604,XBTUSD,Sell,94,3793.5,ZeroMinusTick,278f6e71-0e67-d0d9-b12f-4c969e690ae0,799823,421
2819815,2019-01-06T04:00:24.263Z,19010604,XBTUSD,Sell,67,3793.5,ZeroMinusTick,a1109b32-854a-390e-21ac-ed01c7e43b22,799890,422
2819830,2019-01-06T04:00:24.263Z,19010604,XBTUSD,Sell,40,3793,ZeroMinusTick,722f14e7-a735-2738-387b-597a3ce02e5e,799930,423
2819841,2019-01-06T04:00:24.263Z,19010604,XBTUSD,Sell,100,3793,ZeroMinusTick,16ed2acc-e150-149f-6e0d-5ff2975cb332,800030,424
2819855,2019-01-06T04:00:24.263Z,19010604,XBTUSD,Sell,3,3793,ZeroMinusTick,212e9372-d892-bcc8-2b00-bd55c5f7c1eb,800033,425
2819864,2019-01-06T04:00:24.263Z,19010604,XBTUSD,Sell,100,3792.5,ZeroMinusTick,89dcc5f7-059e-99a7-22fc-8559064218e6,800133,426
2819876,2019-01-06T04:00:24.263Z,19010604,XBTUSD,Sell,12,3792.5,ZeroMinusTick,6bb06bcd-0986-1b89-4489-f3df10a202d8,800145,427
2819907,2019-01-06T04:00:25.783Z,19010604,XBTUSD,Sell,2000,3792.5,ZeroMinusTick,da3cb579-ddd4-4a41-c603-02ac578ca6d1,802145,428
2819909,2019-01-06T04:00:25.783Z,19010604,XBTUSD,Sell,1000,3792.5,ZeroMinusTick,6aae4dc7-ff8e-da7c-9799-d74576709ddb,803145,429
2819919,2019-01-06T04:00:25.783Z,19010604,XBTUSD,Sell,28,3792,MinusTick,0262d507-5068-1d82-eb93-50b21698356c,803173,430
2819929,2019-01-06T04:00:25.783Z,19010604,XBTUSD,Sell,10,3792,ZeroMinusTick,f8efd0ca-520b-cb56-8937-ab3becd319da,803183,431
2819931,2019-01-06T04:00:25.783Z,19010604,XBTUSD,Sell,25,3792,ZeroMinusTick,f6952e18-fc37-d7ef-f08f-d25c60aa6db9,803208,432
2819943,2019-01-06T04:00:27.614Z,19010604,XBTUSD,Sell,5000,3792.5,ZeroMinusTick,5beca294-3ee9-1b95-4a18-ebab30137f07,808208,433
2819958,2019-01-06T04:00:29.130Z,19010604,XBTUSD,Buy,150,3793,ZeroPlusTick,8caa1d33-6f9b-a9aa-871b-262ce1aedbdb,808358,434
2819962,2019-01-06T04:00:29.130Z,19010604,XBTUSD,Buy,3417,3793,ZeroPlusTick,fd7a2759-09ca-8185-97ba-3384add03a34,811775,435
2820056,2019-01-06T04:00:52.953Z,19010604,XBTUSD,Buy,13750,3793,ZeroPlusTick,e3f0b9cc-906f-0741-297f-5b0f741102a1,825525,436
2820071,2019-01-06T04:00:52.953Z,19010604,XBTUSD,Buy,622,3793,ZeroPlusTick,0a98d458-3761-4d2b-f294-b14453d206d5,826147,437
2820080,2019-01-06T04:00:54.243Z,19010604,XBTUSD,Buy,20,3793,ZeroPlusTick,7d573ece-3abc-24c6-27c6-1bf9e2c9d8cb,826167,438
2820119,2019-01-06T04:01:03.609Z,19010604,XBTUSD,Sell,1298,3792.5,ZeroMinusTick,420ef6ee-a096-e490-ead5-50347efe8cc6,827465,439
2820204,2019-01-06T04:01:14.700Z,19010604,XBTUSD,Buy,816,3793,ZeroPlusTick,8027acca-f690-c963-b99b-c56fa06717e0,828281,440
2820217,2019-01-06T04:01:15.411Z,19010604,XBTUSD,Buy,3595,3793,ZeroPlusTick,ac327e50-c0e6-1351-eaa9-331e8054a740,831876,441
2820222,2019-01-06T04:01:15.654Z,19010604,XBTUSD,Sell,189,3792.5,ZeroMinusTick,f2acb635-4843-32f4-00e6-ce667af23e94,832065,442
2820231,2019-01-06T04:01:15.654Z,19010604,XBTUSD,Sell,28,3792.5,ZeroMinusTick,d7633797-d330-0a48-5c0f-67812902e22b,832093,443
2820241,2019-01-06T04:01:15.654Z,19010604,XBTUSD,Sell,20,3792.5,ZeroMinusTick,825b44ce-a766-38e3-52d7-5226d1d1cf57,832113,444
2820251,2019-01-06T04:01:15.654Z,19010604,XBTUSD,Sell,20,3792.5,ZeroMinusTick,5e5b5d75-fc61-86ea-d89f-2ad3691e85c0,832133,445
2820267,2019-01-06T04:01:20.389Z,19010604,XBTUSD,Sell,3400,3792.5,ZeroMinusTick,0a7a7b47-ca0f-31fb-a54c-6bbfe6159540,835533,446
2820276,2019-01-06T04:01:21.655Z,19010604,XBTUSD,Sell,500,3792.5,MinusTick,b28a063f-6543-b359-a8d3-f89d0227517d,836033,447
2820299,2019-01-06T04:01:31.058Z,19010604,XBTUSD,Buy,38,3793,ZeroPlusTick,842bdf94-9fc6-f39b-a397-a5fa7d2ba5f5,836071,448
2820300,2019-01-06T04:01:31.077Z,19010604,XBTUSD,Buy,543,3793,ZeroPlusTick,54bf824b-9ff7-494e-3c10-8956c3be5aba,836614,449
2819732,2019-01-06T04:00:21.270Z,19010604,XBTUSD,Sell,10,3794,ZeroMinusTick,1847d72c-e8d9-7283-069c-0d23b9a17bfa,836624,450
2819745,2019-01-06T04:00:21.270Z,19010604,XBTUSD,Sell,1138,3794,ZeroMinusTick,c2c3feaa-7c78-3a18-84c4-3ff057a28107,837762,451
2819758,2019-01-06T04:00:21.270Z,19010604,XBTUSD,Sell,10,3793.5,ZeroMinusTick,835e7c05-9e6a-1141-559f-1143d825ad36,837772,452
2819777,2019-01-06T04:00:24.263Z,19010604,XBTUSD,Sell,10,3793.5,ZeroMinusTick,46d7159f-5186-d671-705a-836ae407f29f,837782,453
2819789,2019-01-06T04:00:24.263Z,19010604,XBTUSD,Sell,100,3793.5,ZeroMinusTick,ec7fcc7d-99ab-a7a3-f298-7556c1264ea2,837882,454
2819793,2019-01-06T04:00:24.263Z,19010604,XBTUSD,Sell,12,3793.5,ZeroMinusTick,c14d4cc2-734c-dbdc-4b6b-6d336f1e4be4,837894,455
2819807,2019-01-06T04:00:24.263Z,19010604,XBTUSD,Sell,1000,3793.5,ZeroMinusTick,f28d57bc-889d-4b39-7c91-011a048abb5a,838894,456
2819822,2019-01-06T04:00:24.263Z,19010604,XBTUSD,Sell,100,3793,ZeroMinusTick,febdc369-e816-7582-afcc-a68dfad6adc2,838994,457
2819828,2019-01-06T04:00:24.263Z,19010604,XBTUSD,Sell,150,3793,ZeroMinusTick,9cb14973-355d-96aa-58cf-8e9819f578d2,839144,458
2819844,2019-01-06T04:00:24.263Z,19010604,XBTUSD,Sell,1266,3793,ZeroMinusTick,19913402-7f3e-b6ae-8a69-e4094ac812b1,840410,459
2819847,2019-01-06T04:00:24.263Z,19010604,XBTUSD,Sell,215,3793,ZeroMinusTick,aec36d4c-dddf-75cb-ce98-196edc5106ab,840625,460
2819857,2019-01-06T04:00:24.263Z,19010604,XBTUSD,Sell,87,3793,ZeroMinusTick,07fd1d5b-5104-06fd-cfc4-db5adf1b8e02,840712,461
2819867,2019-01-06T04:00:24.263Z,19010604,XBTUSD,Sell,500,3793,ZeroMinusTick,e4c4da9b-7225-83fe-b415-a56b890a3f86,841212,462
2819875,2019-01-06T04:00:24.263Z,19010604,XBTUSD,Sell,4,3792.5,ZeroMinusTick,9b05645a-ca2e-3f8a-aadc-d456f97df02a,841216,463
2819897,2019-01-06T04:00:25.783Z,19010604,XBTUSD,Sell,490,3792.5,ZeroMinusTick,7a8e1aca-a4f5-5a85-61c2-ebc3c7879cd6,841706,464
2819903,2019-01-06T04:00:25.783Z,19010604,XBTUSD,Sell,3000,3792.5,ZeroMinusTick,b8978cb3-afed-a9d4-5b4a-99aeb85fb724,844706,465
2819910,2019-01-06T04:00:25.783Z,19010604,XBTUSD,Sell,9804,3792.5,ZeroMinusTick,0f93ca8a-932d-bc08-5498-67a3c49e2cfa,854510,466
2819922,2019-01-06T04:00:25.783Z,19010604,XBTUSD,Sell,500,3792,ZeroMinusTick,96b6fc81-2b23-8372-96f1-0ef1888c56ff,855010,467
2819933,2019-01-06T04:00:25.783Z,19010604,XBTUSD,Sell,38,3792,ZeroMinusTick,1250a2d4-1b0a-30d2-6ea0-a2ad263903ce,855048,468
2819946,2019-01-06T04:00:28.874Z,19010604,XBTUSD,Sell,1305,3792.5,ZeroMinusTick,3d94e78e-3017-19fa-b787-ddf48e79b94b,856353,469
2819959,2019-01-06T04:00:29.130Z,19010604,XBTUSD,Buy,150,3793,ZeroPlusTick,df33ba75-b85f-4f65-bf47-d03ffabf7665,856503,470
2820048,2019-01-06T04:00:48.500Z,19010604,XBTUSD,Buy,3,3793,ZeroPlusTick,e8bc2bca-4282-bc94-82f4-27336618e63e,856506,471
2820053,2019-01-06T04:00:50.287Z,19010604,XBTUSD,Sell,1000,3792.5,ZeroMinusTick,f742dd19-8cac-d551-2446-f46ea4f23df0,857506,472
2820061,2019-01-06T04:00:52.953Z,19010604,XBTUSD,Buy,27500,3793,ZeroPlusTick,e73de6c0-f0a5-82e2-008c-227493edb841,885006,473
2820070,2019-01-06T04:00:52.953Z,19010604,XBTUSD,Buy,218,3793,ZeroPlusTick,0c0cc78f-b91e-c2f9-1f33-ace1207c6fdc,885224,474
2820193,2019-01-06T04:01:14.499Z,19010604,XBTUSD,Sell,4500,3792.5,MinusTick,0b9d5ad0-aa39-1d1b-42ac-6de476f00010,889724,475
2820194,2019-01-06T04:01:14.652Z,19010604,XBTUSD,Buy,207,3793,PlusTick,a7586d85-e295-d94b-f9ba-4577faac16e6,889931,476
2820229,2019-01-06T04:01:15.654Z,19010604,XBTUSD,Sell,225,3792.5,ZeroMinusTick,2ae6ad63-ae72-ad7c-97a9-2fabaf689bec,890156,477
2820237,2019-01-06T04:01:15.654Z,19010604,XBTUSD,Sell,100,3792.5,ZeroMinusTick,ea52a8b9-24fd-e6e6-050a-107d17c5d0cd,890256,478
2820247,2019-01-06T04:01:15.654Z,19010604,XBTUSD,Sell,247,3792.5,ZeroMinusTick,dec73f37-8734-2350-158b-85adfd42c128,890503,479
2820263,2019-01-06T04:01:20.389Z,19010604,XBTUSD,Sell,15000,3792.5,ZeroMinusTick,50c29e8f-1a99-5aec-7e29-ede16d95887f,905503,480
2820283,2019-01-06T04:01:26.631Z,19010604,XBTUSD,Sell,83,3792.5,MinusTick,c828e785-727a-1d1d-d37a-6e8c91358a89,905586,481
2820317,2019-01-06T04:01:32.120Z,19010604,XBTUSD,Buy,106,3793,ZeroPlusTick,ad2392d6-baa2-f23d-ecbf-4c0171ae1e6b,905692,482
2820324,2019-01-06T04:01:33.374Z,19010604,XBTUSD,Sell,142,3792.5,ZeroMinusTick,951c9877-59e0-cef4-a979-f48b6e782c31,905834,483
2820337,2019-01-06T04:01:33.374Z,19010604,XBTUSD,Sell,400,3792.5,ZeroMinusTick,bdee075b-ac8a-2185-529f-e25db65bcbec,906234,484
2820343,2019-01-06T04:01:33.374Z,19010604,XBTUSD,Sell,20,3792.5,ZeroMinusTick,010cd4a7-831b-3b7c-3c6e-df824ee28b63,906254,485
2819750,2019-01-06T04:00:21.270Z,19010604,XBTUSD,Sell,490,3793.5,ZeroMinusTick,288b017a-058b-f3d0-c8f5-7da8aea423e1,906744,486
2819754,2019-01-06T04:00:21.270Z,19010604,XBTUSD,Sell,2000,3793.5,ZeroMinusTick,79b90bf0-ea1d-8c34-1188-d5d487330139,908744,487
2819773,2019-01-06T04:00:23.605Z,19010604,XBTUSD,Sell,2430,3793.5,MinusTick,a23ac75e-b2bb-3bd8-ba63-a915ad394b6c,911174,488
2819776,2019-01-06T04:00:24.263Z,19010604,XBTUSD,Sell,200,3793.5,ZeroMinusTick,a28bda77-7117-8044-aa5f-1c5c906720ae,911374,489
2819785,2019-01-06T04:00:24.263Z,19010604,XBTUSD,Sell,5000,3793.5,ZeroMinusTick,e2a43774-dd57-d20e-5910-b175f289f5dd,916374,490
2819797,2019-01-06T04:00:24.263Z,19010604,XBTUSD,Sell,100,3793.5,ZeroMinusTick,0c98a60c-c404-dd1f-033f-c8683f84018c,916474,491
2819805,2019-01-06T04:00:24.263Z,19010604,XBTUSD,Sell,189,3793.5,ZeroMinusTick,b29afd76-1338-b599-6de2-5c1e769f718a,916663,492
2819819,2019-01-06T04:00:24.263Z,19010604,XBTUSD,Sell,11,3793,ZeroMinusTick,5125cd45-400a-495d-40be-517ad0f6d8ef,916674,493
2819831,2019-01-06T04:00:24.263Z,19010604,XBTUSD,Sell,490,3793,ZeroMinusTick,979ce2c5-c676-d27e-e26c-c2933ff31c02,917164,494
2819837,2019-01-06T04:00:24.263Z,19010604,XBTUSD,Sell,10,3793,ZeroMinusTick,681ce313-4c63-3505-8dd7-f5fd55056cfc,917174,495
2819850,2019-01-06T04:00:24.263Z,19010604,XBTUSD,Sell,50,3793,ZeroMinusTick,24bc1b53-bdd1-dd55-bc6c-86b65b9c656d,917224,496
2819866,2019-01-06T04:00:24.263Z,19010604,XBTUSD,Sell,14,3792.5,ZeroMinusTick,85b5943d-5942-10ef-ab43-4c30a9f90716,917238,497
2819868,2019-01-06T04:00:24.263Z,19010604,XBTUSD,Sell,20,3792.5,ZeroMinusTick,654d1e14-2212-bb2c-e20b-0c949b872792,917258,498
2819878,2019-01-06T04:00:24.263Z,19010604,XBTUSD,Sell,50,3792.5,ZeroMinusTick,1d984982-4e80-7ad4-2796-880f6db9a456,917308,499
2819882,2019-01-06T04:00:24.755Z,19010604,XBTUSD,Sell,1000,3792.5,ZeroMinusTick,202d4d66-3cf5-5bca-2417-08699b566e06,918308,500
2819884,2019-01-06T04:00:25.612Z,19010604,XBTUSD,Sell,300,3792.5,ZeroMinusTick,d4d13879-60b6-243e-a177-2501679a3b6b,918608,501
2819885,2019-01-06T04:00:25.612Z,19010604,XBTUSD,Sell,1600,3792.5,ZeroMinusTick,89909e02-0ddf-d402-c269-6e6ae355b688,920208,502
2819904,2019-01-06T04:00:25.783Z,19010604,XBTUSD,Sell,1787,3792.5,ZeroMinusTick,ec4d8d61-0afc-8b67-8694-0adf19538255,921995,503
2819913,2019-01-06T04:00:25.783Z,19010604,XBTUSD,Sell,189,3792.5,ZeroMinusTick,ca767d77-775b-606d-d03f-c71f1fea5236,922184,504
2819925,2019-01-06T04:00:25.783Z,19010604,XBTUSD,Sell,536,3792,ZeroMinusTick,f5c013f0-e88e-e583-7f4d-5a70f01851ff,922720,505
2819994,2019-01-06T04:00:39.389Z,19010604,XBTUSD,Sell,8056,3792.5,MinusTick,36b97a3f-0baf-582d-4ee8-e73c731c5304,930776,506
2820064,2019-01-06T04:00:52.953Z,19010604,XBTUSD,Buy,5000,3793,ZeroPlusTick,4448c85c-943b-c7cd-192a-f58a2d0e9142,935776,507
2820089,2019-01-06T04:00:57.163Z,19010604,XBTUSD,Sell,1000,3792.5,ZeroMinusTick,69cb9270-6f86-6f99-8e94-079e4c656c17,936776,508
2820092,2019-01-06T04:00:59.434Z,19010604,XBTUSD,Buy,8,3793,PlusTick,4fb171dd-121c-83ee-53e2-a500a573399a,936784,509
2820097,2019-01-06T04:00:59.914Z,19010604,XBTUSD,Buy,3898,3793,ZeroPlusTick,7785e960-5c66-cf35-6849-92b89d7c3cf2,940682,510
2820101,2019-01-06T04:01:01.377Z,19010604,XBTUSD,Sell,150,3792.5,MinusTick,70775fdb-e20e-e693-6e93-1585762a0bb9,940832,511
2820103,2019-01-06T04:01:01.753Z,19010604,XBTUSD,Sell,697,3792.5,ZeroMinusTick,4f7841c4-ed50-3384-1b39-a057aa50333b,941529,512
2820190,2019-01-06T04:01:11.845Z,19010604,XBTUSD,Sell,42,3792.5,MinusTick,96e37e67-3032-1353-820d-2cfd69d2e8c5,941571,513
2820227,2019-01-06T04:01:15.654Z,19010604,XBTUSD,Sell,320,3792.5,ZeroMinusTick,44b38812-a5dd-8f5d-cc92-1bdaa0e4d9d9,941891,514
2820234,2019-01-06T04:01:15.654Z,19010604,XBTUSD,Sell,75,3792.5,ZeroMinusTick,d4d7c619-a99a-712d-17c6-e341aa5bbdcf,941966,515
2820249,2019-01-06T04:01:15.654Z,19010604,XBTUSD,Sell,6232,3792.5,ZeroMinusTick,e6b239bd-0d09-b8f9-3393-35576cf49b21,948198,516
2820269,2019-01-06T04:01:20.389Z,19010604,XBTUSD,Sell,10,3792.5,ZeroMinusTick,1d5c3cf8-01f4-10b1-9c9f-972bc4cbd134,948208,517
2820273,2019-01-06T04:01:21.531Z,19010604,XBTUSD,Buy,118,3793,ZeroPlusTick,74679e37-4352-66e2-5a23-355bb8be73b8,948326,518
2820281,2019-01-06T04:01:25.883Z,19010604,XBTUSD,Buy,38,3793,ZeroPlusTick,a5ac582a-9726-6817-9b88-8b31091d378f,948364,519
2819829,2019-01-06T04:00:24.263Z,19010604,XBTUSD,Sell,50,3793,ZeroMinusTick,c2a64629-f16b-70c4-1dcf-38a9b5c4c756,948414,520
2819838,2019-01-06T04:00:24.263Z,19010604,XBTUSD,Sell,30,3793,ZeroMinusTick,c4238dd7-b7c6-3947-022d-f9bf34d34ef5,948444,521
2819851,2019-01-06T04:00:24.263Z,19010604,XBTUSD,Sell,2000,3793,ZeroMinusTick,4ddc6315-0111-51b3-d2d2-49284b5218fb,950444,522
2819858,2019-01-06T04:00:24.263Z,19010604,XBTUSD,Sell,28,3792.5,MinusTick,bee57f1f-07c7-885c-495b-8c857ab39eba,950472,523
2819870,2019-01-06T04:00:24.263Z,19010604,XBTUSD,Sell,10,3792.5,ZeroMinusTick,49e1ae91-c3a1-71b6-d01c-86b66e0de0a3,950482,524
2819879,2019-01-06T04:00:24.263Z,19010604,XBTUSD,Sell,38156,3792.5,ZeroMinusTick,4de907d2-fd28-be45-243d-68f182feffaa,988638,525
2819880,2019-01-06T04:00:24.613Z,19010604,XBTUSD,Sell,6200,3792.5,ZeroMinusTick,ba65354e-f5ea-d938-8086-1f8d8848c871,994838,526
2819881,2019-01-06T04:00:24.748Z,19010604,XBTUSD,Sell,1000,3792.5,ZeroMinusTick,a6e55fa8-433a-4bfa-03c6-bd37f0c2b6b9,995838,527
2819886,2019-01-06T04:00:25.612Z,19010604,XBTUSD,Sell,970,3792.5,ZeroMinusTick,eca4b136-4a49-4518-6c50-27e3e1bdaf28,996808,528
2819887,2019-01-06T04:00:25.642Z,19010604,XBTUSD,Sell,727,3792.5,ZeroMinusTick,45a9298b-baca-8250-9d64-d273be968cce,997535,529
2819906,2019-01-06T04:00:25.783Z,19010604,XBTUSD,Sell,83,3792.5,ZeroMinusTick,51eb99ee-d0ca-0b66-a181-1b9104c0a3ed,997618,530
2819916,2019-01-06T04:00:25.783Z,19010604,XBTUSD,Sell,29,3792.5,ZeroMinusTick,ce794713-5d73-18ee-849c-b732ef205e43,997647,531
2819927,2019-01-06T04:00:25.783Z,19010604,XBTUSD,Sell,16,3792,ZeroMinusTick,7ee2eaf1-076c-c74a-65ea-16243bfb3557,997663,532
2819934,2019-01-06T04:00:25.783Z,19010604,XBTUSD,Sell,29,3792,ZeroMinusTick,f06b2d91-b26a-ab4f-4521-082fde6039f7,997692,533
2819938,2019-01-06T04:00:26.405Z,19010604,XBTUSD,Buy,600,3793,PlusTick,51db9aec-55bf-e6ee-cc44-cde14d7cd873,998292,534
2819960,2019-01-06T04:00:29.130Z,19010604,XBTUSD,Buy,100,3793,ZeroPlusTick,d46d6521-fa7e-a9bb-4a28-271b00f6db7c,998392,535
2820013,2019-01-06T04:00:44.164Z,19010604,XBTUSD,Sell,22222,3792.5,MinusTick,0c7532bc-acf5-a9d8-e5ed-7a57093942fb,1020614,536
2820051,2019-01-06T04:00:48.878Z,19010604,XBTUSD,Sell,10000,3792.5,MinusTick,d9f1267e-7aee-895a-8c24-5a7940f5fc98,1030614,537
2820062,2019-01-06T04:00:52.953Z,19010604,XBTUSD,Buy,10,3793,ZeroPlusTick,6396fbb5-3052-05f9-4ef8-b459f2024d97,1030624,538
2820072,2019-01-06T04:00:52.953Z,19010604,XBTUSD,Buy,4687,3793,ZeroPlusTick,d89435e6-44cd-e7b3-21e6-9b3bb0280f08,1035311,539
2820145,2019-01-06T04:01:09.975Z,19010604,XBTUSD,Buy,64,3793,PlusTick,ce7f5f23-084f-6027-9a05-543ad5f1aa42,1035375,540
2820186,2019-01-06T04:01:11.678Z,19010604,XBTUSD,Buy,1,3793,PlusTick,8584dd15-8ef6-c886-c504-5dd4489f2cb6,1035376,541
2820207,2019-01-06T04:01:14.700Z,19010604,XBTUSD,Buy,11,3793,ZeroPlusTick,69f5e11a-4996-07a4-3730-08467744cf95,1035387,542
2820213,2019-01-06T04:01:15.411Z,19010604,XBTUSD,Buy,150,3793,ZeroPlusTick,bb7a8774-cfba-5d3a-651c-e181dfb035f6,1035537,543
2820223,2019-01-06T04:01:15.654Z,19010604,XBTUSD,Sell,2000,3792.5,ZeroMinusTick,4b616ce7-092c-ebfe-8953-ee40e89c6b11,1037537,544
2820233,2019-01-06T04:01:15.654Z,19010604,XBTUSD,Sell,90,3792.5,ZeroMinusTick,85b23bf0-2032-7a46-089b-8e0f44b00069,1037627,545
2820243,2019-01-06T04:01:15.654Z,19010604,XBTUSD,Sell,14,3792.5,ZeroMinusTick,4b8d7019-2abd-26ec-eebf-ef4954423d48,1037641,546
2820257,2019-01-06T04:01:19.722Z,19010604,XBTUSD,Sell,10,3792.5,ZeroMinusTick,7ec4ff09-851f-84b3-886d-c7e62873e2fc,1037651,547
2820262,2019-01-06T04:01:20.389Z,19010604,XBTUSD,Sell,21111,3792.5,ZeroMinusTick,a9582fbd-3608-8334-3a6d-73a46100ca40,1058762,548
2820321,2019-01-06T04:01:33.374Z,19010604,XBTUSD,Sell,267,3792.5,ZeroMinusTick,0c567c86-d963-ce72-72a1-5b420cbb16a8,1059029,549
2820335,2019-01-06T04:01:33.374Z,19010604,XBTUSD,Sell,11,3792.5,ZeroMinusTick,2dc41f45-ffa5-e621-91cf-546ee7b09393,1059040,550
2820345,2019-01-06T04:01:33.374Z,19010604,XBTUSD,Sell,25,3792.5,ZeroMinusTick,3c1eea13-d5fb-efd3-ddf8-42683a789f5a,1059065,551
2819905,2019-01-06T04:00:25.783Z,19010604,XBTUSD,Sell,1000,3792.5,ZeroMinusTick,9bf623b0-4289-971e-5b34-4bdf236404d7,1060065,552
2819912,2019-01-06T04:00:25.783Z,19010604,XBTUSD,Sell,2000,3792.5,ZeroMinusTick,7f90f832-cf0b-ee8c-6072-5eca3e010d30,1062065,553
2819924,2019-01-06T04:00:25.783Z,19010604,XBTUSD,Sell,11,3792,ZeroMinusTick,8a8d8ae3-523d-e767-80bc-1a0ed7f847a3,1062076,554
2819932,2019-01-06T04:00:25.783Z,19010604,XBTUSD,Sell,10,3792,ZeroMinusTick,88a51192-4b19-92e1-e796-47f722595ddb,1062086,555
2819937,2019-01-06T04:00:25.926Z,19010604,XBTUSD,Sell,5,3792.5,PlusTick,5f805852-0819-a3d1-c225-4eda80df3fe0,1062091,556
2819956,2019-01-06T04:00:29.130Z,19010604,XBTUSD,Buy,100,3793,ZeroPlusTick,8e5000b6-4925-f233-f0b2-edd43d9582c2,1062191,557
2819963,2019-01-06T04:00:29.338Z,19010604,XBTUSD,Buy,121,3793,ZeroPlusTick,156d2c09-04ed-4996-3547-1db9a9ffab91,1062312,558
2819965,2019-01-06T04:00:29.930Z,19010604,XBTUSD,Sell,140,3792.5,MinusTick,4887b7f1-0f07-8c7a-d873-c68b704557f9,1062452,559
2819968,2019-01-06T04:00:31.738Z,19010604,XBTUSD,Sell,500,3792.5,ZeroMinusTick,dfc07bf7-0155-f72a-490b-ea1a299437c2,1062952,560
2819970,2019-01-06T04:00:32.033Z,19010604,XBTUSD,Buy,38,3793,PlusTick,6270944e-ed16-aacd-ee16-0d27ac4459c8,1062990,561
2819979,2019-01-06T04:00:34.081Z,19010604,XBTUSD,Sell,250,3792.5,ZeroMinusTick,a8728332-4df2-25e4-8de5-ab7f9c8cd50d,1063240,562
2819985,2019-01-06T04:00:36.004Z,19010604,XBTUSD,Sell,200,3792.5,ZeroMinusTick,ba74b19a-4b80-d802-7fb9-db01ecd46ef4,1063440,563
2820025,2019-01-06T04:00:44.586Z,19010604,XBTUSD,Buy,2782,3793,ZeroPlusTick,3d6ebded-1a34-8f16-6782-c3367ff8b532,1066222,564
2820026,2019-01-06T04:00:44.718Z,19010604,XBTUSD,Buy,4486,3793,ZeroPlusTick,f232dd5e-f22b-7750-9ef5-522671010605,1070708,565
2820046,2019-01-06T04:00:48.464Z,19010604,XBTUSD,Buy,5,3793,ZeroPlusTick,0b597135-74f8-ffc2-b474-bc887df41b43,1070713,566
2820050,2019-01-06T04:00:48.665Z,19010604,XBTUSD,Buy,25,3793,ZeroPlusTick,bca37298-7b95-a5e2-6885-ab1b8e49fd08,1070738,567
2820059,2019-01-06T04:00:52.953Z,19010604,XBTUSD,Buy,5000,3793,ZeroPlusTick,4882642c-786f-b3a6-48c9-75281db506c6,1075738,568
2820112,2019-01-06T04:01:03.215Z,19010604,XBTUSD,Sell,6,3792.5,ZeroMinusTick,8f37b53b-fba3-66a7-b2ef-842aa9c0920e,1075744,569
2820136,2019-01-06T04:01:05.431Z,19010604,XBTUSD,Sell,43,3792.5,MinusTick,f8915998-439f-1ed8-073f-3edaeec757dd,1075787,570
2820206,2019-01-06T04:01:14.700Z,19010604,XBTUSD,Buy,42,3793,ZeroPlusTick,e18022e9-4afc-3ce1-8536-1ea5dbac5c18,1075829,571
2820215,2019-01-06T04:01:15.411Z,19010604,XBTUSD,Buy,322,3793,ZeroPlusTick,ae8c375b-70bf-0371-a399-af3d84c987fc,1076151,572
2820221,2019-01-06T04:01:15.654Z,19010604,XBTUSD,Sell,9412,3792.5,ZeroMinusTick,3fc686f5-0947-2a81-43df-ba24722a27f9,1085563,573
2820239,2019-01-06T04:01:15.654Z,19010604,XBTUSD,Sell,150,3792.5,ZeroMinusTick,e50ef6c9-8587-bd48-a7bb-72976873ca66,1085713,574
2820242,2019-01-06T04:01:15.654Z,19010604,XBTUSD,Sell,393,3792.5,ZeroMinusTick,73f28589-906f-1569-977f-3037d447f7dd,1086106,575
2820252,2019-01-06T04:01:15.654Z,19010604,XBTUSD,Sell,24,3792.5,ZeroMinusTick,b762ab3d-8aeb-bde7-3c72-4e7f715bb799,1086130,576
2820265,2019-01-06T04:01:20.389Z,19010604,XBTUSD,Sell,20,3792.5,ZeroMinusTick,1061809e-b8ea-9f2c-28c4-a016f77ccc60,1086150,577
2820284,2019-01-06T04:01:28.055Z,19010604,XBTUSD,Buy,106,3793,PlusTick,7927bc7c-b69f-e164-b7b7-a6360d9ffe02,1086256,578
2820326,2019-01-06T04:01:33.374Z,19010604,XBTUSD,Sell,142,3792.5,ZeroMinusTick,1b9e0c10-14f2-41cb-ac49-b6f63d504d03,1086398,579
2820334,2019-01-06T04:01:33.374Z,19010604,XBTUSD,Sell,12,3792.5,ZeroMinusTick,97b72201-72cd-2df0-0c92-18d32d24539c,1086410,580
2820363,2019-01-06T04:01:43.219Z,19010604,XBTUSD,Buy,5000,3793,ZeroPlusTick,479196d2-7f07-2e3c-9739-a9053f4b4484,1091410,581
2820394,2019-01-06T04:01:53.482Z,19010604,XBTUSD,Sell,6736,3792.5,ZeroMinusTick,b5444d3d-1e0b-6ad4-3fc0-0ee2bd50900f,1098146,582
2819917,2019-01-06T04:00:25.783Z,19010604,XBTUSD,Sell,67,3792.5,ZeroMinusTick,adcf2a9e-1b3d-3aa5-7ab3-02bee882066c,1098213,583
2819920,2019-01-06T04:00:25.783Z,19010604,XBTUSD,Sell,11,3792,ZeroMinusTick,80b35396-c541-1595-dd9c-694a20852ae9,1098224,584
2819930,2019-01-06T04:00:25.783Z,19010604,XBTUSD,Sell,11,3792,ZeroMinusTick,00d1e9a5-348a-9897-a7a1-ef0a25548b41,1098235,585
2819954,2019-01-06T04:00:29.130Z,19010604,XBTUSD,Buy,768,3793,PlusTick,28ef0d16-4fcd-e273-5f04-22b414905043,1099003,586
2820003,2019-01-06T04:00:42.416Z,19010604,XBTUSD,Buy,38,3793,ZeroPlusTick,2da79f8a-a1b5-5891-3af6-4a6b020057f3,1099041,587
2820060,2019-01-06T04:00:52.953Z,19010604,XBTUSD,Buy,11,3793,ZeroPlusTick,58be48af-3ebd-3cd4-a74b-7c2f2a8295b1,1099052,588
2820069,2019-01-06T04:00:52.953Z,19010604,XBTUSD,Buy,9381,3793,ZeroPlusTick,7a6ca7fe-6785-119e-fbf7-9ff41345611e,1108433,589
2820139,2019-01-06T04:01:08.782Z,19010604,XBTUSD,Sell,104,3792.5,ZeroMinusTick,4e802cd6-2b9b-f8a9-ad62-88afae4ea9de,1108537,590
2820214,2019-01-06T04:01:15.411Z,19010604,XBTUSD,Buy,34,3793,ZeroPlusTick,7c470015-546f-e327-e2d5-f41733c19429,1108571,591
2820218,2019-01-06T04:01:15.447Z,19010604,XBTUSD,Buy,38,3793,ZeroPlusTick,09238f1f-de78-52ef-ff82-6f5ae2ca870e,1108609,592
2820219,2019-01-06T04:01:15.471Z,19010604,XBTUSD,Buy,20,3793,ZeroPlusTick,622ce4d5-4ee7-0a18-90a8-c2f4874c2191,1108629,593
2820220,2019-01-06T04:01:15.654Z,19010604,XBTUSD,Sell,7296,3792.5,MinusTick,e3794f19-cf45-5558-2a8c-24194c5c98c1,1115925,594
2820230,2019-01-06T04:01:15.654Z,19010604,XBTUSD,Sell,33,3792.5,ZeroMinusTick,44bf239c-007a-d33f-8854-9f3502bc3892,1115958,595
2820240,2019-01-06T04:01:15.654Z,19010604,XBTUSD,Sell,117,3792.5,ZeroMinusTick,0ab4481e-d21e-8425-133f-39b467f08a10,1116075,596
2820250,2019-01-06T04:01:15.654Z,19010604,XBTUSD,Sell,158,3792.5,ZeroMinusTick,2d12c529-323f-c204-9e70-222bbb76a1d3,1116233,597
2820253,2019-01-06T04:01:15.654Z,19010604,XBTUSD,Sell,563,3792.5,ZeroMinusTick,b098df43-1df0-2d9d-ff20-beeda34b97bb,1116796,598
2820266,2019-01-06T04:01:20.389Z,19010604,XBTUSD,Sell,206,3792.5,ZeroMinusTick,10cd6f80-5297-2154-f2ed-fc592fb1d1d7,1117002,599
2820327,2019-01-06T04:01:33.374Z,19010604,XBTUSD,Sell,131,3792.5,ZeroMinusTick,4cd5c135-c985-069e-65ff-c84e4e922c29,1117133,600
2820331,2019-01-06T04:01:33.374Z,19010604,XBTUSD,Sell,109,3792.5,ZeroMinusTick,cde162ef-70bc-7079-04c1-f955019da297,1117242,601
2820346,2019-01-06T04:01:33.374Z,19010604,XBTUSD,Sell,20552,3792.5,ZeroMinusTick,7ab207d6-2543-fdeb-954a-8093011f9f04,1137794,602
2820389,2019-01-06T04:01:50.217Z,19010604,XBTUSD,Sell,6,3792.5,MinusTick,3b4a0b84-8f76-ddd5-133b-215280c82db8,1137800,603
2820397,2019-01-06T04:01:54.188Z,19010604,XBTUSD,Buy,105,3793,PlusTick,4ef1e61e-56ee-9237-2641-50fc5601289c,1137905,604
2820556,2019-01-06T04:02:23.920Z,19010604,XBTUSD,Buy,69976,3793,PlusTick,8ace22a7-9776-b313-ea91-b322b2b588f6,1207881,605
2820566,2019-01-06T04:02:23.920Z,19010604,XBTUSD,Buy,121,3793,ZeroPlusTick,d886ede7-816a-afb3-59b3-9ba5107fef81,1208002,606
2819955,2019-01-06T04:00:29.130Z,19010604,XBTUSD,Buy,90,3793,ZeroPlusTick,737f6d01-826d-ae0b-a1e7-2cab6386a2fb,1208092,607
2819967,2019-01-06T04:00:30.774Z,19010604,XBTUSD,Sell,1800,3792.5,ZeroMinusTick,5222a29c-563d-18c0-4db8-33a2e8b647a3,1209892,608
2819988,2019-01-06T04:00:37.228Z,19010604,XBTUSD,Buy,38,3793,ZeroPlusTick,c45bff89-036e-4259-244c-ea0977c154e3,1209930,609
2819989,2019-01-06T04:00:37.271Z,19010604,XBTUSD,Buy,25,3793,ZeroPlusTick,cd517666-14bb-caf1-b704-a60592b67b39,1209955,610
2819991,2019-01-06T04:00:37.751Z,19010604,XBTUSD,Buy,160,3793,ZeroPlusTick,6b73a8d2-7a6a-fe2c-d3c1-03cb2e619c0d,1210115,611
2820055,2019-01-06T04:00:52.953Z,19010604,XBTUSD,Buy,2566,3793,PlusTick,e6155c6e-8100-7d7e-5474-866f63525065,1212681,612
2820065,2019-01-06T04:00:52.953Z,19010604,XBTUSD,Buy,33,3793,ZeroPlusTick,a0c7dc2b-e425-c9e2-1466-2e2da868cce7,1212714,613
2820074,2019-01-06T04:00:53.028Z,19010604,XBTUSD,Sell,10,3792.5,MinusTick,2439d40d-75c1-543c-4182-410672afb142,1212724,614
2820086,2019-01-06T04:00:55.932Z,19010604,XBTUSD,Sell,10,3792.5,MinusTick,ff35fee3-bcbc-cdeb-9471-b187162a9dbc,1212734,615
2820182,2019-01-06T04:01:11.255Z,19010604,XBTUSD,Sell,6,3792.5,ZeroMinusTick,4da0cf15-f84f-e6a1-87f9-a3d326fa2ed9,1212740,616
2820192,2019-01-06T04:01:12.381Z,19010604,XBTUSD,Buy,2,3793,PlusTick,1ed56081-13d4-6b19-78b2-dee5bfcf6436,1212742,617
2820212,2019-01-06T04:01:15.411Z,19010604,XBTUSD,Buy,869,3793,ZeroPlusTick,323eef21-fb29-72b4-85d1-e63517e320e1,1213611,618
2820225,2019-01-06T04:01:15.654Z,19010604,XBTUSD,Sell,2000,3792.5,ZeroMinusTick,861dba09-07f5-0ae4-4b84-962dbc1c2993,1215611,619
2820235,2019-01-06T04:01:15.654Z,19010604,XBTUSD,Sell,150,3792.5,ZeroMinusTick,8857afa9-ada3-f67d-1a8c-9e691411dc78,1215761,620
2820248,2019-01-06T04:01:15.654Z,19010604,XBTUSD,Sell,8000,3792.5,ZeroMinusTick,43430ba9-5669-809c-5981-db8fbede1b89,1223761,621
2820259,2019-01-06T04:01:20.323Z,19010604,XBTUSD,Sell,1073,3792.5,ZeroMinusTick,c6031d7e-1158-e94c-592c-b5e2004a9ff7,1224834,622
2820264,2019-01-06T04:01:20.389Z,19010604,XBTUSD,Sell,20,3792.5,ZeroMinusTick,758b3a4e-9abb-bbfd-6de2-d36d96c3ac4a,1224854,623
2820272,2019-01-06T04:01:20.622Z,19010604,XBTUSD,Buy,38,3793,PlusTick,f96cc89d-f465-cea7-2eb2-7f0c605ec0ee,1224892,624
2820323,2019-01-06T04:01:33.374Z,19010604,XBTUSD,Sell,278,3792.5,ZeroMinusTick,8031cb59-cd91-b76b-a8ab-b6508bbc69b7,1225170,625
2820333,2019-01-06T04:01:33.374Z,19010604,XBTUSD,Sell,9971,3792.5,ZeroMinusTick,7f206f84-35fc-5106-7c57-ee7105842e9e,1235141,626
2820443,2019-01-06T04:01:58.106Z,19010604,XBTUSD,Buy,25,3793,ZeroPlusTick,faf9d9f7-0ebc-12df-08dd-312a2676ef5b,1235166,627
2820012,2019-01-06T04:00:43.117Z,19010604,XBTUSD,Buy,1000,3793,ZeroPlusTick,8224d8fc-c215-6641-a7e2-77c12984b36e,1236166,628
2820058,2019-01-06T04:00:52.953Z,19010604,XBTUSD,Buy,10027,3793,ZeroPlusTick,d75f12f6-caec-9823-7255-27a4a9201358,1246193,629
2820066,2019-01-06T04:00:52.953Z,19010604,XBTUSD,Buy,512,3793,ZeroPlusTick,89c028ec-8ebd-29df-4145-081d609e2be6,1246705,630
2820205,2019-01-06T04:01:14.700Z,19010604,XBTUSD,Buy,2000,3793,ZeroPlusTick,c54c7b18-06f8-dcb8-f53a-0ba0afaeca3c,1248705,631
2820228,2019-01-06T04:01:15.654Z,19010604,XBTUSD,Sell,189,3792.5,ZeroMinusTick,515a09e5-1b9e-947b-3ee3-e770cc227584,1248894,632
2820236,2019-01-06T04:01:15.654Z,19010604,XBTUSD,Sell,100,3792.5,ZeroMinusTick,bbf4d08d-20a1-7d6e-375d-44f171573773,1248994,633
2820246,2019-01-06T04:01:15.654Z,19010604,XBTUSD,Sell,10000,3792.5,ZeroMinusTick,4ce11c12-8f4d-fc97-9194-93209d280762,1258994,634
2820260,2019-01-06T04:01:20.363Z,19010604,XBTUSD,Sell,4304,3792.5,ZeroMinusTick,732307e9-7ba2-92b1-2c72-557860e2088f,1263298,635
2820261,2019-01-06T04:01:20.389Z,19010604,XBTUSD,Sell,4623,3792.5,ZeroMinusTick,c840a698-0b18-334d-3b97-07b00a6b6b4e,1267921,636
2820271,2019-01-06T04:01:20.389Z,19010604,XBTUSD,Sell,7426,3792.5,ZeroMinusTick,59319097-a6d0-bd94-6da5-04a75eb98b14,1275347,637
2820318,2019-01-06T04:01:33.374Z,19010604,XBTUSD,Sell,23999,3792.5,MinusTick,b70d273a-7c59-71ce-84e2-265dd3f90a09,1299346,638
2820328,2019-01-06T04:01:33.374Z,19010604,XBTUSD,Sell,18,3792.5,ZeroMinusTick,85527dcf-bf4f-7e81-5a3c-b971078eedfd,1299364,639
2820338,2019-01-06T04:01:33.374Z,19010604,XBTUSD,Sell,32,3792.5,ZeroMinusTick,a2983884-d017-8b40-ec7a-99f34af8291e,1299396,640
2820344,2019-01-06T04:01:33.374Z,19010604,XBTUSD,Sell,50,3792.5,ZeroMinusTick,a62ad64d-08f6-ed84-361e-1d017378e10f,1299446,641
2820383,2019-01-06T04:01:47.904Z,19010604,XBTUSD,Buy,105,3793,ZeroPlusTick,c2e9d9eb-4e32-00d2-944c-0aa711749099,1299551,642
2820460,2019-01-06T04:02:02.987Z,19010604,XBTUSD,Buy,108,3793,ZeroPlusTick,0d65ce18-2946-8334-913e-b94795468098,1299659,643
2820461,2019-01-06T04:02:03.090Z,19010604,XBTUSD,Sell,25,3792.5,MinusTick,7473a1d0-68f1-7e49-3500-5e7aded0033a,1299684,644
2820506,2019-01-06T04:02:17.335Z,19010604,XBTUSD,Buy,10,3793,PlusTick,f8dcf437-5ee2-7c8b-10ae-6c152c03fbd7,1299694,645
2820216,2019-01-06T04:01:15.411Z,19010604,XBTUSD,Buy,30,3793,ZeroPlusTick,723b2aa6-f9f6-ad55-2354-b1d1c520edc1,1299724,646
2820224,2019-01-06T04:01:15.654Z,19010604,XBTUSD,Sell,1000,3792.5,ZeroMinusTick,718f8479-68e4-f720-e5f7-dbb94b546b7d,1300724,647
2820238,2019-01-06T04:01:15.654Z,19010604,XBTUSD,Sell,150,3792.5,ZeroMinusTick,f0e3dcb0-2111-55be-eb9e-a14424f06721,1300874,648
2820245,2019-01-06T04:01:15.654Z,19010604,XBTUSD,Sell,5,3792.5,ZeroMinusTick,ed4e1e55-3aa9-4d4c-cdd3-99cb8a6ccbbc,1300879,649
2820270,2019-01-06T04:01:20.389Z,19010604,XBTUSD,Sell,200,3792.5,ZeroMinusTick,16715052-d792-9be0-3fcc-017e04361cbd,1301079,650
2820285,2019-01-06T04:01:28.705Z,19010604,XBTUSD,Buy,5000,3793,ZeroPlusTick,d710c96e-b622-ca0e-80a1-59ef8881d843,1306079,651
2820325,2019-01-06T04:01:33.374Z,19010604,XBTUSD,Sell,100,3792.5,ZeroMinusTick,cad7ff39-33cc-5455-34fd-2b605590c5d1,1306179,652
2820332,2019-01-06T04:01:33.374Z,19010604,XBTUSD,Sell,9971,3792.5,ZeroMinusTick,538bf181-0f67-6231-f474-7faa8e60f279,1316150,653
2820340,2019-01-06T04:01:33.374Z,19010604,XBTUSD,Sell,23000,3792.5,ZeroMinusTick,cf61ea35-e445-a9f2-1d4a-bab5422a2cb2,1339150,654
2820395,2019-01-06T04:01:53.482Z,19010604,XBTUSD,Sell,3264,3792.5,ZeroMinusTick,dd1d95e1-3dd9-e45e-4399-c4aa9a72eb7f,1342414,655
2820458,2019-01-06T04:02:01.703Z,19010604,XBTUSD,Buy,25,3793,PlusTick,e3b9eb1f-bd3c-4b62-1edc-c4920e0ed6a9,1342439,656
2820495,2019-01-06T04:02:11.810Z,19010604,XBTUSD,Buy,42,3793,ZeroPlusTick,c4bb10b5-f157-e38e-e294-3eb1c76a08e3,1342481,657
2820505,2019-01-06T04:02:15.961Z,19010604,XBTUSD,Sell,60,3792.5,MinusTick,c09f8293-5cb0-26ff-a070-cb5970223194,1342541,658
2820511,2019-01-06T04:02:20.260Z,19010604,XBTUSD,Buy,2000,3793,ZeroPlusTick,d945f0de-583c-d98b-affe-c3e94281dedf,1344541,659
2820558,2019-01-06T04:02:23.920Z,19010604,XBTUSD,Buy,13000,3793,ZeroPlusTick,e18f5008-ba86-c5d3-a41d-7db04140ba2a,1357541,660
2820571,2019-01-06T04:02:23.920Z,19010604,XBTUSD,Buy,42,3793,ZeroPlusTick,cfa0cdac-e506-417e-bbf1-23ba54ae934f,1357583,661
2820581,2019-01-06T04:02:23.920Z,19010604,XBTUSD,Buy,120,3793,ZeroPlusTick,a32e2064-273c-3c40-ff82-175135baab56,1357703,662
2820590,2019-01-06T04:02:23.920Z,19010604,XBTUSD,Buy,10,3793,ZeroPlusTick,6eff80f3-92f9-4c2e-c72f-8846bc9ce687,1357713,663
2820620,2019-01-06T04:02:30.706Z,19010604,XBTUSD,Buy,5,3793.5,ZeroPlusTick,ff94aca4-f670-d1be-ccb9-9d30c6f609ac,1357718,664
2820630,2019-01-06T04:02:30.706Z,19010604,XBTUSD,Buy,1787,3793.5,ZeroPlusTick,80fd9ac7-5068-1686-a0be-9ecfa66e7153,1359505,665
2820121,2019-01-06T04:01:04.629Z,19010604,XBTUSD,Buy,38,3793,PlusTick,063bd825-9c3d-a290-f6f8-cb87cb21d933,1359543,666
2820146,2019-01-06T04:01:09.975Z,19010604,XBTUSD,Buy,936,3793,ZeroPlusTick,19d2a118-3bc0-a4cf-246e-28780c78893d,1360479,667
2820147,2019-01-06T04:01:10.031Z,19010604,XBTUSD,Buy,38,3793,ZeroPlusTick,5dfb6f61-d0ff-aaea-0916-b016139f90d2,1360517,668
2820149,2019-01-06T04:01:10.082Z,19010604,XBTUSD,Sell,6,3792.5,MinusTick,480ce229-788e-5884-df58-b8dfd1e61f8d,1360523,669
2820208,2019-01-06T04:01:14.700Z,19010604,XBTUSD,Buy,2131,3793,ZeroPlusTick,6efc6809-2d09-2ab0-6571-88e615102771,1362654,670
2820226,2019-01-06T04:01:15.654Z,19010604,XBTUSD,Sell,490,3792.5,ZeroMinusTick,16878885-c442-cb97-5a9a-96bd76ea2678,1363144,671
2820232,2019-01-06T04:01:15.654Z,19010604,XBTUSD,Sell,10,3792.5,ZeroMinusTick,08e7b168-1763-5a99-a480-f8c0772639fc,1363154,672
2820244,2019-01-06T04:01:15.654Z,19010604,XBTUSD,Sell,200,3792.5,ZeroMinusTick,f7e6ba1a-67c9-0abf-9f59-2d0a01b339e8,1363354,673
2820258,2019-01-06T04:01:20.323Z,19010604,XBTUSD,Sell,427,3792.5,ZeroMinusTick,e12983bd-f1c2-3af3-d0dc-b1cd8a16cd76,1363781,674
2820268,2019-01-06T04:01:20.389Z,19010604,XBTUSD,Sell,206,3792.5,ZeroMinusTick,edd018b9-131e-468f-52d1-1f8ce2dd8939,1363987,675
2820278,2019-01-06T04:01:22.455Z,19010604,XBTUSD,Buy,685,3793,PlusTick,8825c6dd-4b2c-655c-bf63-8732da717edd,1364672,676
2820289,2019-01-06T04:01:29.288Z,19010604,XBTUSD,Buy,2313,3793,ZeroPlusTick,e337b4e1-7fb9-7818-09c1-8a08c2fb682e,1366985,677
2820319,2019-01-06T04:01:33.374Z,19010604,XBTUSD,Sell,2000,3792.5,ZeroMinusTick,2602a689-7e54-2fda-f7db-ec3a645ee065,1368985,678
2820336,2019-01-06T04:01:33.374Z,19010604,XBTUSD,Sell,125,3792.5,ZeroMinusTick,32ab8775-365c-9e77-e5c3-1a32e3ee2470,1369110,679
2820341,2019-01-06T04:01:33.374Z,19010604,XBTUSD,Sell,28,3792.5,ZeroMinusTick,fb548f3a-0b3c-29d9-c7dc-d942ad7881f5,1369138,680
2820355,2019-01-06T04:01:39.177Z,19010604,XBTUSD,Buy,186,3793,ZeroPlusTick,a9c39835-7963-b8e8-8d61-b3116225b275,1369324,681
2820437,2019-01-06T04:01:55.730Z,19010604,XBTUSD,Sell,46,3792.5,MinusTick,a061c4d9-e66c-a50a-b006-85a8e9548ef4,1369370,682
2820465,2019-01-06T04:02:03.531Z,19010604,XBTUSD,Sell,50,3792.5,ZeroMinusTick,99b8b2a1-7695-7aaf-932b-40f4fdf83c91,1369420,683
2820482,2019-01-06T04:02:05.448Z,19010604,XBTUSD,Sell,62,3792.5,ZeroMinusTick,2cf5b96c-45e8-03f1-e6b6-8fc7ab4b9bd1,1369482,684
2820483,2019-01-06T04:02:05.619Z,19010604,XBTUSD,Buy,42,3793,PlusTick,0700fd54-2614-973d-e2af-e06228c89eb0,1369524,685
2820494,2019-01-06T04:02:11.623Z,19010604,XBTUSD,Buy,1083,3793,PlusTick,2139327f-9400-75b4-f1b5-bd1b78c15116,1370607,686
2820557,2019-01-06T04:02:23.920Z,19010604,XBTUSD,Buy,30,3793,ZeroPlusTick,b39b5ab1-d7cb-fbe8-f3a7-fe22ec259bbd,1370637,687
2820322,2019-01-06T04:01:33.374Z,19010604,XBTUSD,Sell,4000,3792.5,ZeroMinusTick,17e87476-8f04-6534-6fc6-3f90f05d65b7,1374637,688
2820330,2019-01-06T04:01:33.374Z,19010604,XBTUSD,Sell,2007,3792.5,ZeroMinusTick,a7d0d685-fa06-a6b2-6fc3-95f19a6ee34a,1376644,689
2820342,2019-01-06T04:01:33.374Z,19010604,XBTUSD,Sell,10,3792.5,ZeroMinusTick,b3409e67-154b-4bea-5546-36832f4d50b5,1376654,690
2820349,2019-01-06T04:01:37.710Z,19010604,XBTUSD,Sell,700,3792.5,ZeroMinusTick,1b4b10df-250f-1604-31ee-db8a78d92126,1377354,691
2820398,2019-01-06T04:01:54.329Z,19010604,XBTUSD,Buy,94,3793,ZeroPlusTick,394c9b0f-019d-85f1-3f6b-5ae8cfe82775,1377448,692
2820562,2019-01-06T04:02:23.920Z,19010604,XBTUSD,Buy,10,3793,ZeroPlusTick,ccf7d7a5-7258-3b3e-af13-c013fb18db3c,1377458,693
2820567,2019-01-06T04:02:23.920Z,19010604,XBTUSD,Buy,610,3793,ZeroPlusTick,42467218-8623-0e70-2cd1-88e3816ffd11,1378068,694
2820577,2019-01-06T04:02:23.920Z,19010604,XBTUSD,Buy,109,3793,ZeroPlusTick,c1686ca8-2685-715e-a51c-5bab223699ad,1378177,695
2820587,2019-01-06T04:02:23.920Z,19010604,XBTUSD,Buy,1,3793,ZeroPlusTick,9dd4e343-2f80-e1ad-1523-9407c5d7cabd,1378178,696
2820597,2019-01-06T04:02:23.920Z,19010604,XBTUSD,Buy,94,3793,ZeroPlusTick,3647c9ea-8735-be73-bfb7-5fdd63b4417d,1378272,697
2820614,2019-01-06T04:02:30.706Z,19010604,XBTUSD,Buy,33,3793.5,ZeroPlusTick,2c9912bb-1616-1bec-f214-9970b1bdf1c3,1378305,698
2820625,2019-01-06T04:02:30.706Z,19010604,XBTUSD,Buy,10,3793.5,ZeroPlusTick,855f3c3f-525b-cb07-dc0f-ef85d5356c63,1378315,699
2820633,2019-01-06T04:02:32.555Z,19010604,XBTUSD,Buy,5,3793.5,PlusTick,0d68878a-7c2f-71d2-54db-7d2e4a8ffbd7,1378320,700
2820763,2019-01-06T04:03:27.717Z,19010604,XBTUSD,Buy,189,3793.5,ZeroPlusTick,90029d12-e457-fe56-f4cf-ae9863cc70b0,1378509,701
2820807,2019-01-06T04:03:42.573Z,19010604,XBTUSD,Buy,5000,3793.5,ZeroPlusTick,499c9880-fee2-9b66-4c8e-1d8e187ec6d3,1383509,702
2820815,2019-01-06T04:03:46.083Z,19010604,XBTUSD,Buy,120,3793.5,ZeroPlusTick,0a279995-0d1f-b1e1-c94c-fc7557fdaca3,1383629,703
2820834,2019-01-06T04:03:50.436Z,19010604,XBTUSD,Buy,100,3793.5,ZeroPlusTick,a698bf83-a154-44ce-3da2-35244e78181e,1383729,704
2820320,2019-01-06T04:01:33.374Z,19010604,XBTUSD,Sell,10,3792.5,ZeroMinusTick,aa131dea-0dbb-5c8f-7607-cc1040cc8bf4,1383739,705
2820329,2019-01-06T04:01:33.374Z,19010604,XBTUSD,Sell,2007,3792.5,ZeroMinusTick,c35c5bb6-f275-908a-1a21-ee3b8594c8c2,1385746,706
2820339,2019-01-06T04:01:33.374Z,19010604,XBTUSD,Sell,583,3792.5,ZeroMinusTick,e2f43bf8-d196-3611-928a-2dfb0c632a5f,1386329,707
2820347,2019-01-06T04:01:36.236Z,19010604,XBTUSD,Buy,38,3793,PlusTick,cf7fb76e-678b-bb5e-4add-274969896f26,1386367,708
2820348,2019-01-06T04:01:36.638Z,19010604,XBTUSD,Sell,2000,3792.5,MinusTick,1cc0f727-7bdb-a3ca-336d-66e3384e2417,1388367,709
2820350,2019-01-06T04:01:37.733Z,19010604,XBTUSD,Buy,106,3793,PlusTick,5efd7788-311e-d3fa-e71a-85dd7b9a0a39,1388473,710
2820362,2019-01-06T04:01:42.335Z,19010604,XBTUSD,Buy,5000,3793,ZeroPlusTick,b164ba02-5af5-0a0a-c763-a4bf93dbeddf,1393473,711
2820442,2019-01-06T04:01:57.459Z,19010604,XBTUSD,Buy,399,3793,PlusTick,17efeb7b-e916-9918-7b20-a86cbbcec81e,1393872,712
2820501,2019-01-06T04:02:14.123Z,19010604,XBTUSD,Buy,25,3793,ZeroPlusTick,76bb9ac3-65f9-5708-0cc1-06ca3fe02a41,1393897,713
2820509,2019-01-06T04:02:19.001Z,19010604,XBTUSD,Buy,99,3793,ZeroPlusTick,a0a77cca-d047-faf7-0a7f-c2c7d982749a,1393996,714
2820512,2019-01-06T04:02:20.269Z,19010604,XBTUSD,Buy,856,3793,ZeroPlusTick,1051452d-87c5-5586-73ba-660230ec9da7,1394852,715
2820559,2019-01-06T04:02:23.920Z,19010604,XBTUSD,Buy,15000,3793,ZeroPlusTick,74e2d989-e58d-1bb2-c233-d58a995fd525,1409852,716
2820572,2019-01-06T04:02:23.920Z,19010604,XBTUSD,Buy,30,3793,ZeroPlusTick,a4b44bbc-217b-a697-edb1-4dfde189208a,1409882,717
2820580,2019-01-06T04:02:23.920Z,19010604,XBTUSD,Buy,125,3793,ZeroPlusTick,65e11900-3a1f-3aa5-08dc-d86413fbcc39,1410007,718
2820591,2019-01-06T04:02:23.920Z,19010604,XBTUSD,Buy,2400,3793,ZeroPlusTick,df6f1f45-bc1a-6016-7ae1-5e5477d92d87,1412407,719
2820601,2019-01-06T04:02:24.504Z,19010604,XBTUSD,Buy,29,3793.5,ZeroPlusTick,53f65e1a-52ce-771a-4729-afd9db88b4c7,1412436,720
2820602,2019-01-06T04:02:25.892Z,19010604,XBTUSD,Sell,264,3793,MinusTick,51edde7b-056a-6adb-bec0-59e47e4c4634,1412700,721
2820618,2019-01-06T04:02:30.706Z,19010604,XBTUSD,Buy,30,3793.5,ZeroPlusTick,2c99f9a9-cc16-9953-d211-a3b9e3030303,1412730,722
2820626,2019-01-06T04:02:30.706Z,19010604,XBTUSD,Buy,2000,3793.5,ZeroPlusTick,eb14d9d2-39da-16c3-8ecd-f6da4f4cf29c,1414730,723
2820679,2019-01-06T04:02:53.084Z,19010604,XBTUSD,Buy,50000,3793.5,ZeroPlusTick,cc6f6d2b-efe2-db87-6463-520194a545f7,1464730,724
2820681,2019-01-06T04:02:53.756Z,19010604,XBTUSD,Sell,13000,3793,MinusTick,e475e90e-2d5b-9c37-71ec-65975ae2cb07,1477730,725
2820759,2019-01-06T04:03:27.717Z,19010604,XBTUSD,Buy,57,3793.5,ZeroPlusTick,d311eef9-f56b-4a83-75bf-560636f05643,1477787,726
2820773,2019-01-06T04:03:29.810Z,19010604,XBTUSD,Buy,5000,3793.5,PlusTick,b0042031-a6bb-b62e-2909-5ca45a461544,1482787,727
2820798,2019-01-06T04:03:38.476Z,19010604,XBTUSD,Buy,10000,3793.5,ZeroPlusTick,457a4505-c41c-356b-d5b6-b6cb76681f2a,1492787,728
2820799,2019-01-06T04:03:40.008Z,19010604,XBTUSD,Buy,5,3793.5,ZeroPlusTick,076d2ce8-c240-561b-9266-3e19690bda49,1492792,729
2820365,2019-01-06T04:01:44.353Z,19010604,XBTUSD,Buy,211,3793,ZeroPlusTick,665ba86b-f2a6-66f7-ba70-9015fa439f63,1493003,730
2820392,2019-01-06T04:01:51.372Z,19010604,XBTUSD,Sell,6,3792.5,ZeroMinusTick,a79a4f8b-f935-4402-4a1e-7a7cf3c151af,1493009,731
2820457,2019-01-06T04:02:00.880Z,19010604,XBTUSD,Sell,6,3792.5,MinusTick,a232a7dc-d741-74ae-186b-0c4a95195581,1493015,732
2820463,2019-01-06T04:02:03.307Z,19010604,XBTUSD,Sell,50,3792.5,ZeroMinusTick,d9207218-22da-f156-a57f-a346793de6d9,1493065,733
2820560,2019-01-06T04:02:23.920Z,19010604,XBTUSD,Buy,30,3793,ZeroPlusTick,07c4aea2-7146-b5ae-271f-01d48979f6e6,1493095,734
2820570,2019-01-06T04:02:23.920Z,19010604,XBTUSD,Buy,11,3793,ZeroPlusTick,d96cab4c-9a79-660d-053a-160af6a0958a,1493106,735
2820584,2019-01-06T04:02:23.920Z,19010604,XBTUSD,Buy,10000,3793,ZeroPlusTick,2c57f480-727a-4553-9187-0b40f1247ca3,1503106,736
2820594,2019-01-06T04:02:23.920Z,19010604,XBTUSD,Buy,20,3793,ZeroPlusTick,5e1c910c-0fac-7df4-7ae6-5b9e61913dad,1503126,737
2820600,2019-01-06T04:02:24.504Z,19010604,XBTUSD,Buy,10,3793.5,ZeroPlusTick,d7d79813-4756-ff08-789b-a52b327dc0bb,1503136,738
2820619,2019-01-06T04:02:30.706Z,19010604,XBTUSD,Buy,189,3793.5,ZeroPlusTick,d54df354-a191-5e89-b09d-7967ff8e1ece,1503325,739
2820631,2019-01-06T04:02:30.706Z,19010604,XBTUSD,Buy,115,3793.5,ZeroPlusTick,3b2c773e-d412-e1bd-66e6-85940be9a925,1503440,740
2820632,2019-01-06T04:02:31.389Z,19010604,XBTUSD,Sell,261,3793,MinusTick,3cabfd41-b209-3e78-a8e2-a75629c753be,1503701,741
2820728,2019-01-06T04:03:13.691Z,19010604,XBTUSD,Buy,212,3793.5,PlusTick,26fe52ad-dde5-a73d-dd88-449b3272ab11,1503913,742
2820738,2019-01-06T04:03:19.473Z,19010604,XBTUSD,Buy,107,3793.5,PlusTick,6cee870c-0350-a266-6c14-833fbaffa0f6,1504020,743
2820746,2019-01-06T04:03:20.447Z,19010604,XBTUSD,Buy,1000,3793.5,ZeroPlusTick,e8585fdd-3c66-90aa-2b73-f07184dba71b,1505020,744
2820765,2019-01-06T04:03:27.717Z,19010604,XBTUSD,Buy,3000,3793.5,ZeroPlusTick,6ef43d64-7c90-239f-e251-e62d4f8a1b8d,1508020,745
2820816,2019-01-06T04:03:46.083Z,19010604,XBTUSD,Buy,189,3793.5,ZeroPlusTick,460a1a24-759f-feca-62d5-8b366ba68501,1508209,746
2820824,2019-01-06T04:03:48.588Z,19010604,XBTUSD,Buy,1,3793.5,ZeroPlusTick,a1ec1346-9df9-54ee-0d30-fb279fd6641c,1508210,747
2820863,2019-01-06T04:03:56.158Z,19010604,XBTUSD,Buy,106,3793.5,ZeroPlusTick,bb5eecf3-d600-7818-e5e0-d112cae58755,1508316,748
2820864,2019-01-06T04:03:56.285Z,19010604,XBTUSD,Buy,15000,3793.5,ZeroPlusTick,79a6ab0c-2b1d-20d0-290d-4564d35ab465,1523316,749
2820865,2019-01-06T04:03:56.425Z,19010604,XBTUSD,Buy,100,3793.5,ZeroPlusTick,6a2e86cf-9b89-3289-2f6f-92da7bbe4613,1523416,750
2820866,2019-01-06T04:03:57.073Z,19010604,XBTUSD,Buy,100,3793.5,ZeroPlusTick,8ff930bb-bd55-99e0-9bbd-5898fcb9ca7a,1523516,751
2820466,2019-01-06T04:02:04.307Z,19010604,XBTUSD,Sell,1000,3792.5,ZeroMinusTick,44965eee-d38f-c410-35cd-dba610c648a9,1524516,752
2820484,2019-01-06T04:02:06.611Z,19010604,XBTUSD,Buy,107,3793,ZeroPlusTick,23f7c2ae-bde5-fa0e-f0bc-1f2719ea2a84,1524623,753
2820555,2019-01-06T04:02:23.108Z,19010604,XBTUSD,Sell,147,3792.5,MinusTick,ec906b07-06de-8340-ad2d-ea290bd15ef5,1524770,754
2820563,2019-01-06T04:02:23.920Z,19010604,XBTUSD,Buy,33,3793,ZeroPlusTick,d875f730-5cea-a327-1d85-7a0d6ec7663d,1524803,755
2820575,2019-01-06T04:02:23.920Z,19010604,XBTUSD,Buy,10000,3793,ZeroPlusTick,3c4ce710-df47-d327-a084-140fbd45ab85,1534803,756
2820579,2019-01-06T04:02:23.920Z,19010604,XBTUSD,Buy,28,3793,ZeroPlusTick,87caea6b-4851-ad21-204e-d55c53405cf6,1534831,757
2820589,2019-01-06T04:02:23.920Z,19010604,XBTUSD,Buy,8000,3793,ZeroPlusTick,d0d7e542-cf86-044b-f6f5-602ae645b18b,1542831,758
2820623,2019-01-06T04:02:30.706Z,19010604,XBTUSD,Buy,189,3793.5,ZeroPlusTick,7b2222fe-09ac-d9cc-4842-5ca4c0954a9d,1543020,759
2820627,2019-01-06T04:02:30.706Z,19010604,XBTUSD,Buy,50,3793.5,ZeroPlusTick,25abc6fa-85ae-be93-9116-64063fe35c32,1543070,760
2820659,2019-01-06T04:02:44.959Z,19010604,XBTUSD,Sell,378,3793,MinusTick,c0ab4a0e-3e42-ed8c-8cd6-4425f16563d8,1543448,761
2820726,2019-01-06T04:03:11.523Z,19010604,XBTUSD,Sell,467,3793,ZeroMinusTick,6421cdc3-0706-5ef7-5cd5-01c467d6f37f,1543915,762
2820753,2019-01-06T04:03:23.542Z,19010604,XBTUSD,Buy,106,3793.5,ZeroPlusTick,6cee9b9a-663f-6823-5cf5-df5c29e6709b,1544021,763
2820758,2019-01-06T04:03:27.717Z,19010604,XBTUSD,Buy,2483,3793.5,ZeroPlusTick,539f78b2-44c1-bae4-0229-f6d4b591ec39,1546504,764
2820768,2019-01-06T04:03:27.717Z,19010604,XBTUSD,Buy,41,3793.5,ZeroPlusTick,798a8a77-4d8a-80c9-186c-eee87c7d48db,1546545,765
2820804,2019-01-06T04:03:42.573Z,19010604,XBTUSD,Buy,700,3793.5,ZeroPlusTick,f5f645d0-3969-c884-a4bb-846b26980ba4,1547245,766
2820850,2019-01-06T04:03:53.088Z,19010604,XBTUSD,Buy,120,3793.5,ZeroPlusTick,697522e8-bea6-c4df-9f2f-568a7c89809b,1547365,767
2820869,2019-01-06T04:03:57.436Z,19010604,XBTUSD,Buy,100,3793.5,ZeroPlusTick,02d72f07-b9d6-75b9-ddea-0ae5090eb7f9,1547465,768
2820872,2019-01-06T04:03:57.991Z,19010604,XBTUSD,Buy,100,3793.5,ZeroPlusTick,29421ed1-5006-171f-2ceb-66267b876031,1547565,769
2820909,2019-01-06T04:04:09.307Z,19010604,XBTUSD,Buy,10,3793.5,ZeroPlusTick,b61d8bbe-d72e-e979-5975-0d7cad0e1a76,1547575,770
2820913,2019-01-06T04:04:14.649Z,19010604,XBTUSD,Buy,1479,3793.5,ZeroPlusTick,0f8861de-5ade-204a-7e3d-92e472e8b209,1549054,771
2820922,2019-01-06T04:04:17.273Z,19010604,XBTUSD,Sell,147,3793,MinusTick,37bbf497-229d-6cf2-0b9a-03849850fb5d,1549201,772
2820923,2019-01-06T04:04:18.061Z,19010604,XBTUSD,Buy,474,3793.5,PlusTick,27ffd03f-a87f-b239-941a-01ee50e9f44e,1549675,773
2820929,2019-01-06T04:04:19.017Z,19010604,XBTUSD,Buy,50,3793.5,ZeroPlusTick,7d06e233-f142-66f6-18d3-1a8de299a80a,1549725,774
2820940,2019-01-06T04:04:25.878Z,19010604,XBTUSD,Buy,30,3793.5,ZeroPlusTick,8a6cb5a6-bab5-80a5-efc3-8a3f99c6f60c,1549755,775
2820945,2019-01-06T04:04:26.011Z,19010604,XBTUSD,Sell,6154,3793.5,ZeroPlusTick,483976d0-fad3-1556-dba9-3594a8304cca,1555909,776
2820952,2019-01-06T04:04:30.469Z,19010604,XBTUSD,Buy,4,3794,ZeroPlusTick,8f2fadaf-9429-606f-5083-79116bf47579,1555913,777
2820485,2019-01-06T04:02:06.630Z,19010604,XBTUSD,Buy,1670,3793,ZeroPlusTick,f112023e-8515-c1e9-c41c-2393299b378d,1557583,778
2820486,2019-01-06T04:02:08.048Z,19010604,XBTUSD,Sell,300,3792.5,MinusTick,564aa99d-1cd0-d8c3-2ac5-872c4852d9a1,1557883,779
2820497,2019-01-06T04:02:12.939Z,19010604,XBTUSD,Sell,930,3792.5,MinusTick,1cdc7106-927c-3547-1416-5f0877802207,1558813,780
2820498,2019-01-06T04:02:13.054Z,19010604,XBTUSD,Buy,50,3793,PlusTick,b8ef7205-be5a-9e84-3791-e0471c84afc5,1558863,781
2820565,2019-01-06T04:02:23.920Z,19010604,XBTUSD,Buy,300,3793,ZeroPlusTick,0c03b414-9e46-25c5-3646-dab745c89f77,1559163,782
2820569,2019-01-06T04:02:23.920Z,19010604,XBTUSD,Buy,4450,3793,ZeroPlusTick,dddb590c-3f65-2ca1-131a-03e2bf7325be,1563613,783
2820578,2019-01-06T04:02:23.920Z,19010604,XBTUSD,Buy,11,3793,ZeroPlusTick,7e3e6aa4-3e0a-6771-8a38-fecff069266f,1563624,784
2820588,2019-01-06T04:02:23.920Z,19010604,XBTUSD,Buy,50,3793,ZeroPlusTick,3255207c-e386-2f54-5650-4c3decc3a913,1563674,785
2820599,2019-01-06T04:02:24.504Z,19010604,XBTUSD,Buy,11,3793.5,PlusTick,b4ecbeff-7c67-20e4-c37f-63215c5b4be2,1563685,786
2820617,2019-01-06T04:02:30.706Z,19010604,XBTUSD,Buy,3,3793.5,ZeroPlusTick,74eb0aac-4454-0185-eb2d-757e95b204f9,1563688,787
2820629,2019-01-06T04:02:30.706Z,19010604,XBTUSD,Buy,58,3793.5,ZeroPlusTick,56091720-5391-b635-801e-c079eaaf0c0e,1563746,788
2820665,2019-01-06T04:02:47.174Z,19010604,XBTUSD,Sell,147,3793,ZeroMinusTick,3c5b9736-c7fe-7be2-3e21-3e335a9d3064,1563893,789
2820716,2019-01-06T04:03:06.775Z,19010604,XBTUSD,Buy,107,3793.5,ZeroPlusTick,d46bb4f6-bce9-ade7-5d90-1fe142cb6748,1564000,790
2820767,2019-01-06T04:03:27.717Z,19010604,XBTUSD,Buy,120,3793.5,ZeroPlusTick,d79ff13d-f4d0-9242-2630-d39044a9183c,1564120,791
2820772,2019-01-06T04:03:28.461Z,19010604,XBTUSD,Sell,1000,3793,MinusTick,2e0edf70-8b02-9fec-55d1-e2bc42a92c1e,1565120,792
2820800,2019-01-06T04:03:41.829Z,19010604,XBTUSD,Buy,106,3793.5,ZeroPlusTick,02d2f442-3030-63f1-ae68-5fd79c57214e,1565226,793
2820803,2019-01-06T04:03:42.573Z,19010604,XBTUSD,Buy,2197,3793.5,ZeroPlusTick,2d66122f-fc7f-7cae-d002-696b27e47e80,1567423,794
2820818,2019-01-06T04:03:47.227Z,19010604,XBTUSD,Sell,147,3793,MinusTick,00a9fef4-7fda-168a-1a30-398d2360464a,1567570,795
2820831,2019-01-06T04:03:49.185Z,19010604,XBTUSD,Buy,50,3793.5,ZeroPlusTick,5e27d287-fc1d-ff16-9051-352b3ce5b695,1567620,796
2820832,2019-01-06T04:03:49.794Z,19010604,XBTUSD,Buy,100,3793.5,ZeroPlusTick,daf2f10d-ffa0-9494-634c-9138281d4917,1567720,797
2820835,2019-01-06T04:03:50.607Z,19010604,XBTUSD,Buy,100,3793.5,ZeroPlusTick,c19de1c7-b132-90a9-a468-d0fc2c99f610,1567820,798
2820836,2019-01-06T04:03:50.646Z,19010604,XBTUSD,Buy,650,3793.5,ZeroPlusTick,2c9f7e2e-6cf3-0845-77c5-82ea0b824276,1568470,799
