timestamp,reformattedDate,hour,symbol,side,size,price,tickDirection,trdMatchID,volTime,tickTime
2018-12-14 02:00:47.918,181219003038129,18121402,XBTUSD,Buy,7000,3245,PlusTick,25ec94f9-9815-9a09-5c90-f41cae4a7f25,7000,1
2018-12-14 02:02:11.157,181219003038129,18121402,XBTUSD,Buy,1,3242,PlusTick,bdec68a7-b5e9-7793-95c7-3ecac05c9d26,7001,2
2018-12-14 02:03:12.082,181219003038129,18121402,XBTUSD,Buy,3000,3240,PlusTick,417898da-507a-5050-073a-1f6cc82d05f6,10001,3
2018-12-14 02:03:17.532,181219003038129,18121402,XBTUSD,Buy,1250,3240,PlusTick,15930762-ccf0-4d86-2530-e19cb36b0b34,11251,4
2018-12-14 02:03:58.754,181219003038129,18121402,XBTUSD,Buy,10000,3240,PlusTick,74c3071d-5ce1-3814-6eca-58db45947f82,21251,5
2018-12-14 02:08:49.391,181219003038129,18121402,XBTUSD,Buy,229,3241,PlusTick,ac552e50-0dfe-e1e7-9709-83d8f78e8800,21480,6
2018-12-14 02:10:27.852,181219003038129,18121402,XBTUSD,Buy,1650,3239,PlusTick,bc55b701-1170-2012-dcc2-1870872b1184,23130,7
2018-12-14 02:14:50.868,181219003038129,18121402,XBTUSD,Buy,10,3245,PlusTick,c10c9785-84f4-58d0-c084-733f283fb22b,23140,8
2018-12-14 02:00:03.395,181219003038129,18121402,XBTUSD,Buy,6661,3245.5,ZeroPlusTick,b12f6965-0e70-0ae8-79e5-4e0596eae38f,29801,9
2018-12-14 02:00:06.724,181219003038129,18121402,XBTUSD,Buy,10,3245.5,PlusTick,0a6e1229-cf5c-fc20-e9b8-875e4d98fac7,29811,10
2018-12-14 02:00:07.992,181219003038129,18121402,XBTUSD,Sell,5,3245,ZeroMinusTick,929c72ed-f90e-c8bf-d1ee-f9ae6ccb5040,29816,11
2018-12-14 02:00:07.992,181219003038129,18121402,XBTUSD,Sell,5500,3245,ZeroMinusTick,f7d7a408-6827-e941-d1fb-711d22e287c8,35316,12
2018-12-14 02:00:12.728,181219003038129,18121402,XBTUSD,Sell,20,3245,ZeroMinusTick,f7ea22a2-0e21-c71d-e968-1582e487693b,35336,13
2018-12-14 02:00:14.479,181219003038129,18121402,XBTUSD,Sell,2000,3245,ZeroMinusTick,55a3681b-a665-52f8-bc54-1709abfe8336,37336,14
2018-12-14 02:00:02.769,181219003038129,18121402,XBTUSD,Sell,100,3245,ZeroMinusTick,3f533ddc-4351-2530-cdcd-6a0b6174a369,37436,15
2018-12-14 02:00:03.404,181219003038129,18121402,XBTUSD,Sell,504,3245,ZeroMinusTick,7fd1e1a0-256d-e7e9-1a73-7f3a1a3209f2,37940,16
2018-12-14 02:00:07.992,181219003038129,18121402,XBTUSD,Sell,100,3245,ZeroMinusTick,da6c9387-adce-69bb-f501-8b3a54d3bb9c,38040,17
2018-12-14 02:00:08.447,181219003038129,18121402,XBTUSD,Sell,100,3245,ZeroMinusTick,149cd862-2645-3f51-be2a-99fa5e629506,38140,18
2018-12-14 02:00:15.722,181219003038129,18121402,XBTUSD,Sell,2000,3245,ZeroMinusTick,05bb4ad5-0713-1c29-8e0f-cd149ab546ef,40140,19
2018-12-14 02:00:19.390,181219003038129,18121402,XBTUSD,Sell,3243,3245,ZeroMinusTick,90034a92-4e96-94e9-5a4d-396068f1240b,43383,20
2018-12-14 02:00:22.029,181219003038129,18121402,XBTUSD,Sell,18,3245,ZeroMinusTick,62beab03-3389-a21b-3a06-8477cff3ba54,43401,21
2018-12-14 02:00:22.912,181219003038129,18121402,XBTUSD,Buy,325,3245.5,ZeroPlusTick,06cdf174-45ba-1ba7-df4b-0afcd9e25d5e,43726,22
2018-12-14 02:00:35.196,181219003038129,18121402,XBTUSD,Sell,100,3245,ZeroMinusTick,79996e7c-cd23-2d54-3768-a61c05a5924f,43826,23
2018-12-14 02:00:36.677,181219003038129,18121402,XBTUSD,Sell,753,3245,ZeroMinusTick,16cdf298-861c-f034-34c6-b70c1530ec44,44579,24
2018-12-14 02:00:38.196,181219003038129,18121402,XBTUSD,Sell,10,3245,ZeroMinusTick,ea2602f8-143c-802b-f048-6763807bc9cd,44589,25
2018-12-14 02:00:38.196,181219003038129,18121402,XBTUSD,Sell,7000,3245,ZeroMinusTick,4a8b435f-4004-5423-42fa-31f3ca410663,51589,26
2018-12-14 02:00:03.404,181219003038129,18121402,XBTUSD,Sell,15,3245,ZeroMinusTick,4a1732cf-5caf-2283-25fb-d35db9c98475,51604,27
2018-12-14 02:00:03.750,181219003038129,18121402,XBTUSD,Sell,1000,3245,ZeroMinusTick,ea1f6929-1a28-c92a-e4ac-cdb3436a3727,52604,28
2018-12-14 02:00:07.992,181219003038129,18121402,XBTUSD,Sell,200,3245,ZeroMinusTick,5551274a-fadf-42c4-7670-e6c864a60b35,52804,29
2018-12-14 02:00:15.140,181219003038129,18121402,XBTUSD,Sell,100,3245,ZeroMinusTick,f0e97bd8-f8f8-e451-c0dd-a2506110a460,52904,30
2018-12-14 02:00:22.029,181219003038129,18121402,XBTUSD,Sell,60,3245,ZeroMinusTick,f69854da-8b50-6f43-7357-b0930fdc3ab9,52964,31
2018-12-14 02:00:24.445,181219003038129,18121402,XBTUSD,Buy,1072,3245.5,ZeroPlusTick,2fe27b22-8cb0-f88b-dfb1-2bfc2dc097ec,54036,32
2018-12-14 02:00:36.677,181219003038129,18121402,XBTUSD,Sell,3267,3245,ZeroMinusTick,e45b9013-612a-d76e-8ddd-3871b3d57e2e,57303,33
2018-12-14 02:00:38.196,181219003038129,18121402,XBTUSD,Sell,50,3245,ZeroMinusTick,08ac83af-6b14-d020-b0d2-52d89bfc24ec,57353,34
2018-12-14 02:00:38.196,181219003038129,18121402,XBTUSD,Sell,10000,3245,ZeroMinusTick,dc0fa586-d22e-8941-fb11-253d4c4d2509,67353,35
2018-12-14 02:00:40.825,181219003038129,18121402,XBTUSD,Sell,18,3245,ZeroMinusTick,1a710cca-c898-1cca-908d-7517f6c600e1,67371,36
2018-12-14 02:00:43.279,181219003038129,18121402,XBTUSD,Sell,60,3245,ZeroMinusTick,70b8dae8-0d45-9a69-b854-847377dcb6dc,67431,37
2018-12-14 02:00:44.480,181219003038129,18121402,XBTUSD,Sell,22,3245,ZeroMinusTick,942e979e-5b21-6c86-3b5b-c23b99ad66ee,67453,38
2018-12-14 02:00:44.704,181219003038129,18121402,XBTUSD,Sell,1,3244.5,ZeroMinusTick,ea979a4b-d6b3-54a8-99e0-197534373576,67454,39
2018-12-14 02:00:02.914,181219003038129,18121402,XBTUSD,Buy,1000,3245.5,PlusTick,9b545398-c0dc-f056-3c93-5dfe61a72fd5,68454,40
2018-12-14 02:00:05.608,181219003038129,18121402,XBTUSD,Sell,601,3245,ZeroMinusTick,f1e1d8dd-d684-b8e7-ee44-9c07dcc2b361,69055,41
2018-12-14 02:00:07.992,181219003038129,18121402,XBTUSD,Sell,25,3245,ZeroMinusTick,575b84c3-0f8d-6b95-c647-2de79eb8be75,69080,42
2018-12-14 02:00:07.992,181219003038129,18121402,XBTUSD,Sell,7269,3245,ZeroMinusTick,c93bfa3f-ece2-a84e-2b82-ffe6c3adf55a,76349,43
2018-12-14 02:00:09.114,181219003038129,18121402,XBTUSD,Buy,1,3245.5,PlusTick,a06168a2-e046-8d91-d080-725e7734dd2e,76350,44
2018-12-14 02:00:10.956,181219003038129,18121402,XBTUSD,Sell,1500,3245,ZeroMinusTick,923cab0f-9409-63b6-e386-7187913b3b84,77850,45
2018-12-14 02:00:12.382,181219003038129,18121402,XBTUSD,Buy,100,3245.5,ZeroPlusTick,e6c4559d-a172-a5ae-640e-6dcabcf639b9,77950,46
2018-12-14 02:00:12.684,181219003038129,18121402,XBTUSD,Sell,500,3245,MinusTick,4220a03b-7f61-11bb-8c3a-9b6b87ae19bc,78450,47
2018-12-14 02:00:22.029,181219003038129,18121402,XBTUSD,Sell,9,3245,ZeroMinusTick,9552cd6c-d49d-2378-ee60-bb33b98978ab,78459,48
2018-12-14 02:00:34.855,181219003038129,18121402,XBTUSD,Sell,1,3245,MinusTick,7733d0f3-e6a7-1350-026a-5411bddaa088,78460,49
2018-12-14 02:00:03.404,181219003038129,18121402,XBTUSD,Sell,1000,3245,ZeroMinusTick,cae411a8-87f2-43c1-06f3-49537cd8f6a5,79460,50
2018-12-14 02:00:07.992,181219003038129,18121402,XBTUSD,Sell,5000,3245,ZeroMinusTick,c902b999-db0e-4a75-3487-1112547c233b,84460,51
2018-12-14 02:00:09.527,181219003038129,18121402,XBTUSD,Sell,1111,3245,MinusTick,357c2a96-c476-f998-5dd7-d622aedb1100,85571,52
2018-12-14 02:00:15.796,181219003038129,18121402,XBTUSD,Buy,1300,3245.5,PlusTick,4fd39f0b-b2a4-5daa-a95d-b3360ca8857f,86871,53
2018-12-14 02:00:19.390,181219003038129,18121402,XBTUSD,Sell,861,3245,ZeroMinusTick,58a6567e-392c-3261-8095-c64425c40acc,87732,54
2018-12-14 02:00:22.029,181219003038129,18121402,XBTUSD,Sell,23,3245,ZeroMinusTick,65ccb5a3-86c0-0825-0306-a10cd1e7edd2,87755,55
2018-12-14 02:00:22.912,181219003038129,18121402,XBTUSD,Buy,645,3245.5,PlusTick,b03e0d88-04ec-949f-77ea-730002103039,88400,56
2018-12-14 02:00:27.692,181219003038129,18121402,XBTUSD,Buy,1300,3245.5,PlusTick,8d9927f7-619b-864f-7c3e-61896d99a515,89700,57
2018-12-14 02:00:28.424,181219003038129,18121402,XBTUSD,Sell,40,3245,MinusTick,0c62e13f-13f5-4549-dde2-56015f969b15,89740,58
2018-12-14 02:00:36.677,181219003038129,18121402,XBTUSD,Sell,2375,3245,ZeroMinusTick,00fbf80b-347d-998f-309d-81fc6361e971,92115,59
2018-12-14 02:00:37.123,181219003038129,18121402,XBTUSD,Sell,350,3245,ZeroMinusTick,ea4484f1-80c9-3dd3-ed0a-427c686f3b8e,92465,60
2018-12-14 02:00:38.145,181219003038129,18121402,XBTUSD,Buy,6000,3245.5,ZeroPlusTick,cb673656-e30f-f70f-7225-f1acfde3da87,98465,61
2018-12-14 02:00:38.196,181219003038129,18121402,XBTUSD,Sell,29255,3245,ZeroMinusTick,52f62c40-5168-509e-f702-0313d79389d5,127720,62
2018-12-14 02:00:38.196,181219003038129,18121402,XBTUSD,Sell,65,3245,ZeroMinusTick,ea7e024d-63dd-95e1-cb63-8d813eee15f2,127785,63
2018-12-14 02:00:39.991,181219003038129,18121402,XBTUSD,Sell,984,3245,ZeroMinusTick,524fe022-6851-e95d-49f6-3da82b03fe85,128769,64
2018-12-14 02:00:03.311,181219003038129,18121402,XBTUSD,Sell,4000,3245,MinusTick,18fc2c1d-ff88-d8c1-edce-0c12b09d4594,132769,65
2018-12-14 02:00:03.319,181219003038129,18121402,XBTUSD,Buy,100,3245.5,PlusTick,c1a9675e-6fe5-13bc-4f3b-0b09b4619b4f,132869,66
2018-12-14 02:00:03.395,181219003038129,18121402,XBTUSD,Buy,8240,3245.5,ZeroPlusTick,dab1deae-5b5c-fd17-49ef-6a892dd6020a,141109,67
2018-12-14 02:00:07.992,181219003038129,18121402,XBTUSD,Sell,30,3245,ZeroMinusTick,16f956ad-940d-b1ba-aafa-6084dad4b0b4,141139,68
2018-12-14 02:00:15.373,181219003038129,18121402,XBTUSD,Sell,500,3245,ZeroMinusTick,19fa9474-5e41-0488-1166-674b449df929,141639,69
2018-12-14 02:00:16.988,181219003038129,18121402,XBTUSD,Sell,1496,3245,ZeroMinusTick,74430166-f2d0-806e-268a-0a8c43c96f4e,143135,70
2018-12-14 02:00:22.029,181219003038129,18121402,XBTUSD,Sell,18,3245,ZeroMinusTick,dee9004e-ed00-e31b-4c58-1b4c0160ce76,143153,71
2018-12-14 02:00:33.480,181219003038129,18121402,XBTUSD,Sell,4,3245,ZeroMinusTick,af00b100-d442-bb2c-70da-17895af5aa43,143157,72
2018-12-14 02:00:33.688,181219003038129,18121402,XBTUSD,Buy,500,3245.5,PlusTick,91fcf9f3-c3ce-6c6c-4e34-ecc12ae5f586,143657,73
2018-12-14 02:00:38.196,181219003038129,18121402,XBTUSD,Sell,18,3245,ZeroMinusTick,cd6b4eff-0cfd-ae0b-5b79-633af01332a9,143675,74
2018-12-14 02:00:38.196,181219003038129,18121402,XBTUSD,Sell,20,3245,ZeroMinusTick,79874270-84a4-692f-75a6-64c1bf2fc2ac,143695,75
2018-12-14 02:00:38.196,181219003038129,18121402,XBTUSD,Sell,17,3245,ZeroMinusTick,e004fdc6-c0da-3566-56dd-fd2bf4ea6d94,143712,76
2018-12-14 02:00:40.825,181219003038129,18121402,XBTUSD,Sell,36,3245,ZeroMinusTick,c1973b56-f568-1f0d-3ef4-5c02336423bf,143748,77
2018-12-14 02:00:43.279,181219003038129,18121402,XBTUSD,Sell,504,3245,ZeroMinusTick,89734bbb-64c8-fb52-fb16-9aa27a07f97f,144252,78
2018-12-14 02:00:44.704,181219003038130,18121402,XBTUSD,Sell,30,3244.5,ZeroMinusTick,a3716fb9-0233-98de-d69b-f234e244d354,144282,79
2018-12-14 02:00:53.450,181219003038130,18121402,XBTUSD,Sell,5000,3244.5,ZeroMinusTick,a1e71bd0-779f-1992-ce9e-a5712c2017bf,149282,80
2018-12-14 02:00:53.450,181219003038130,18121402,XBTUSD,Sell,78,3244.5,ZeroMinusTick,8a353a96-0faf-9353-64dd-094c54b7d66e,149360,81
2018-12-14 02:00:53.450,181219003038130,18121402,XBTUSD,Sell,28,3244.5,ZeroMinusTick,61c64a67-a985-1062-4c31-d47276544590,149388,82
2018-12-14 02:00:53.450,181219003038130,18121402,XBTUSD,Sell,13,3244.5,ZeroMinusTick,af3bd6e5-e0c3-d0bc-6486-f6f20c8d6871,149401,83
2018-12-14 02:00:54.470,181219003038130,18121402,XBTUSD,Buy,200,3245,PlusTick,be024536-46da-0360-a05a-d82ff34dc155,149601,84
2018-12-14 02:00:54.813,181219003038130,18121402,XBTUSD,Sell,1400,3244.5,MinusTick,81ea4bf3-c7ae-1c65-9848-bac1816f534e,151001,85
2018-12-14 02:00:56.003,181219003038130,18121402,XBTUSD,Sell,100,3244,ZeroMinusTick,76ceaffd-2be7-21f3-2438-a3d7bea201ab,151101,86
2018-12-14 02:00:56.423,181219003038130,18121402,XBTUSD,Sell,15,3244,ZeroMinusTick,beca93f6-7a6b-ec40-cf29-e4eb35c82325,151116,87
2018-12-14 02:00:03.395,181219003038130,18121402,XBTUSD,Buy,5844,3245.5,ZeroPlusTick,e69119b7-4ebc-6b7a-7254-2ccd58c31a2c,156960,88
2018-12-14 02:00:07.992,181219003038130,18121402,XBTUSD,Sell,2,3245,ZeroMinusTick,57122c95-4ba7-07fd-79ce-040cc2c960bc,156962,89
2018-12-14 02:00:11.600,181219003038130,18121402,XBTUSD,Buy,100,3245.5,PlusTick,36cd6457-2be8-653c-cc87-b9c68477f2b3,157062,90
2018-12-14 02:00:18.311,181219003038130,18121402,XBTUSD,Sell,500,3245,ZeroMinusTick,dadb57e6-c976-9eb3-3251-bd0d402cd857,157562,91
2018-12-14 02:00:19.390,181219003038130,18121402,XBTUSD,Sell,500,3245,ZeroMinusTick,bef50c08-ad01-3513-8f17-47b52677f454,158062,92
2018-12-14 02:00:20.196,181219003038130,18121402,XBTUSD,Sell,500,3245,ZeroMinusTick,0c1876fb-4af6-72af-ba39-9ba3c5298bad,158562,93
2018-12-14 02:00:22.029,181219003038130,18121402,XBTUSD,Sell,36,3245,ZeroMinusTick,905e6cc5-5e07-50fc-591b-2decd6e3c9bc,158598,94
2018-12-14 02:00:22.912,181219003038130,18121402,XBTUSD,Buy,30,3245.5,ZeroPlusTick,a64e5292-2e36-dd58-fa97-2f1501e96852,158628,95
2018-12-14 02:00:29.100,181219003038130,18121402,XBTUSD,Sell,200,3245,ZeroMinusTick,a89fe485-010c-f250-2a32-c99e6c2c1a5e,158828,96
2018-12-14 02:00:29.696,181219003038130,18121402,XBTUSD,Buy,2000,3245.5,PlusTick,fb8813ca-a790-2011-cf03-1e786bf2f72d,160828,97
2018-12-14 02:00:32.138,181219003038130,18121402,XBTUSD,Sell,3701,3245,MinusTick,c8014b67-eb64-1b16-edcb-587bc7a39023,164529,98
2018-12-14 02:00:36.677,181219003038130,18121402,XBTUSD,Sell,8,3245,ZeroMinusTick,c9f68c31-814f-a62c-1862-09cc564de0d8,164537,99
2018-12-14 02:00:37.575,181219003038130,18121402,XBTUSD,Sell,100,3245,ZeroMinusTick,7202b31d-a3f0-5ff9-9bc5-b7c88764bacf,164637,100
2018-12-14 02:00:37.859,181219003038130,18121402,XBTUSD,Sell,325,3245,ZeroMinusTick,c0e7b812-42ee-c1a9-46c0-b83a507b3af5,164962,101
2018-12-14 02:00:38.010,181219003038130,18121402,XBTUSD,Buy,1300,3245.5,PlusTick,92f7d7e1-f782-b1bd-2fbb-fedca87c2fef,166262,102
2018-12-14 02:00:38.196,181219003038130,18121402,XBTUSD,Sell,7000,3245,ZeroMinusTick,4d8cca94-712b-0f2c-d99f-16d6be55e047,173262,103
2018-12-14 02:00:38.196,181219003038130,18121402,XBTUSD,Sell,1000,3245,ZeroMinusTick,b0f4abb2-3aac-4b7d-54f1-8cf88d9119f8,174262,104
2018-12-14 02:00:39.991,181219003038130,18121402,XBTUSD,Sell,16,3245,ZeroMinusTick,ac2ea753-3bd6-10cd-4121-c04a27656d1c,174278,105
2018-12-14 02:00:40.825,181219003038130,18121402,XBTUSD,Sell,24,3245,ZeroMinusTick,e83e4ded-1349-5606-3719-237f42ffeed8,174302,106
2018-12-14 02:00:41.506,181219003038130,18121402,XBTUSD,Sell,1,3245,ZeroMinusTick,22767ece-9e39-71b9-d255-d413734d90ca,174303,107
2018-12-14 02:00:43.279,181219003038130,18121402,XBTUSD,Sell,4429,3245,ZeroMinusTick,7486cf27-cdf8-6840-fdf2-1d0165613ae9,178732,108
2018-12-14 02:00:44.480,181219003038130,18121402,XBTUSD,Sell,3993,3245,ZeroMinusTick,197d36b4-80f8-dd74-5bca-4da4b06281f5,182725,109
2018-12-14 02:00:44.704,181219003038130,18121402,XBTUSD,Sell,2,3244.5,ZeroMinusTick,0101a6e3-1edc-89e3-a6fd-9be354e4ed0a,182727,110
2018-12-14 02:00:03.395,181219003038130,18121402,XBTUSD,Buy,29255,3245.5,ZeroPlusTick,c87d5688-5339-eb50-7cbe-4bad7e7e6871,211982,111
2018-12-14 02:00:04.377,181219003038130,18121402,XBTUSD,Sell,13,3245,ZeroMinusTick,2144a0a6-9c6d-ed6b-76fb-33f2faf6cc43,211995,112
2018-12-14 02:00:07.992,181219003038130,18121402,XBTUSD,Sell,755,3245,MinusTick,8076c508-5a10-0087-acd8-f2633dc2696a,212750,113
2018-12-14 02:00:07.992,181219003038130,18121402,XBTUSD,Sell,500,3245,ZeroMinusTick,62f78cfb-c53c-c70d-821f-8524517553d2,213250,114
2018-12-14 02:00:14.235,181219003038130,18121402,XBTUSD,Sell,1594,3245,ZeroMinusTick,84aa792a-e87a-7b8b-5507-687d52aa563e,214844,115
2018-12-14 02:00:22.029,181219003038130,18121402,XBTUSD,Sell,80,3245,ZeroMinusTick,2d764962-6963-ccd8-45e7-1de3dd3e30f1,214924,116
2018-12-14 02:00:36.677,181219003038130,18121402,XBTUSD,Sell,50,3245,ZeroMinusTick,d1c9f866-8d4c-0f36-7eb1-3dd66600834d,214974,117
2018-12-14 02:00:38.196,181219003038130,18121402,XBTUSD,Sell,4,3245,ZeroMinusTick,95c57131-ce92-90fb-a46a-f34992539392,214978,118
2018-12-14 02:00:38.196,181219003038130,18121402,XBTUSD,Sell,17,3245,ZeroMinusTick,a1dd4715-1576-7c0c-6fe1-ddea1eedafab,214995,119
2018-12-14 02:00:40.825,181219003038130,18121402,XBTUSD,Sell,500,3245,ZeroMinusTick,c5d17b8a-a48b-8a58-ddb4-b83e6a196a6b,215495,120
2018-12-14 02:00:43.279,181219003038130,18121402,XBTUSD,Sell,1000,3245,ZeroMinusTick,3f012499-78a4-294f-d735-34de5ccafb8f,216495,121
2018-12-14 02:00:44.060,181219003038130,18121402,XBTUSD,Sell,2507,3245,ZeroMinusTick,630f9359-5116-2ad2-8a23-c10541ddb762,219002,122
2018-12-14 02:00:44.480,181219003038130,18121402,XBTUSD,Sell,27,3245,ZeroMinusTick,c182915e-5bb4-fe7e-5962-862b59439981,219029,123
2018-12-14 02:00:53.450,181219003038130,18121402,XBTUSD,Sell,16,3244.5,ZeroMinusTick,5e418a90-362a-6554-d406-f6bed82581e2,219045,124
2018-12-14 02:00:53.450,181219003038130,18121402,XBTUSD,Sell,11,3244.5,ZeroMinusTick,0e7faa00-baba-4024-0559-a0ded9621264,219056,125
2018-12-14 02:00:53.450,181219003038130,18121402,XBTUSD,Sell,12,3244.5,ZeroMinusTick,6ab6133d-5214-2d0e-baf7-e942b44b9089,219068,126
2018-12-14 02:00:53.450,181219003038130,18121402,XBTUSD,Sell,71,3244.5,ZeroMinusTick,a980b68c-8d91-9f56-662d-9746da3bcc14,219139,127
2018-12-14 02:00:56.003,181219003038130,18121402,XBTUSD,Sell,12,3244,MinusTick,a965dd95-4b1e-a655-5c15-a0d512ddf0ce,219151,128
2018-12-14 02:00:56.423,181219003038130,18121402,XBTUSD,Sell,114,3244,ZeroMinusTick,97e808b3-3d3b-5c3d-f270-ba4fe587e775,219265,129
2018-12-14 02:00:56.840,181219003038130,18121402,XBTUSD,Sell,4955,3244,ZeroMinusTick,708914ec-27b4-808f-ef1b-ac602b467fb7,224220,130
2018-12-14 02:01:02.095,181219003038130,18121402,XBTUSD,Sell,100,3243.5,ZeroMinusTick,cdfffdd4-b61a-cdf3-2263-3ac7f64d51e0,224320,131
2018-12-14 02:01:03.447,181219003038130,18121402,XBTUSD,Sell,7887,3243.5,ZeroMinusTick,b85eb339-02f6-d8b7-a386-240881e879fe,232207,132
2018-12-14 02:01:07.270,181219003038130,18121402,XBTUSD,Sell,50,3243.5,ZeroMinusTick,23f57a45-2635-db3f-3443-0488d946a92d,232257,133
2018-12-14 02:01:07.270,181219003038130,18121402,XBTUSD,Sell,28,3243,MinusTick,0cc69a2e-3263-c745-05e2-e9a8ce1aed7e,232285,134
2018-12-14 02:00:03.404,181219003038130,18121402,XBTUSD,Sell,4631,3245,ZeroMinusTick,bde3b076-d2e6-b836-2ccc-6c3425152a5f,236916,135
2018-12-14 02:00:07.992,181219003038130,18121402,XBTUSD,Sell,500,3245,ZeroMinusTick,2376d762-a3aa-1b98-6205-d4ca7ea9c1c6,237416,136
2018-12-14 02:00:08.480,181219003038130,18121402,XBTUSD,Sell,500,3245,ZeroMinusTick,1f429e18-c261-ee6b-c9aa-8132a96fcb83,237916,137
2018-12-14 02:00:14.899,181219003038130,18121402,XBTUSD,Sell,500,3245,ZeroMinusTick,54ed64f4-954a-e7af-bf4d-9b9f2c9acd09,238416,138
2018-12-14 02:00:19.390,181219003038130,18121402,XBTUSD,Sell,900,3245,ZeroMinusTick,c036d370-c5c5-2a04-99ba-df94215cd081,239316,139
2018-12-14 02:00:22.029,181219003038130,18121402,XBTUSD,Sell,639,3245,MinusTick,402e58df-5807-8a71-3468-97af44cafb34,239955,140
2018-12-14 02:00:22.029,181219003038130,18121402,XBTUSD,Sell,1045,3245,ZeroMinusTick,5ef615c5-84d2-8829-ea24-f5f7f2beea9a,241000,141
2018-12-14 02:00:23.722,181219003038130,18121402,XBTUSD,Buy,50,3245.5,ZeroPlusTick,d78c8a48-78ee-b1b4-2e7c-84d5dfa31139,241050,142
2018-12-14 02:00:24.495,181219003038130,18121402,XBTUSD,Sell,1,3245,MinusTick,8cb56c88-8a17-ab2f-fd48-180a8703bcbe,241051,143
2018-12-14 02:00:24.942,181219003038130,18121402,XBTUSD,Sell,13,3245,ZeroMinusTick,1be6de31-e35c-515a-2358-5ab77336dc06,241064,144
2018-12-14 02:00:32.138,181219003038130,18121402,XBTUSD,Sell,6278,3245,ZeroMinusTick,b50b548c-672c-8f42-670d-d00b6266dcfd,247342,145
2018-12-14 02:00:32.846,181219003038130,18121402,XBTUSD,Sell,250,3245,ZeroMinusTick,651066e6-d5cc-4134-1045-a180422d836f,247592,146
2018-12-14 02:00:36.677,181219003038130,18121402,XBTUSD,Sell,3547,3245,ZeroMinusTick,a03495f3-1c32-d6e3-345f-2d5c0306fb9e,251139,147
2018-12-14 02:00:38.196,181219003038130,18121402,XBTUSD,Sell,15,3245,ZeroMinusTick,47eba4f3-bc07-cf56-5f13-5794d009a7f8,251154,148
2018-12-14 02:00:38.196,181219003038130,18121402,XBTUSD,Sell,1000,3245,ZeroMinusTick,584c755e-7a13-f119-1887-2269d9cc944d,252154,149
2018-12-14 02:00:39.083,181219003038130,18121402,XBTUSD,Sell,1426,3245,ZeroMinusTick,31dd18d4-7fa8-ceb8-709e-22244751325a,253580,150
2018-12-14 02:00:40.103,181219003038130,18121402,XBTUSD,Sell,416,3245,MinusTick,8037ef94-9a6f-458b-5e0b-5043076060ea,253996,151
2018-12-14 02:00:40.825,181219003038130,18121402,XBTUSD,Sell,165,3245,ZeroMinusTick,7f7a670b-3630-6ead-85f6-8c08cd7441a3,254161,152
2018-12-14 02:00:40.825,181219003038130,18121402,XBTUSD,Sell,6323,3245,ZeroMinusTick,aa0ed4d1-5a47-b15e-27ec-f6dcc8895036,260484,153
2018-12-14 02:00:43.279,181219003038130,18121402,XBTUSD,Sell,2631,3245,ZeroMinusTick,303a56c2-d770-4a38-2b1d-fa236efe4b81,263115,154
2018-12-14 02:00:43.607,181219003038130,18121402,XBTUSD,Sell,122,3245,ZeroMinusTick,3e35e777-fea0-1a57-ffd1-4d9de785b705,263237,155
2018-12-14 02:00:44.704,181219003038130,18121402,XBTUSD,Sell,1000,3244.5,ZeroMinusTick,293a3fe3-1994-dbad-c92d-03ff7d6d4daa,264237,156
2018-12-14 02:00:48.415,181219003038130,18121402,XBTUSD,Sell,4000,3244.5,ZeroMinusTick,d010ed36-9050-9511-9e91-192580cb2c51,268237,157
2018-12-14 02:00:48.572,181219003038130,18121402,XBTUSD,Sell,10000,3244.5,ZeroMinusTick,1fd71df2-9ed3-201e-7590-b4e3af5cd2b5,278237,158
2018-12-14 02:00:49.411,181219003038130,18121402,XBTUSD,Buy,2500,3245,PlusTick,18434c62-ffa3-0785-1d0c-52b71be4ac9b,280737,159
2018-12-14 02:00:03.404,181219003038130,18121402,XBTUSD,Sell,3850,3245,MinusTick,49094a66-e40a-7e1b-cdc1-62600da1b4b7,284587,160
2018-12-14 02:00:07.992,181219003038130,18121402,XBTUSD,Sell,114,3245,ZeroMinusTick,f864dc66-f697-2956-9bdc-d7a02c7cc918,284701,161
2018-12-14 02:00:11.576,181219003038130,18121402,XBTUSD,Sell,500,3245,ZeroMinusTick,40c7f02a-fc02-ea9f-7a0d-324ff292b7f5,285201,162
2018-12-14 02:00:15.366,181219003038130,18121402,XBTUSD,Sell,16,3245,ZeroMinusTick,ee154bf8-f500-8d74-9650-e5a92333acc0,285217,163
2018-12-14 02:00:16.484,181219003038130,18121402,XBTUSD,Sell,1590,3245,MinusTick,7b4aa97e-2a2b-2e2e-950d-51186b0846a3,286807,164
2018-12-14 02:00:16.988,181219003038130,18121402,XBTUSD,Sell,4,3245,ZeroMinusTick,e15c86ea-97c3-34bd-b282-9f5e58b9f2a9,286811,165
2018-12-14 02:00:20.649,181219003038130,18121402,XBTUSD,Buy,2000,3245.5,PlusTick,e7f267a4-cd18-98b0-c710-154b00af3bff,288811,166
2018-12-14 02:00:22.029,181219003038130,18121402,XBTUSD,Sell,21,3245,ZeroMinusTick,b4f619ec-b08c-bd4e-c25a-b420448f3fd6,288832,167
2018-12-14 02:00:28.053,181219003038130,18121402,XBTUSD,Buy,211,3245.5,ZeroPlusTick,b7e0e8a5-4c50-6fc3-781d-1df68e1b23b0,289043,168
2018-12-14 02:00:38.196,181219003038131,18121402,XBTUSD,Sell,2000,3245,ZeroMinusTick,458ae0ae-0d41-0801-0a08-ee4efe503340,291043,169
2018-12-14 02:00:38.196,181219003038131,18121402,XBTUSD,Sell,10,3245,ZeroMinusTick,c7102dc5-86e2-b737-7b72-4939a7a65fae,291053,170
2018-12-14 02:00:38.196,181219003038131,18121402,XBTUSD,Sell,23574,3245,ZeroMinusTick,af664a72-c312-e285-244b-2a4a6758c056,314627,171
2018-12-14 02:00:40.825,181219003038131,18121402,XBTUSD,Sell,18,3245,ZeroMinusTick,2e688abc-2a2d-6e78-bdb5-79af7785904c,314645,172
2018-12-14 02:00:43.279,181219003038131,18121402,XBTUSD,Sell,100,3245,ZeroMinusTick,629e0e4c-8190-ad5a-d099-dcabb0186270,314745,173
2018-12-14 02:00:44.060,181219003038131,18121402,XBTUSD,Sell,2493,3245,ZeroMinusTick,5437ab0f-5344-33d1-221b-c18664d92b4b,317238,174
2018-12-14 02:00:44.480,181219003038131,18121402,XBTUSD,Sell,74,3245,ZeroMinusTick,58a0852f-ad6b-a74f-1a20-4db6b3418342,317312,175
2018-12-14 02:00:53.450,181219003038131,18121402,XBTUSD,Sell,107,3244.5,ZeroMinusTick,60e5a1e2-64f8-ce03-3f36-56efe9716b8c,317419,176
2018-12-14 02:00:53.450,181219003038131,18121402,XBTUSD,Sell,16,3244.5,ZeroMinusTick,4352f7a8-1622-c275-78c1-e2cbdc4e1f02,317435,177
2018-12-14 02:00:53.450,181219003038131,18121402,XBTUSD,Sell,9,3244.5,ZeroMinusTick,4a24ce91-eba7-17fb-67c5-ae3e4e080223,317444,178
2018-12-14 02:00:53.450,181219003038131,18121402,XBTUSD,Sell,60,3244.5,ZeroMinusTick,0efaf197-be23-3402-0e64-0a7d312258ea,317504,179
2018-12-14 02:00:56.003,181219003038131,18121402,XBTUSD,Sell,200,3244,ZeroMinusTick,7d07f158-c8c1-957f-8e40-49569935e9bb,317704,180
2018-12-14 02:00:56.423,181219003038131,18121402,XBTUSD,Sell,20,3244,ZeroMinusTick,c0da1ffb-fdde-d5b6-2419-055b7ff0308c,317724,181
2018-12-14 02:00:56.531,181219003038131,18121402,XBTUSD,Sell,4346,3244,ZeroMinusTick,94fedb12-001b-3a74-ecb5-6d562a694504,322070,182
2018-12-14 02:00:56.840,181219003038131,18121402,XBTUSD,Sell,25,3244,ZeroMinusTick,1cb79fe9-05f4-b9a9-dad1-aa30257378f5,322095,183
2018-12-14 02:00:57.511,181219003038131,18121402,XBTUSD,Sell,30,3243.5,ZeroMinusTick,465d9643-b783-5c46-ce4c-dcc18d78ec6a,322125,184
2018-12-14 02:01:02.095,181219003038131,18121402,XBTUSD,Sell,100,3243.5,ZeroMinusTick,3ae151f9-7076-d3fc-dce0-2eef478d7c88,322225,185
2018-12-14 02:01:03.741,181219003038131,18121402,XBTUSD,Sell,141,3243.5,ZeroMinusTick,8f0a2c13-6089-5524-e630-aec19b51dc64,322366,186
2018-12-14 02:01:07.270,181219003038131,18121402,XBTUSD,Sell,5,3243.5,ZeroMinusTick,b708a705-dadc-9aba-84a2-5a2ce81d2d3a,322371,187
2018-12-14 02:01:07.270,181219003038131,18121402,XBTUSD,Sell,24,3243.5,ZeroMinusTick,fd68b434-ca20-7338-f697-e6f4e1c92df2,322395,188
2018-12-14 02:01:13.312,181219003038131,18121402,XBTUSD,Sell,3016,3243,ZeroMinusTick,fdb0f3b5-d588-846c-2c31-c728558bd6e6,325411,189
2018-12-14 02:00:19.390,181219003038131,18121402,XBTUSD,Sell,4496,3245,ZeroMinusTick,68a471d1-d5fa-addc-b7cd-1a4914982618,329907,190
2018-12-14 02:00:22.029,181219003038131,18121402,XBTUSD,Sell,51,3245,ZeroMinusTick,6fba66f1-83c2-8fc3-24ce-d32dac78dce9,329958,191
2018-12-14 02:00:32.138,181219003038131,18121402,XBTUSD,Sell,21,3245,ZeroMinusTick,32d0a4db-9be8-536a-9e4b-f1c74315d3cd,329979,192
2018-12-14 02:00:35.460,181219003038131,18121402,XBTUSD,Sell,100,3245,ZeroMinusTick,3fcf8a44-1130-d2e1-3ce4-cbe5f3c7a5ef,330079,193
2018-12-14 02:00:37.050,181219003038131,18121402,XBTUSD,Sell,3000,3245,ZeroMinusTick,76a3c8ad-246b-c6e8-2580-3d3bfd46541f,333079,194
2018-12-14 02:00:38.196,181219003038131,18121402,XBTUSD,Sell,5675,3245,MinusTick,715288a8-4ae9-8fa5-c439-b8b653e5dcce,338754,195
2018-12-14 02:00:38.196,181219003038131,18121402,XBTUSD,Sell,5,3245,ZeroMinusTick,00feeaaf-9a88-6e3f-e311-5a4775ceb207,338759,196
2018-12-14 02:00:38.196,181219003038131,18121402,XBTUSD,Sell,1000,3245,ZeroMinusTick,c882b163-efcf-28fc-9b78-a4248c4b82d5,339759,197
2018-12-14 02:00:40.825,181219003038131,18121402,XBTUSD,Sell,500,3245,ZeroMinusTick,0585af16-150b-9929-1959-8d2cdbb04cad,340259,198
2018-12-14 02:00:41.489,181219003038131,18121402,XBTUSD,Sell,100,3245,ZeroMinusTick,bb9f426d-b012-d6fc-df22-6751d2e4dfe1,340359,199
2018-12-14 02:00:43.279,181219003038131,18121402,XBTUSD,Sell,3576,3245,ZeroMinusTick,74cf4b95-d88f-00fc-7a3c-37b0a269b6c4,343935,200
2018-12-14 02:00:44.060,181219003038131,18121402,XBTUSD,Sell,2000,3245,ZeroMinusTick,b34ea750-a5c5-e62e-2df7-d5c958c2d1b2,345935,201
2018-12-14 02:00:44.480,181219003038131,18121402,XBTUSD,Sell,29,3245,ZeroMinusTick,77bb53ca-a74e-2d2a-ad71-970eaae9ba03,345964,202
2018-12-14 02:00:50.381,181219003038131,18121402,XBTUSD,Sell,300,3244.5,ZeroMinusTick,9ca090a9-c9ec-5c15-ec20-63e2c912a796,346264,203
2018-12-14 02:00:50.940,181219003038131,18121402,XBTUSD,Buy,195,3245,PlusTick,593ba2d5-a0e4-2ce2-4c42-8efc8bbed3f5,346459,204
2018-12-14 02:00:53.450,181219003038131,18121402,XBTUSD,Sell,25288,3244.5,MinusTick,4754dbca-a8ee-38e5-a59b-66f61c0323f1,371747,205
2018-12-14 02:00:53.450,181219003038131,18121402,XBTUSD,Sell,51,3244.5,ZeroMinusTick,2e8ddf87-83bf-ad44-b6d1-9ac77981e7a4,371798,206
2018-12-14 02:00:53.450,181219003038131,18121402,XBTUSD,Sell,9,3244.5,ZeroMinusTick,e85b4f05-d76b-ebc6-6e96-61c9fe33fe98,371807,207
2018-12-14 02:00:53.450,181219003038131,18121402,XBTUSD,Sell,13,3244.5,ZeroMinusTick,3029d1d2-7928-e85f-20c7-144d1d054e13,371820,208
2018-12-14 02:00:53.543,181219003038131,18121402,XBTUSD,Sell,735,3244.5,ZeroMinusTick,57cde600-c82b-80e4-e696-01b9e6174ef2,372555,209
2018-12-14 02:00:56.003,181219003038131,18121402,XBTUSD,Sell,540,3244,ZeroMinusTick,cbde0d2d-224e-cc2a-d1f3-1667c56c2ac0,373095,210
2018-12-14 02:00:56.423,181219003038131,18121402,XBTUSD,Sell,3000,3244,ZeroMinusTick,bc6d7c0f-33dd-12a9-1330-1e81b174ad34,376095,211
2018-12-14 02:00:56.840,181219003038131,18121402,XBTUSD,Sell,37,3244,ZeroMinusTick,d23aa868-5dd2-8a74-373b-a3a7f7c498b3,376132,212
2018-12-14 02:00:57.511,181219003038131,18121402,XBTUSD,Sell,10,3243.5,ZeroMinusTick,bf92cf4e-b12d-37e5-9ed5-0320ec018852,376142,213
2018-12-14 02:01:01.353,181219003038131,18121402,XBTUSD,Sell,40000,3243.5,ZeroMinusTick,fc5c7416-7928-c9b2-5ad5-1b713d53edf8,416142,214
2018-12-14 02:01:01.390,181219003038131,18121402,XBTUSD,Sell,100,3243.5,ZeroMinusTick,7345548a-cc27-cb6b-d34a-4bb4de1e915f,416242,215
2018-12-14 02:01:01.479,181219003038131,18121402,XBTUSD,Sell,3250,3243.5,ZeroMinusTick,668edf52-3696-578d-fcdb-6e1701d0d9cb,419492,216
2018-12-14 02:01:02.095,181219003038131,18121402,XBTUSD,Sell,100,3243.5,ZeroMinusTick,4035ced2-9d43-12e5-b01d-4c8b92796463,419592,217
2018-12-14 02:01:02.095,181219003038131,18121402,XBTUSD,Sell,324,3243.5,ZeroMinusTick,4dc365ac-1e35-93c3-0403-8a48d717edce,419916,218
2018-12-14 02:01:04.260,181219003038131,18121402,XBTUSD,Sell,1200,3243.5,ZeroMinusTick,8eb956df-dcf7-1873-b6cf-d432f3f0e159,421116,219
2018-12-14 02:01:07.270,181219003038131,18121402,XBTUSD,Sell,50,3243.5,ZeroMinusTick,5ae78a33-cc20-5a10-4b47-fd7172d2fe19,421166,220
2018-12-14 02:01:07.270,181219003038131,18121402,XBTUSD,Sell,650,3243,ZeroMinusTick,28ad4d41-8c25-5550-4f33-b3e700adbbe5,421816,221
2018-12-14 02:01:07.993,181219003038131,18121402,XBTUSD,Sell,1,3243,ZeroMinusTick,ab8d532e-241c-44d2-29ca-05988a6aa9a0,421817,222
2018-12-14 02:01:08.063,181219003038131,18121402,XBTUSD,Sell,1000,3243,ZeroMinusTick,d5308707-1bb7-8a70-d9a7-d9cc1afc7c54,422817,223
2018-12-14 02:00:38.196,181219003038131,18121402,XBTUSD,Sell,100,3245,ZeroMinusTick,55fc71a6-091e-ca33-1e1e-be3ba0a5257e,422917,224
2018-12-14 02:00:38.196,181219003038131,18121402,XBTUSD,Sell,292,3245,ZeroMinusTick,6853a968-9d8d-c55e-f845-d7e965d4a40e,423209,225
2018-12-14 02:00:38.196,181219003038131,18121402,XBTUSD,Sell,10000,3245,ZeroMinusTick,0a618549-a84f-474b-27ef-98f9107cce09,433209,226
2018-12-14 02:00:39.083,181219003038131,18121402,XBTUSD,Sell,574,3245,ZeroMinusTick,b4fbe432-92f6-6552-c13e-22b809a66cd4,433783,227
2018-12-14 02:00:40.825,181219003038131,18121402,XBTUSD,Sell,500,3245,ZeroMinusTick,cd1edbd1-0bb5-6a7f-e59d-db584927b3e9,434283,228
2018-12-14 02:00:43.607,181219003038131,18121402,XBTUSD,Sell,571,3245,ZeroMinusTick,96bc2353-4e30-ddd4-2ca0-8acd0423ad65,434854,229
2018-12-14 02:00:44.704,181219003038131,18121402,XBTUSD,Sell,1000,3244.5,MinusTick,0941b815-d4f2-57a8-1cec-ef0771b3fd0f,435854,230
2018-12-14 02:00:53.450,181219003038131,18121402,XBTUSD,Sell,208,3244.5,ZeroMinusTick,b65de54e-292c-237b-8d1c-dc5d3186b284,436062,231
2018-12-14 02:00:53.450,181219003038131,18121402,XBTUSD,Sell,23,3244.5,ZeroMinusTick,eb01c931-0ae6-5697-a69f-5b8e0e87b1e8,436085,232
2018-12-14 02:00:53.450,181219003038131,18121402,XBTUSD,Sell,25,3244.5,ZeroMinusTick,985c7e6f-f08f-69a6-6eb4-f58fe89d5c39,436110,233
2018-12-14 02:00:55.600,181219003038131,18121402,XBTUSD,Sell,1042,3244.5,ZeroMinusTick,66701384-2b22-0df8-4f8e-d557121c4a62,437152,234
2018-12-14 02:00:55.996,181219003038131,18121402,XBTUSD,Sell,958,3244.5,ZeroMinusTick,a354ee33-5233-02af-df8c-1d05c80d9ecb,438110,235
2018-12-14 02:00:56.003,181219003038131,18121402,XBTUSD,Sell,73,3244,ZeroMinusTick,871e60ab-1092-c6b6-620d-e2b7be22ccf2,438183,236
2018-12-14 02:00:56.423,181219003038131,18121402,XBTUSD,Sell,1000,3244,ZeroMinusTick,84eacb33-4c81-fa8b-2970-c12653661fc4,439183,237
2018-12-14 02:00:56.840,181219003038132,18121402,XBTUSD,Sell,37,3244,ZeroMinusTick,4d0bf3f9-50a4-07ab-1a3c-dea24111880d,439220,238
2018-12-14 02:00:57.162,181219003038132,18121402,XBTUSD,Buy,4000,3244,ZeroMinusTick,880b05cb-18f8-d895-aa1a-1e684415d5e8,443220,239
2018-12-14 02:00:57.511,181219003038132,18121402,XBTUSD,Sell,29,3243.5,MinusTick,10f24ab5-6e13-eb18-dc68-a7ce16f28dc0,443249,240
2018-12-14 02:00:59.396,181219003038132,18121402,XBTUSD,Sell,5000,3243.5,ZeroMinusTick,66e019a3-9228-ac83-42d7-8d1dc45b1cb9,448249,241
2018-12-14 02:01:02.095,181219003038132,18121402,XBTUSD,Sell,100,3243.5,ZeroMinusTick,c7f19852-9319-6998-5872-a8c186d2e143,448349,242
2018-12-14 02:01:02.095,181219003038132,18121402,XBTUSD,Sell,7652,3243.5,ZeroMinusTick,043e2058-cc7f-da99-c8c8-20ec9991e92f,456001,243
2018-12-14 02:01:04.155,181219003038132,18121402,XBTUSD,Sell,25,3243.5,MinusTick,daa8b97c-089c-f4b3-e020-6f55dbb00ae0,456026,244
2018-12-14 02:01:05.223,181219003038132,18121402,XBTUSD,Sell,100,3243.5,ZeroMinusTick,04984406-05d3-7f55-5079-a084f502da95,456126,245
2018-12-14 02:01:07.270,181219003038132,18121402,XBTUSD,Sell,18,3243.5,ZeroMinusTick,91691fd8-cbcb-5670-6e4e-30ed59ce0e88,456144,246
2018-12-14 02:01:07.270,181219003038132,18121402,XBTUSD,Sell,73,3243,ZeroMinusTick,eb4efd24-332c-43ad-9dd7-58d5335bd462,456217,247
2018-12-14 02:01:08.040,181219003038132,18121402,XBTUSD,Sell,445,3243,ZeroMinusTick,748bea50-8457-2620-8d97-3bbd190255df,456662,248
2018-12-14 02:01:13.312,181219003038132,18121402,XBTUSD,Sell,50000,3243,ZeroMinusTick,58c22276-5cf0-1bbe-207a-b66b042ce3f8,506662,249
2018-12-14 02:01:13.312,181219003038132,18121402,XBTUSD,Sell,100,3243,ZeroMinusTick,33308a57-d237-f110-ddea-3bb464e2c125,506762,250
2018-12-14 02:01:13.312,181219003038132,18121402,XBTUSD,Sell,1000,3243,ZeroMinusTick,80dcd9a2-a026-90f7-900e-ece59cf77299,507762,251
2018-12-14 02:01:16.043,181219003038132,18121402,XBTUSD,Sell,950,3242.5,ZeroMinusTick,f04745b7-fe21-56fc-2227-a746f68fd778,508712,252
2018-12-14 02:01:16.043,181219003038132,18121402,XBTUSD,Sell,500,3242.5,ZeroMinusTick,647e5b54-b71a-51d4-e785-ced4860942a0,509212,253
2018-12-14 02:01:16.478,181219003038132,18121402,XBTUSD,Sell,278,3242.5,ZeroMinusTick,e9cf870f-1ce5-d1d0-da79-7b3e0def3e46,509490,254
2018-12-14 02:01:17.522,181219003038132,18121402,XBTUSD,Sell,1002,3242.5,ZeroMinusTick,f929bb9a-ba37-54fd-a751-bc7e7e3d034a,510492,255
2018-12-14 02:01:17.979,181219003038132,18121402,XBTUSD,Sell,256,3242.5,MinusTick,32918881-cb2f-53be-5199-1c09701cd9e7,510748,256
2018-12-14 02:01:19.897,181219003038132,18121402,XBTUSD,Sell,662,3242.5,ZeroMinusTick,3d8f7f59-3aaa-7e52-7735-2ae8f16dc207,511410,257
2018-12-14 02:01:19.897,181219003038132,18121402,XBTUSD,Sell,100,3242.5,ZeroMinusTick,1eea2306-f563-7590-dd7a-731384eea8fb,511510,258
2018-12-14 02:01:19.897,181219003038132,18121402,XBTUSD,Sell,25000,3242.5,ZeroMinusTick,68bb06e5-cd06-3066-8961-e16aaef2ee9f,536510,259
2018-12-14 02:01:20.217,181219003038132,18121402,XBTUSD,Sell,10000,3242.5,ZeroMinusTick,e60babd4-d8a5-07dc-c4e6-d6a6cce2e449,546510,260
2018-12-14 02:01:21.614,181219003038132,18121402,XBTUSD,Sell,4081,3242.5,ZeroMinusTick,147151b6-15f5-c3b2-9e73-d368b0986213,550591,261
2018-12-14 02:01:21.614,181219003038132,18121402,XBTUSD,Sell,1002,3242.5,ZeroMinusTick,1fcf201e-533a-f294-d324-4048f54345f6,551593,262
2018-12-14 02:01:22.406,181219003038132,18121402,XBTUSD,Sell,10000,3242.5,ZeroMinusTick,83d508a4-2eb7-cf53-040d-6f2c905bced8,561593,263
2018-12-14 02:00:40.036,181219003038132,18121402,XBTUSD,Buy,1500,3245.5,PlusTick,9b1dcb08-a4cb-e602-6183-4c953ecccefd,563093,264
2018-12-14 02:00:40.825,181219003038132,18121402,XBTUSD,Sell,2000,3245,ZeroMinusTick,8cd75521-dbe9-3cf6-a331-69d12b55f77e,565093,265
2018-12-14 02:00:43.934,181219003038132,18121402,XBTUSD,Sell,700,3245,ZeroMinusTick,7e3b868d-eb30-e986-c79b-66b59f25f012,565793,266
2018-12-14 02:00:44.480,181219003038132,18121402,XBTUSD,Sell,29,3245,ZeroMinusTick,083419ef-6a73-052d-6a1b-edcdd3ac9adf,565822,267
2018-12-14 02:00:44.704,181219003038132,18121402,XBTUSD,Sell,1962,3244.5,ZeroMinusTick,f0b5cb8d-298a-f19a-c894-d56c7254c4ca,567784,268
2018-12-14 02:00:53.450,181219003038132,18121402,XBTUSD,Sell,73,3244.5,ZeroMinusTick,80cb5922-da98-88ae-0498-28293bc3dcc3,567857,269
2018-12-14 02:00:53.450,181219003038132,18121402,XBTUSD,Sell,108,3244.5,ZeroMinusTick,69c55703-5f8a-b5ab-e86d-1f3f81ee93b4,567965,270
2018-12-14 02:00:53.450,181219003038132,18121402,XBTUSD,Sell,36,3244.5,ZeroMinusTick,b1dcc711-976b-ed90-cd25-3ccb9dfb5c6d,568001,271
2018-12-14 02:00:53.450,181219003038132,18121402,XBTUSD,Sell,28,3244.5,ZeroMinusTick,c1bd79f6-b713-8432-4e67-2d83caa1f439,568029,272
2018-12-14 02:00:53.543,181219003038132,18121402,XBTUSD,Sell,2000,3244.5,ZeroMinusTick,52855aaa-301c-9907-9e13-da8d1e5db3d2,570029,273
2018-12-14 02:00:53.871,181219003038132,18121402,XBTUSD,Sell,4752,3244.5,ZeroMinusTick,41976029-483f-8747-0ba0-b65dd116fff7,574781,274
2018-12-14 02:00:56.003,181219003038132,18121402,XBTUSD,Sell,10,3244,ZeroMinusTick,8ba73d53-286c-05de-84ea-010ff47ea734,574791,275
2018-12-14 02:00:56.423,181219003038132,18121402,XBTUSD,Sell,50,3244,ZeroMinusTick,f28bde5d-3f03-fdbc-2064-b808e40a147e,574841,276
2018-12-14 02:00:56.840,181219003038132,18121402,XBTUSD,Sell,242,3244,ZeroMinusTick,3353ab49-9011-9bf1-daf3-2172f2d4d3e7,575083,277
2018-12-14 02:00:57.511,181219003038132,18121402,XBTUSD,Sell,500,3243.5,ZeroMinusTick,8def563d-f282-88bf-6b59-61316757d43c,575583,278
2018-12-14 02:01:00.962,181219003038132,18121402,XBTUSD,Sell,500,3243.5,ZeroMinusTick,57133bab-dd0c-65d8-6078-04f288e1b5fd,576083,279
2018-12-14 02:01:01.862,181219003038132,18121402,XBTUSD,Sell,1000,3243.5,ZeroMinusTick,11e34cb5-43b9-173d-4d75-b464f2e84ab0,577083,280
2018-12-14 02:01:02.095,181219003038132,18121402,XBTUSD,Sell,1,3243.5,ZeroMinusTick,dc261b4f-f35f-edd7-9c78-d40c1a73c2fc,577084,281
2018-12-14 02:01:02.095,181219003038132,18121402,XBTUSD,Sell,100,3243.5,ZeroMinusTick,062efa6b-5832-c369-24d8-e44d13712d6e,577184,282
2018-12-14 02:01:07.270,181219003038132,18121402,XBTUSD,Sell,100,3243.5,ZeroMinusTick,8fc88113-eafa-afc7-359c-c7617a93437b,577284,283
2018-12-14 02:01:07.270,181219003038132,18121402,XBTUSD,Sell,76,3243,ZeroMinusTick,384a3f65-8295-922c-0259-ffa0b085bb91,577360,284
2018-12-14 02:01:07.993,181219003038132,18121402,XBTUSD,Sell,4005,3243,ZeroMinusTick,719256fc-b0d0-d5e5-387f-b4a2d14a7a7d,581365,285
2018-12-14 02:01:08.040,181219003038132,18121402,XBTUSD,Sell,500,3243,ZeroMinusTick,70a79bd4-93f3-8ee1-ec7d-2cdba6244824,581865,286
2018-12-14 02:01:13.312,181219003038132,18121402,XBTUSD,Sell,150,3243,ZeroMinusTick,11d6c624-94b1-6df7-0b31-73e03686bd4a,582015,287
2018-12-14 02:01:13.312,181219003038132,18121402,XBTUSD,Sell,100,3243,ZeroMinusTick,878a717c-3138-0bf5-5c1b-b5f72fc477f3,582115,288
2018-12-14 02:01:13.312,181219003038132,18121402,XBTUSD,Sell,1000,3243,ZeroMinusTick,20a1c1f6-121c-bdeb-e1dd-b68b05e4a132,583115,289
2018-12-14 02:01:15.532,181219003038132,18121402,XBTUSD,Sell,500,3242.5,MinusTick,0c41d8bc-53df-fa0a-cd8d-118b669b2aa0,583615,290
2018-12-14 02:01:16.478,181219003038132,18121402,XBTUSD,Sell,300,3242.5,ZeroMinusTick,8763add2-d845-94e0-d6fe-8bd30e3ab272,583915,291
2018-12-14 02:01:17.097,181219003038132,18121402,XBTUSD,Sell,2890,3242.5,ZeroMinusTick,ba90f0e2-3820-3d1d-4089-09ced96c2fa2,586805,292
2018-12-14 02:01:17.522,181219003038132,18121402,XBTUSD,Sell,20,3242.5,ZeroMinusTick,ca093103-885a-f4e3-307d-e0c0dd57769c,586825,293
2018-12-14 02:01:17.522,181219003038132,18121402,XBTUSD,Sell,278,3242.5,ZeroMinusTick,e7420ac7-a740-2da1-90f0-bcdbc19e073b,587103,294
2018-12-14 02:01:17.701,181219003038132,18121402,XBTUSD,Sell,468,3242.5,ZeroMinusTick,f9ea3430-9b9f-e95a-f982-c274a62fda36,587571,295
2018-12-14 02:01:19.068,181219003038132,18121402,XBTUSD,Sell,340,3242.5,ZeroMinusTick,d139af5c-697c-f8de-b1a6-00287b9fc7e5,587911,296
2018-12-14 02:01:19.897,181219003038132,18121402,XBTUSD,Sell,100,3242.5,ZeroMinusTick,5f267682-df23-c53d-3a3a-656ffa1745a3,588011,297
2018-12-14 02:01:19.897,181219003038132,18121402,XBTUSD,Sell,2,3242.5,ZeroMinusTick,515c77bc-3331-e2b3-4b6b-0252f3164b28,588013,298
2018-12-14 02:01:20.217,181219003038132,18121402,XBTUSD,Sell,1200,3242.5,ZeroMinusTick,d2df3366-d484-c921-b9b7-18254b24e7c9,589213,299
2018-12-14 02:01:21.614,181219003038132,18121402,XBTUSD,Sell,2,3242.5,ZeroMinusTick,6f97759d-63e0-7ceb-875a-aeaed171340a,589215,300
2018-12-14 02:01:23.800,181219003038132,18121402,XBTUSD,Sell,4147,3242.5,ZeroMinusTick,62557ac3-f6a3-24d4-5398-08b1f878f393,593362,301
2018-12-14 02:01:23.800,181219003038132,18121402,XBTUSD,Sell,100,3242.5,ZeroMinusTick,ff48e18a-77c4-38a8-3c03-4fcdb6a04b04,593462,302
2018-12-14 02:01:35.128,181219003038132,18121402,XBTUSD,Sell,5000,3242.5,ZeroMinusTick,bd38cba8-4ea7-19e5-f5ab-786683e87408,598462,303
2018-12-14 02:01:35.171,181219003038132,18121402,XBTUSD,Sell,4,3242.5,ZeroMinusTick,17914bb6-7ed3-141c-39b3-092be6d188c6,598466,304
2018-12-14 02:01:35.171,181219003038132,18121402,XBTUSD,Sell,10,3242,ZeroMinusTick,904b5a99-6c0a-fde9-81de-469f2cd1b437,598476,305
2018-12-14 02:01:37.851,181219003038132,18121402,XBTUSD,Sell,654,3242,ZeroMinusTick,134c8205-e70b-f7d7-15f7-6a87d4f74da4,599130,306
2018-12-14 02:00:40.103,181219003038132,18121402,XBTUSD,Sell,84,3245,ZeroMinusTick,4fef5847-0f7d-4e47-6a70-3d47793f3eb0,599214,307
2018-12-14 02:00:40.825,181219003038132,18121402,XBTUSD,Sell,4916,3245,ZeroMinusTick,930f6da3-013b-decf-97ba-3e7e64a9b01c,604130,308
2018-12-14 02:00:40.825,181219003038132,18121402,XBTUSD,Sell,25000,3245,ZeroMinusTick,126d7079-0419-8f16-3507-28f56fc5211a,629130,309
2018-12-14 02:00:43.279,181219003038132,18121402,XBTUSD,Sell,200,3245,ZeroMinusTick,3c5f0d72-c347-4c86-18d9-8215357b143e,629330,310
2018-12-14 02:00:43.607,181219003038132,18121402,XBTUSD,Sell,1807,3245,ZeroMinusTick,dd3bcba0-d747-7c26-a14d-90e30b5cc56b,631137,311
2018-12-14 02:00:44.480,181219003038132,18121402,XBTUSD,Sell,5000,3245,ZeroMinusTick,de2e8b49-0e89-7ee0-3fb5-2a1d5403dd14,636137,312
2018-12-14 02:00:44.704,181219003038132,18121402,XBTUSD,Sell,5,3244.5,ZeroMinusTick,6d7d6998-fb12-eac2-e3b2-f3e726fe9e40,636142,313
2018-12-14 02:00:47.847,181219003038132,18121402,XBTUSD,Sell,240,3244.5,ZeroMinusTick,d19eafa8-c3d1-06aa-8e0a-9d7bfd594e63,636382,314
2018-12-14 02:00:53.450,181219003038132,18121402,XBTUSD,Sell,17,3244.5,ZeroMinusTick,275df4c1-0beb-ee17-058f-071e1e505f4e,636399,315
2018-12-14 02:00:53.450,181219003038132,18121402,XBTUSD,Sell,69,3244.5,ZeroMinusTick,e301bac1-99be-7c16-5466-246699267331,636468,316
2018-12-14 02:00:53.450,181219003038132,18121402,XBTUSD,Sell,24,3244.5,ZeroMinusTick,98222e9f-c861-9d3d-0048-30efdb9a713d,636492,317
2018-12-14 02:00:53.450,181219003038132,18121402,XBTUSD,Sell,9,3244.5,ZeroMinusTick,cb30a0e4-d4ca-d149-a667-b15795ff3db1,636501,318
2018-12-14 02:00:55.600,181219003038132,18121402,XBTUSD,Sell,60,3244.5,ZeroMinusTick,c2e64d87-ec32-5028-21b1-23d54c6e1832,636561,319
2018-12-14 02:00:55.996,181219003038132,18121402,XBTUSD,Sell,2,3244.5,ZeroMinusTick,3125b066-1909-0c91-07b8-d977af6ed389,636563,320
2018-12-14 02:00:56.003,181219003038132,18121402,XBTUSD,Sell,18,3244,ZeroMinusTick,0dd366bd-9a8b-cc97-17f6-836d87575cf0,636581,321
2018-12-14 02:00:56.423,181219003038133,18121402,XBTUSD,Sell,4982,3244,ZeroMinusTick,4c31d195-9a5c-1a92-aa19-2de18f9adffd,641563,322
2018-12-14 02:00:56.423,181219003038133,18121402,XBTUSD,Sell,5699,3244,ZeroMinusTick,c4c729f2-9a37-e08d-feb2-7ab9a5721203,647262,323
2018-12-14 02:00:56.840,181219003038133,18121402,XBTUSD,Sell,1721,3244,ZeroMinusTick,6427119e-45cc-517a-61be-63146a3c9b51,648983,324
2018-12-14 02:00:59.786,181219003038133,18121402,XBTUSD,Sell,500,3243.5,ZeroMinusTick,b043f414-277b-ff34-c738-6938034af650,649483,325
2018-12-14 02:01:02.095,181219003038133,18121402,XBTUSD,Sell,100,3243.5,ZeroMinusTick,478d87d4-02ca-a941-6dd3-34768b175ee0,649583,326
2018-12-14 02:01:03.447,181219003038133,18121402,XBTUSD,Sell,2089,3243.5,MinusTick,2d022bbc-d519-1779-2951-9404e8990365,651672,327
2018-12-14 02:01:05.268,181219003038133,18121402,XBTUSD,Sell,200,3243.5,ZeroMinusTick,cbad39e9-00f4-f6e8-bb6f-7570744f6773,651872,328
2018-12-14 02:01:05.986,181219003038133,18121402,XBTUSD,Sell,1000,3243.5,ZeroMinusTick,bb9d5f0b-23a8-f02d-4248-daddcece53b8,652872,329
2018-12-14 02:01:07.270,181219003038133,18121402,XBTUSD,Sell,6,3243.5,ZeroMinusTick,d322aef8-269d-3a6b-7089-122729bedf62,652878,330
2018-12-14 02:01:07.270,181219003038133,18121402,XBTUSD,Sell,200,3243,ZeroMinusTick,fd71c903-63ee-fda3-3eb0-e794d948405f,653078,331
2018-12-14 02:01:08.003,181219003038133,18121402,XBTUSD,Sell,50,3243,ZeroMinusTick,cc9133fe-035a-7b09-fb1a-d8a22929f14f,653128,332
2018-12-14 02:01:11.259,181219003038133,18121402,XBTUSD,Sell,4000,3243,ZeroMinusTick,72edb7f9-07a3-dbd7-671d-b045f786f40e,657128,333
2018-12-14 02:01:11.609,181219003038133,18121402,XBTUSD,Sell,1000,3243,ZeroMinusTick,70d9462c-05d1-709f-48eb-e97de86f810e,658128,334
2018-12-14 02:01:11.680,181219003038133,18121402,XBTUSD,Sell,50,3243,ZeroMinusTick,0779d355-2ec3-065b-9db3-e0e5ab44387c,658178,335
2018-12-14 02:01:12.167,181219003038133,18121402,XBTUSD,Buy,5000,3243.5,PlusTick,76269d86-b767-d1bf-c07d-a8887ce81cf9,663178,336
2018-12-14 02:01:12.902,181219003038133,18121402,XBTUSD,Sell,7,3243,MinusTick,c4dd9831-f4eb-770a-28b1-c9564e8d58ae,663185,337
2018-12-14 02:01:13.018,181219003038133,18121402,XBTUSD,Sell,10,3243,ZeroMinusTick,e0ca018d-f7c4-56a3-e84e-d0ad994e73a6,663195,338
2018-12-14 02:01:13.312,181219003038133,18121402,XBTUSD,Sell,2,3243,ZeroMinusTick,a9e6f79f-3f61-2e90-0add-1a5dd5e9ff20,663197,339
2018-12-14 02:01:13.312,181219003038133,18121402,XBTUSD,Sell,100,3243,ZeroMinusTick,e6632197-8f54-3892-20a2-38ce39817367,663297,340
2018-12-14 02:01:13.312,181219003038133,18121402,XBTUSD,Sell,20,3243,ZeroMinusTick,6df40937-a141-adca-72cb-0090a6d15482,663317,341
2018-12-14 02:01:17.522,181219003038133,18121402,XBTUSD,Sell,500,3242.5,ZeroMinusTick,7eb336b4-7fb2-284f-fcb2-105dc6073758,663817,342
2018-12-14 02:01:19.897,181219003038133,18121402,XBTUSD,Sell,100,3242.5,ZeroMinusTick,a17cd4e1-4917-d741-0b5f-9370d5bb6f01,663917,343
2018-12-14 02:01:19.897,181219003038133,18121402,XBTUSD,Sell,4620,3242.5,ZeroMinusTick,ae90c784-aaf0-9cd4-dcd8-e23ed92ea162,668537,344
2018-12-14 02:01:20.217,181219003038133,18121402,XBTUSD,Sell,10,3242.5,ZeroMinusTick,a0a3997f-40e5-128b-f050-5c72f7292ff6,668547,345
2018-12-14 02:01:20.951,181219003038133,18121402,XBTUSD,Sell,4475,3242.5,ZeroMinusTick,b4208438-8ba1-2ac0-6b86-1b91ce6f7920,673022,346
2018-12-14 02:01:21.013,181219003038133,18121402,XBTUSD,Sell,99,3242.5,ZeroMinusTick,925239cc-b8e5-0a4d-2d30-4eac289b73b7,673121,347
2018-12-14 02:01:21.614,181219003038133,18121402,XBTUSD,Sell,2,3242.5,ZeroMinusTick,8a614bb4-3c70-cf65-8a95-9b97f3950198,673123,348
2018-12-14 02:01:23.800,181219003038133,18121402,XBTUSD,Sell,1002,3242.5,ZeroMinusTick,69b7bb92-3e26-88d2-c019-8d2c8196980c,674125,349
2018-12-14 02:01:23.800,181219003038133,18121402,XBTUSD,Sell,100,3242.5,ZeroMinusTick,034b3427-ff7e-fcda-4a7e-79a701d6283c,674225,350
2018-12-14 02:01:24.816,181219003038133,18121402,XBTUSD,Sell,5000,3242.5,ZeroMinusTick,2ad3549f-3c8f-04ff-bf64-843207ddff87,679225,351
2018-12-14 02:00:48.248,181219003038133,18121402,XBTUSD,Sell,1300,3244.5,MinusTick,f95e6cc4-4204-9cca-b67a-c9480b1ebc5c,680525,352
2018-12-14 02:00:52.992,181219003038133,18121402,XBTUSD,Buy,25,3245,PlusTick,675a4998-c477-42dc-141e-f9cc25ff609e,680550,353
2018-12-14 02:00:53.450,181219003038133,18121402,XBTUSD,Sell,9,3244.5,ZeroMinusTick,a864e7a5-817a-f427-f5a9-aa00353c44fc,680559,354
2018-12-14 02:00:53.450,181219003038133,18121402,XBTUSD,Sell,9,3244.5,ZeroMinusTick,3934e650-e80c-9911-d886-64750b37f16f,680568,355
2018-12-14 02:00:53.450,181219003038133,18121402,XBTUSD,Sell,21,3244.5,ZeroMinusTick,365a464a-681f-5ff9-4759-dce1d058e7ef,680589,356
2018-12-14 02:00:53.450,181219003038133,18121402,XBTUSD,Sell,8336,3244.5,ZeroMinusTick,07b97c33-6202-d741-72bd-3a0e4760ee9a,688925,357
2018-12-14 02:00:55.600,181219003038133,18121402,XBTUSD,Sell,50,3244.5,ZeroMinusTick,67cbfef9-2ef9-bd6e-3daa-8a488025129f,688975,358
2018-12-14 02:00:55.996,181219003038133,18121402,XBTUSD,Sell,35,3244.5,ZeroMinusTick,3ba3267b-d642-5530-b593-55e8ebb82036,689010,359
2018-12-14 02:00:56.423,181219003038133,18121402,XBTUSD,Sell,60,3244,ZeroMinusTick,6da0fe68-8d30-71f5-20e6-927655b7564c,689070,360
2018-12-14 02:00:56.840,181219003038133,18121402,XBTUSD,Sell,1000,3244,ZeroMinusTick,7327e887-09fc-77a3-a543-7948c986d725,690070,361
2018-12-14 02:00:57.511,181219003038133,18121402,XBTUSD,Sell,1000,3243.5,ZeroMinusTick,284f2708-9ccd-5084-7dfe-694988edb476,691070,362
2018-12-14 02:00:58.625,181219003038133,18121402,XBTUSD,Sell,5000,3243.5,ZeroMinusTick,8c205a14-adaa-1f62-00ad-32bae03edbb5,696070,363
2018-12-14 02:01:02.095,181219003038133,18121402,XBTUSD,Sell,100,3243.5,ZeroMinusTick,fc9e0946-94cb-75fb-ea41-7e1a0acd874b,696170,364
2018-12-14 02:01:04.003,181219003038133,18121402,XBTUSD,Buy,606,3244,PlusTick,9037d25e-faee-ec3f-6219-492d43fc00c7,696776,365
2018-12-14 02:01:07.270,181219003038133,18121402,XBTUSD,Sell,90,3243.5,ZeroMinusTick,89b1c9ce-2931-2a13-93c3-e0f0705dafd6,696866,366
2018-12-14 02:01:07.270,181219003038133,18121402,XBTUSD,Sell,1000,3243.5,ZeroMinusTick,edd2a5b9-27fa-8b1b-1e10-bce41582a5a0,697866,367
2018-12-14 02:01:13.312,181219003038133,18121402,XBTUSD,Sell,50,3243,ZeroMinusTick,458d1c2d-c943-1953-9d4b-b33eaea14b96,697916,368
2018-12-14 02:01:13.312,181219003038133,18121402,XBTUSD,Sell,100,3243,ZeroMinusTick,57247f92-ae48-72c0-5b54-65616652fc2e,698016,369
2018-12-14 02:01:13.312,181219003038133,18121402,XBTUSD,Sell,28,3243,ZeroMinusTick,c01faf05-95a5-4c0e-4885-61a0fa83d95f,698044,370
2018-12-14 02:01:16.478,181219003038133,18121402,XBTUSD,Sell,7050,3242.5,ZeroMinusTick,b833acd7-5697-2040-14dd-c9c6d0b79dbc,705094,371
2018-12-14 02:01:17.522,181219003038133,18121402,XBTUSD,Sell,24,3242.5,ZeroMinusTick,742246c2-8281-b025-160e-c7e2728ee108,705118,372
2018-12-14 02:01:19.897,181219003038133,18121402,XBTUSD,Sell,100,3242.5,ZeroMinusTick,aa0a0846-b704-173a-1e86-f0eaab1e347d,705218,373
2018-12-14 02:01:19.897,181219003038133,18121402,XBTUSD,Sell,1000,3242.5,ZeroMinusTick,60358227-defa-f58b-0828-c64d67f72995,706218,374
2018-12-14 02:01:20.217,181219003038133,18121402,XBTUSD,Sell,12,3242.5,ZeroMinusTick,d7ab3003-dc83-a7ac-f28b-4bc2d70b2742,706230,375
2018-12-14 02:01:21.614,181219003038133,18121402,XBTUSD,Sell,24,3242.5,ZeroMinusTick,c1f6544e-3f0c-636b-7651-cae73dbc6dee,706254,376
2018-12-14 02:01:21.614,181219003038133,18121402,XBTUSD,Sell,4227,3242.5,ZeroMinusTick,ad440efb-bad6-a963-fc08-f07dbaf1a8df,710481,377
2018-12-14 02:01:23.800,181219003038133,18121402,XBTUSD,Sell,100,3242.5,ZeroMinusTick,56c788c2-19f0-3d9d-8f14-c13ba2c8dc6a,710581,378
2018-12-14 02:01:23.800,181219003038133,18121402,XBTUSD,Sell,1002,3242.5,ZeroMinusTick,c3fd9466-13cb-2055-a2ed-fd2366c6ca42,711583,379
2018-12-14 02:01:26.026,181219003038133,18121402,XBTUSD,Sell,1,3242.5,ZeroMinusTick,0ac1ad8f-fc51-ac4b-c5bb-981a14a20893,711584,380
2018-12-14 02:01:35.128,181219003038133,18121402,XBTUSD,Sell,8204,3242.5,ZeroMinusTick,75ea4570-6245-9e62-05bb-23929ee2fcd7,719788,381
2018-12-14 02:01:35.171,181219003038133,18121402,XBTUSD,Sell,1039,3242.5,ZeroMinusTick,37b9ba1e-7e22-4e6d-3f6e-53c629b7b345,720827,382
2018-12-14 02:01:35.171,181219003038133,18121402,XBTUSD,Sell,100,3242,ZeroMinusTick,1d3629d7-4eff-ac58-3c2b-eb97df3068b1,720927,383
2018-12-14 02:01:45.541,181219003038133,18121402,XBTUSD,Sell,50,3242,ZeroMinusTick,099c2564-bc7d-4336-9bdd-f929f8c4bd65,720977,384
2018-12-14 02:01:45.541,181219003038133,18121402,XBTUSD,Sell,22,3242,ZeroMinusTick,606278c9-6f26-90b1-b577-b6451ef1d05b,720999,385
2018-12-14 02:01:45.541,181219003038133,18121402,XBTUSD,Sell,1600,3241.5,ZeroMinusTick,5b04135a-8d4a-5aff-42db-b98e19a5ec29,722599,386
2018-12-14 02:01:45.541,181219003038133,18121402,XBTUSD,Sell,200,3241.5,ZeroMinusTick,23021595-f348-2e57-863e-f7f5e9417c03,722799,387
2018-12-14 02:01:46.163,181219003038133,18121402,XBTUSD,Sell,27,3241.5,ZeroMinusTick,54ef814d-4ee1-9dd4-1bfe-1db05108d403,722826,388
2018-12-14 02:01:49.480,181219003038133,18121402,XBTUSD,Sell,1000,3241.5,ZeroMinusTick,818e9f88-9c0c-b7a4-e4bf-20ccb6520a16,723826,389
2018-12-14 02:01:55.677,181219003038133,18121402,XBTUSD,Sell,420,3241.5,MinusTick,711ca2ba-1eff-f413-2ff5-5cd8c1befd88,724246,390
2018-12-14 02:01:58.526,181219003038133,18121402,XBTUSD,Sell,920,3241.5,ZeroMinusTick,056aa203-4d97-caf5-2e73-e671eebbfca1,725166,391
2018-12-14 02:01:58.738,181219003038133,18121402,XBTUSD,Sell,150,3241.5,ZeroMinusTick,6a175c0a-4d57-ad54-7e5c-cd105a73d963,725316,392
2018-12-14 02:01:59.086,181219003038133,18121402,XBTUSD,Sell,300,3241.5,ZeroMinusTick,96d74b57-6c9f-587b-f694-5648a9fcda50,725616,393
2018-12-14 02:02:08.360,181219003038133,18121402,XBTUSD,Sell,20,3241.5,ZeroMinusTick,4c3b700c-0055-fb48-49a0-f72528247aab,725636,394
2018-12-14 02:02:09.073,181219003038133,18121402,XBTUSD,Sell,344,3241.5,ZeroMinusTick,54093217-5cfc-eaf3-4f07-0fb80028be77,725980,395
2018-12-14 02:00:50.139,181219003038133,18121402,XBTUSD,Sell,1800,3244.5,ZeroMinusTick,ef4b37d9-492e-346b-ab81-dcb22654b558,727780,396
2018-12-14 02:00:53.450,181219003038133,18121402,XBTUSD,Sell,24,3244.5,ZeroMinusTick,3e7d43b8-e927-c8d1-3651-f9f2d62f772e,727804,397
2018-12-14 02:00:53.450,181219003038133,18121402,XBTUSD,Sell,14,3244.5,ZeroMinusTick,795a11bc-ee6a-1ef2-3997-64982ef59849,727818,398
2018-12-14 02:00:53.450,181219003038133,18121402,XBTUSD,Sell,26,3244.5,ZeroMinusTick,85b927d5-f46f-53e4-34e7-48ceff96549c,727844,399
2018-12-14 02:00:53.543,181219003038133,18121402,XBTUSD,Sell,13,3244.5,ZeroMinusTick,1f1c6e55-ad7b-955b-c9fb-4e90c7c6a743,727857,400
2018-12-14 02:00:55.117,181219003038134,18121402,XBTUSD,Buy,2,3245,PlusTick,3658125d-c15f-74a7-8aca-14236c21aa01,727859,401
2018-12-14 02:00:55.600,181219003038134,18121402,XBTUSD,Sell,8848,3244.5,MinusTick,d6df1260-689d-e2a0-fadd-e3525be5dc09,736707,402
2018-12-14 02:00:55.996,181219003038134,18121402,XBTUSD,Sell,37,3244.5,ZeroMinusTick,01342fb6-1ab9-cf47-6802-ac4a57630e89,736744,403
2018-12-14 02:00:56.423,181219003038134,18121402,XBTUSD,Sell,50,3244,ZeroMinusTick,9534b878-e351-fa45-61b7-a397cdea5409,736794,404
2018-12-14 02:00:56.840,181219003038134,18121402,XBTUSD,Sell,4000,3244,ZeroMinusTick,6a1113b4-b87d-d3b9-489e-1f4d07498a7a,740794,405
2018-12-14 02:00:57.511,181219003038134,18121402,XBTUSD,Sell,500,3243.5,ZeroMinusTick,65b03d19-cdfe-fbec-82de-2f719b5af561,741294,406
2018-12-14 02:01:00.917,181219003038134,18121402,XBTUSD,Sell,500,3243.5,ZeroMinusTick,77a4d0fc-1117-a0e0-7c08-3cb016955287,741794,407
2018-12-14 02:01:01.335,181219003038134,18121402,XBTUSD,Sell,40000,3243.5,ZeroMinusTick,c4de01f0-9d39-0929-3f2c-146c831d5aab,781794,408
2018-12-14 02:01:02.095,181219003038134,18121402,XBTUSD,Sell,55893,3243.5,ZeroMinusTick,8cc33a9b-b9a8-df67-8585-0762e745775f,837687,409
2018-12-14 02:01:02.095,181219003038134,18121402,XBTUSD,Sell,100,3243.5,ZeroMinusTick,f2cdc841-6dae-06c8-a088-918fe8a14ee3,837787,410
2018-12-14 02:01:04.003,181219003038134,18121402,XBTUSD,Buy,894,3244,ZeroPlusTick,e82d8bb8-c90d-4451-6c51-fefc89fd05d2,838681,411
2018-12-14 02:01:04.483,181219003038134,18121402,XBTUSD,Sell,200,3243.5,ZeroMinusTick,a52cf1f8-f738-2932-7363-3f2f959523ed,838881,412
2018-12-14 02:01:04.845,181219003038134,18121402,XBTUSD,Sell,12500,3243.5,ZeroMinusTick,524ab165-50eb-527b-697d-ffed71272753,851381,413
2018-12-14 02:01:04.925,181219003038134,18121402,XBTUSD,Sell,20,3243.5,ZeroMinusTick,cfc23b1f-72a9-a30e-2155-79c2dacee2db,851401,414
2018-12-14 02:01:07.270,181219003038134,18121402,XBTUSD,Sell,60,3243.5,ZeroMinusTick,458c0b17-05c7-45bd-16b6-4c7e8921f0f7,851461,415
2018-12-14 02:01:07.270,181219003038134,18121402,XBTUSD,Sell,700,3243,ZeroMinusTick,74f27dbe-9c83-deb8-570b-821e56799b0b,852161,416
2018-12-14 02:01:13.312,181219003038134,18121402,XBTUSD,Sell,305,3243,ZeroMinusTick,cbfadd01-86ed-0ba0-c122-90d58de357f2,852466,417
2018-12-14 02:01:13.312,181219003038134,18121402,XBTUSD,Sell,100,3243,ZeroMinusTick,c157d471-7e70-4005-7ab3-766705915cd2,852566,418
2018-12-14 02:01:13.312,181219003038134,18121402,XBTUSD,Sell,1000,3243,ZeroMinusTick,bf0c7591-b279-8ccf-20b7-79326c1bb538,853566,419
2018-12-14 02:01:16.478,181219003038134,18121402,XBTUSD,Sell,500,3242.5,ZeroMinusTick,6013150e-1691-cfe8-3260-d8f479e3eb6f,854066,420
2018-12-14 02:01:17.097,181219003038134,18121402,XBTUSD,Sell,4000,3242.5,ZeroMinusTick,c12d6924-9012-4074-9139-cac269a86dc6,858066,421
2018-12-14 02:01:17.522,181219003038134,18121402,XBTUSD,Sell,50,3242.5,ZeroMinusTick,4a1bcdcc-76ef-cbc2-5e20-ca882513bc28,858116,422
2018-12-14 02:01:19.897,181219003038134,18121402,XBTUSD,Sell,100,3242.5,ZeroMinusTick,467cdb1e-4c02-741e-e2a1-fcce416389b6,858216,423
2018-12-14 02:01:19.897,181219003038134,18121402,XBTUSD,Sell,1000,3242.5,ZeroMinusTick,2e85b069-5376-54ad-84d0-1293bf6128d4,859216,424
2018-12-14 02:01:20.217,181219003038134,18121402,XBTUSD,Sell,20,3242.5,ZeroMinusTick,ab33083d-5d28-e7f4-4119-2c8566b532e9,859236,425
2018-12-14 02:01:21.529,181219003038134,18121402,XBTUSD,Sell,76,3242.5,ZeroMinusTick,c3609e22-3d9d-8d75-a3eb-5c9a1f600b52,859312,426
2018-12-14 02:01:21.614,181219003038134,18121402,XBTUSD,Sell,1002,3242.5,ZeroMinusTick,a79ac083-ca34-9874-9ae5-aa9c9fea7f23,860314,427
2018-12-14 02:01:23.765,181219003038134,18121402,XBTUSD,Sell,1650,3242.5,ZeroMinusTick,3fef88cc-2614-e3d8-96f1-7b186888ccb4,861964,428
2018-12-14 02:01:23.800,181219003038134,18121402,XBTUSD,Sell,100,3242.5,ZeroMinusTick,858f31c1-695f-5b4f-3bae-4e29a4aec2fd,862064,429
2018-12-14 02:01:23.800,181219003038134,18121402,XBTUSD,Sell,905,3242.5,ZeroMinusTick,48093b16-56bf-c69b-6c51-c0504d2e9f76,862969,430
2018-12-14 02:01:34.328,181219003038134,18121402,XBTUSD,Sell,150,3242.5,ZeroMinusTick,4d6db366-7642-dc06-e526-2bcad1d7811f,863119,431
2018-12-14 02:01:35.094,181219003038134,18121402,XBTUSD,Sell,1000,3242.5,ZeroMinusTick,059476ad-61d7-32dd-f7fc-5b3b57d21a05,864119,432
2018-12-14 02:01:35.128,181219003038134,18121402,XBTUSD,Sell,1000,3242.5,ZeroMinusTick,2435b6f6-e476-d814-d88d-c4972784268b,865119,433
2018-12-14 02:01:35.171,181219003038134,18121402,XBTUSD,Sell,5000,3242.5,ZeroMinusTick,dcb2fadd-a628-a4d1-0049-7bb92adbb5b9,870119,434
2018-12-14 02:01:35.171,181219003038134,18121402,XBTUSD,Sell,14,3242,ZeroMinusTick,cc5818d9-ecc1-82eb-233a-c83233f2e2d8,870133,435
2018-12-14 02:01:37.604,181219003038134,18121402,XBTUSD,Sell,38,3242,ZeroMinusTick,753a490b-f672-19b1-ee40-9eb9f37db465,870171,436
2018-12-14 02:00:50.003,181219003038134,18121402,XBTUSD,Sell,10,3244.5,MinusTick,7d65d9c0-5fee-0063-8f93-c90728784a79,870181,437
2018-12-14 02:00:51.807,181219003038134,18121402,XBTUSD,Sell,5100,3244.5,MinusTick,eb2184c7-251c-504e-e1f2-5c8f0a74e9b8,875281,438
2018-12-14 02:00:53.450,181219003038134,18121402,XBTUSD,Sell,7,3244.5,ZeroMinusTick,304e732c-9fc4-a759-2901-92ced1c8740c,875288,439
2018-12-14 02:00:53.450,181219003038134,18121402,XBTUSD,Sell,80,3244.5,ZeroMinusTick,7fece6e3-31e3-323f-44a6-118ca6cb9f26,875368,440
2018-12-14 02:00:53.450,181219003038134,18121402,XBTUSD,Sell,22,3244.5,ZeroMinusTick,7199610d-6b1e-7a4a-95ed-9633ea0489b2,875390,441
2018-12-14 02:00:53.450,181219003038134,18121402,XBTUSD,Sell,50,3244.5,ZeroMinusTick,7fe7134f-1f3e-7c3f-4523-77f6a0f49e2a,875440,442
2018-12-14 02:00:53.543,181219003038134,18121402,XBTUSD,Sell,252,3244.5,ZeroMinusTick,c3526f6b-8348-62f7-ab91-ccd35a5b382a,875692,443
2018-12-14 02:00:53.871,181219003038134,18121402,XBTUSD,Sell,248,3244.5,ZeroMinusTick,6b99be19-4241-16ee-c39a-8b15dcc0518c,875940,444
2018-12-14 02:00:56.003,181219003038134,18121402,XBTUSD,Sell,347,3244,ZeroMinusTick,a9a4f690-aecd-99f2-9907-86e24e6ecfd1,876287,445
2018-12-14 02:00:56.423,181219003038134,18121402,XBTUSD,Sell,10,3244,ZeroMinusTick,0b1a6c70-6d5c-3ff1-37b7-41a29264bfa4,876297,446
2018-12-14 02:00:56.840,181219003038134,18121402,XBTUSD,Sell,2,3244,ZeroMinusTick,99faec05-4c60-92b0-9424-398fb300fb31,876299,447
2018-12-14 02:00:57.511,181219003038134,18121402,XBTUSD,Sell,7901,3243.5,ZeroMinusTick,6c5cd76b-476a-bd59-92b9-5a5bd006894a,884200,448
2018-12-14 02:01:02.095,181219003038134,18121402,XBTUSD,Sell,100,3243.5,ZeroMinusTick,82973b29-17eb-c497-ccea-a6965168b27f,884300,449
2018-12-14 02:01:02.732,181219003038134,18121402,XBTUSD,Buy,1000,3244,PlusTick,ac1713fc-1597-cf54-10fb-19c77efe18e9,885300,450
2018-12-14 02:01:03.447,181219003038134,18121402,XBTUSD,Sell,24,3243.5,ZeroMinusTick,ca9ed020-6505-4bae-2d79-45bf8b2d9ea5,885324,451
2018-12-14 02:01:07.270,181219003038134,18121402,XBTUSD,Sell,22,3243.5,ZeroMinusTick,079da375-b124-6335-7108-f7d764936ca2,885346,452
2018-12-14 02:01:07.270,181219003038134,18121402,XBTUSD,Sell,100,3243,ZeroMinusTick,72ff8450-5724-5998-596b-ecb9cbebbc57,885446,453
2018-12-14 02:01:07.993,181219003038134,18121402,XBTUSD,Sell,900,3243,ZeroMinusTick,a63e124b-2315-0345-253e-94285e8fa20b,886346,454
2018-12-14 02:01:08.040,181219003038134,18121402,XBTUSD,Sell,555,3243,ZeroMinusTick,76fa2bdd-f092-1afb-cacf-6c1a7b53f223,886901,455
2018-12-14 02:01:13.312,181219003038134,18121402,XBTUSD,Sell,38,3243,ZeroMinusTick,d85b286e-33d0-0820-291b-6ce1ffeb5d47,886939,456
2018-12-14 02:01:13.312,181219003038134,18121402,XBTUSD,Sell,100,3243,ZeroMinusTick,4a38acd3-1ad8-38f8-95b3-5fc6ea17fc58,887039,457
2018-12-14 02:01:13.312,181219003038134,18121402,XBTUSD,Sell,5300,3243,ZeroMinusTick,4c4ce612-68cd-3c3c-74b5-457faaa44725,892339,458
2018-12-14 02:01:16.478,181219003038134,18121402,XBTUSD,Sell,1811,3242.5,ZeroMinusTick,3b4681a1-ea52-0b0d-6af8-9ee4e5b329ac,894150,459
2018-12-14 02:01:17.097,181219003038134,18121402,XBTUSD,Sell,1189,3242.5,ZeroMinusTick,1e6d6e1a-2393-f839-e8aa-a155e900bccf,895339,460
2018-12-14 02:01:17.522,181219003038134,18121402,XBTUSD,Sell,1002,3242.5,ZeroMinusTick,0be9f53f-1e02-bd0b-621d-994435fb6039,896341,461
2018-12-14 02:01:18.910,181219003038134,18121402,XBTUSD,Sell,100,3242.5,ZeroMinusTick,6715ac9c-09f8-690d-b0fe-72e81ffb527e,896441,462
2018-12-14 02:01:19.068,181219003038134,18121402,XBTUSD,Sell,660,3242.5,ZeroMinusTick,108b30b4-11df-ef2e-8181-ac1594fb06be,897101,463
2018-12-14 02:01:19.897,181219003038134,18121402,XBTUSD,Sell,1002,3242.5,ZeroMinusTick,ff4f89d1-e2d7-9105-9858-ac4ecb7ab007,898103,464
2018-12-14 02:01:19.897,181219003038134,18121402,XBTUSD,Sell,100,3242.5,ZeroMinusTick,fec2e0c2-e2a4-d57b-2e88-4b08a94f9edc,898203,465
2018-12-14 02:01:19.897,181219003038134,18121402,XBTUSD,Sell,32517,3242.5,ZeroMinusTick,2985e8b4-7715-5f0d-c363-0452d5842feb,930720,466
2018-12-14 02:01:20.217,181219003038134,18121402,XBTUSD,Sell,9000,3242.5,ZeroMinusTick,6bbdc9a9-f67e-503e-e624-97eebf8e15ef,939720,467
2018-12-14 02:01:21.614,181219003038134,18121402,XBTUSD,Sell,52,3242.5,ZeroMinusTick,2dd0ded1-527b-cff9-cd2e-495cefcfdc76,939772,468
2018-12-14 02:01:23.800,181219003038134,18121402,XBTUSD,Sell,100,3242.5,ZeroMinusTick,4504f1b5-ab6a-206c-9c18-c2bf0c769003,939872,469
2018-12-14 02:01:23.800,181219003038134,18121402,XBTUSD,Sell,1002,3242.5,ZeroMinusTick,24252719-bea9-ac66-9309-bcea8f5e0641,940874,470
2018-12-14 02:01:31.445,181219003038134,18121402,XBTUSD,Sell,1100,3242.5,ZeroMinusTick,cc43cca2-0034-56a4-9f52-1b23f859c7f2,941974,471
2018-12-14 02:01:31.772,181219003038134,18121402,XBTUSD,Sell,200,3242.5,ZeroMinusTick,f43cb660-6fd2-5c33-6d2d-4a07dc3953ba,942174,472
2018-12-14 02:01:31.892,181219003038134,18121402,XBTUSD,Sell,1000,3242.5,ZeroMinusTick,5b465b0a-db0a-9cae-c359-d363eb610a04,943174,473
2018-12-14 02:01:33.317,181219003038134,18121402,XBTUSD,Sell,40,3242.5,ZeroMinusTick,10990077-694b-3250-da70-a347d6f4183f,943214,474
2018-12-14 02:01:35.128,181219003038134,18121402,XBTUSD,Sell,8961,3242.5,ZeroMinusTick,12c44816-cb6e-3403-4a57-e69c8ea124bc,952175,475
2018-12-14 02:01:35.171,181219003038134,18121402,XBTUSD,Sell,500,3242,ZeroMinusTick,2bd5db02-1b65-bfe4-fc34-f3438592b40f,952675,476
2018-12-14 02:01:37.029,181219003038134,18121402,XBTUSD,Sell,504,3242,ZeroMinusTick,525875b8-aa43-3a8f-62b9-d7c635cdface,953179,477
2018-12-14 02:01:37.604,181219003038134,18121402,XBTUSD,Sell,50,3242,ZeroMinusTick,89e9188f-3695-04ad-04a5-5c873bd255a6,953229,478
2018-12-14 02:01:45.541,181219003038134,18121402,XBTUSD,Sell,1000,3242,ZeroMinusTick,5d9a3222-29e1-e65f-35bd-a0c867dcb87f,954229,479
2018-12-14 02:01:45.541,181219003038134,18121402,XBTUSD,Sell,500,3242,ZeroMinusTick,40aea3cf-3936-a50d-acb7-cedda47c30e1,954729,480
2018-12-14 02:00:56.840,181219003038134,18121402,XBTUSD,Sell,200,3244,ZeroMinusTick,fc33be00-f126-204a-971f-8b67e233d3d1,954929,481
2018-12-14 02:00:57.511,181219003038134,18121402,XBTUSD,Sell,30,3243.5,ZeroMinusTick,acc767be-3db0-dd74-e7f7-0daa97d24151,954959,482
2018-12-14 02:00:57.984,181219003038134,18121402,XBTUSD,Sell,356,3243.5,ZeroMinusTick,f7cab44f-f725-7a53-ef9e-000a1d0f1749,955315,483
2018-12-14 02:00:58.193,181219003038134,18121402,XBTUSD,Sell,20000,3243.5,ZeroMinusTick,00c82101-8e9e-1165-4e97-9c04ecc7ffdc,975315,484
2018-12-14 02:01:02.095,181219003038134,18121402,XBTUSD,Sell,100,3243.5,ZeroMinusTick,1abc9b01-89f9-1d57-79a4-cd0b59c03958,975415,485
2018-12-14 02:01:07.270,181219003038134,18121402,XBTUSD,Sell,6727,3243.5,ZeroMinusTick,0c4128c9-5ed0-0823-3de3-c14f4aeaec59,982142,486
2018-12-14 02:01:07.270,181219003038134,18121402,XBTUSD,Sell,21,3243.5,ZeroMinusTick,34037bc9-0d72-1ce2-f132-23efa3f0e744,982163,487
2018-12-14 02:01:07.931,181219003038135,18121402,XBTUSD,Sell,256,3243,ZeroMinusTick,3303c13d-1d20-8a28-f1f7-7063216acedf,982419,488
2018-12-14 02:01:07.993,181219003038135,18121402,XBTUSD,Sell,94,3243,ZeroMinusTick,631e1f0c-3891-d26d-d8b9-f831624bab3c,982513,489
2018-12-14 02:01:13.150,181219003038135,18121402,XBTUSD,Sell,100,3243,ZeroMinusTick,a243c8e0-a3a8-4612-8357-835d41590a15,982613,490
2018-12-14 02:01:13.312,181219003038135,18121402,XBTUSD,Sell,100,3243,ZeroMinusTick,242f21f8-a8bf-50aa-72e1-c86643d41b08,982713,491
2018-12-14 02:01:13.312,181219003038135,18121402,XBTUSD,Sell,4000,3243,ZeroMinusTick,0bbb4d3c-118c-1626-af9e-0a2128979642,986713,492
2018-12-14 02:01:13.312,181219003038135,18121402,XBTUSD,Sell,26,3243,ZeroMinusTick,bbbe79ba-afe0-b2c1-1245-32fb56bfc594,986739,493
2018-12-14 02:01:14.922,181219003038135,18121402,XBTUSD,Buy,1,3243,ZeroMinusTick,186ab279-52d5-0a41-c332-c091876970ec,986740,494
2018-12-14 02:01:16.478,181219003038135,18121402,XBTUSD,Sell,30,3242.5,ZeroMinusTick,b88d871c-fccb-c50d-accd-e585c685b1c2,986770,495
2018-12-14 02:01:17.522,181219003038135,18121402,XBTUSD,Sell,3000,3242.5,ZeroMinusTick,09c30e53-f26a-8122-31cd-c3e5afa27100,989770,496
2018-12-14 02:01:19.897,181219003038135,18121402,XBTUSD,Sell,100,3242.5,ZeroMinusTick,e58f37b8-e1af-50cb-d5a3-bacbdea0faa1,989870,497
2018-12-14 02:01:19.897,181219003038135,18121402,XBTUSD,Sell,195,3242.5,ZeroMinusTick,46dc7dfb-ee38-b87a-e01a-5563a3b517d3,990065,498
2018-12-14 02:01:20.217,181219003038135,18121402,XBTUSD,Sell,1800,3242.5,ZeroMinusTick,21e7a1ec-9a7e-b7c7-9beb-8a5f35254340,991865,499
2018-12-14 02:01:21.614,181219003038135,18121402,XBTUSD,Sell,250,3242.5,ZeroMinusTick,fd75b070-5653-08c7-48af-d961638d47a2,992115,500
2018-12-14 02:01:21.614,181219003038135,18121402,XBTUSD,Sell,1002,3242.5,ZeroMinusTick,72089419-3514-d5e5-e2d0-ca222c188066,993117,501
2018-12-14 02:01:23.800,181219003038135,18121402,XBTUSD,Sell,100,3242.5,ZeroMinusTick,ba3039b7-ed40-ba4c-7225-a57f75f1f555,993217,502
2018-12-14 02:01:23.800,181219003038135,18121402,XBTUSD,Sell,1000,3242.5,ZeroMinusTick,fb1daca0-6a3e-c206-5c85-3540e4e58d29,994217,503
2018-12-14 02:01:25.210,181219003038135,18121402,XBTUSD,Buy,1000,3243,PlusTick,b5477e5f-f9f3-e048-8167-be1952e10a98,995217,504
2018-12-14 02:01:33.892,181219003038135,18121402,XBTUSD,Sell,1000,3242.5,ZeroMinusTick,486e5ed0-884f-857f-ca28-1793f8105e8c,996217,505
2018-12-14 02:01:35.128,181219003038135,18121402,XBTUSD,Sell,500,3242.5,ZeroMinusTick,ddbed146-912b-4c13-bc77-1fd2b7de99a9,996717,506
2018-12-14 02:01:35.171,181219003038135,18121402,XBTUSD,Sell,200,3242,ZeroMinusTick,d7b3fe39-5c28-6cb6-25f6-02b3a514b9f2,996917,507
2018-12-14 02:01:37.029,181219003038135,18121402,XBTUSD,Sell,14,3242,ZeroMinusTick,685947f5-338c-2ec0-7eda-3a3de1e13329,996931,508
2018-12-14 02:01:37.604,181219003038135,18121402,XBTUSD,Sell,471,3242,ZeroMinusTick,4a2b08cc-66fd-22a3-c31f-0a7c898420dc,997402,509
2018-12-14 02:01:45.541,181219003038135,18121402,XBTUSD,Sell,19,3242,ZeroMinusTick,ccc13224-c077-d137-3a21-2489045f409f,997421,510
2018-12-14 02:01:45.541,181219003038135,18121402,XBTUSD,Sell,1000,3242,ZeroMinusTick,6620e543-f237-600e-86b0-ad0b3ddd1122,998421,511
2018-12-14 02:01:45.541,181219003038135,18121402,XBTUSD,Sell,10,3241.5,ZeroMinusTick,1337765d-d098-ab43-20b0-dc25f8f3686d,998431,512
2018-12-14 02:01:45.541,181219003038135,18121402,XBTUSD,Sell,10,3241.5,ZeroMinusTick,b1facc46-3ac6-14f8-fa12-232892804cb2,998441,513
2018-12-14 02:01:47.709,181219003038135,18121402,XBTUSD,Sell,2000,3241.5,ZeroMinusTick,74440117-6334-0e56-bd83-b83873e703f4,1000441,514
2018-12-14 02:01:49.300,181219003038135,18121402,XBTUSD,Sell,230,3241.5,ZeroMinusTick,a275dcc8-8332-27a5-3fbb-4d1e8fcbbf1a,1000671,515
2018-12-14 02:01:55.677,181219003038135,18121402,XBTUSD,Sell,2080,3241.5,ZeroMinusTick,a7a5d1f9-94a2-ff53-bf73-837057921d05,1002751,516
2018-12-14 02:02:13.620,181219003038135,18121402,XBTUSD,Sell,80,3241.5,ZeroMinusTick,a8e0391c-be5e-972c-14cd-db4945a8fa93,1002831,517
2018-12-14 02:02:17.909,181219003038135,18121402,XBTUSD,Sell,250,3241.5,ZeroMinusTick,c7661cc4-e6c6-f768-1a28-ef6bc1da3df0,1003081,518
2018-12-14 02:02:23.866,181219003038135,18121402,XBTUSD,Buy,1250,3242,ZeroPlusTick,70966daf-77d5-cf97-8168-dc16f128df75,1004331,519
2018-12-14 02:01:13.312,181219003038135,18121402,XBTUSD,Sell,19,3243,ZeroMinusTick,9bb327ce-efc0-b306-04d6-b6e33d2e6dc9,1004350,520
2018-12-14 02:01:13.312,181219003038135,18121402,XBTUSD,Sell,100,3243,ZeroMinusTick,dbe01842-444e-8212-024b-9bdc1f1203b6,1004450,521
2018-12-14 02:01:13.312,181219003038135,18121402,XBTUSD,Sell,1000,3243,ZeroMinusTick,0c4cb62e-4813-a3a8-63cb-34f53ba67431,1005450,522
2018-12-14 02:01:16.478,181219003038135,18121402,XBTUSD,Sell,1,3242.5,ZeroMinusTick,5e3e57a2-5241-62c6-c1e6-c5d940f4b591,1005451,523
2018-12-14 02:01:17.097,181219003038135,18121402,XBTUSD,Sell,30,3242.5,ZeroMinusTick,9f669620-f1b9-752d-7f1d-5f87c2249b0f,1005481,524
2018-12-14 02:01:17.522,181219003038135,18121402,XBTUSD,Sell,10,3242.5,ZeroMinusTick,720533f9-c2f7-2d3e-1e7a-085d6ca15bcb,1005491,525
2018-12-14 02:01:19.897,181219003038135,18121402,XBTUSD,Sell,100,3242.5,ZeroMinusTick,c6f6f362-225d-a3ac-67aa-acb6c483ee0d,1005591,526
2018-12-14 02:01:19.897,181219003038135,18121402,XBTUSD,Sell,1000,3242.5,ZeroMinusTick,f5fe5ed7-68c5-3bad-8666-b0b618e4e84f,1006591,527
2018-12-14 02:01:20.217,181219003038135,18121402,XBTUSD,Sell,6000,3242.5,ZeroMinusTick,800bc860-b9aa-21a3-f8f2-21af63ec8ec0,1012591,528
2018-12-14 02:01:21.614,181219003038135,18121402,XBTUSD,Sell,1002,3242.5,ZeroMinusTick,bf0a7757-21d6-d5e3-43f3-b373bf91f0a4,1013593,529
2018-12-14 02:01:23.328,181219003038135,18121402,XBTUSD,Sell,1450,3242.5,ZeroMinusTick,0441f45d-bd9d-9627-eb0a-86d1c3d64a66,1015043,530
2018-12-14 02:01:23.800,181219003038135,18121402,XBTUSD,Sell,100,3242.5,ZeroMinusTick,a8da1bf0-b252-a0ad-aebf-11be1691eae6,1015143,531
2018-12-14 02:01:23.800,181219003038135,18121402,XBTUSD,Sell,24,3242.5,ZeroMinusTick,fb12d7e3-69aa-0194-06fc-efc4ad948489,1015167,532
2018-12-14 02:01:35.128,181219003038135,18121402,XBTUSD,Sell,25,3242.5,ZeroMinusTick,a63544e7-2b41-6484-2c2e-790fa68750b3,1015192,533
2018-12-14 02:01:35.171,181219003038135,18121402,XBTUSD,Sell,30,3242,MinusTick,b211184e-cd5b-0ff1-ecc2-347bf68a4f50,1015222,534
2018-12-14 02:01:37.851,181219003038135,18121402,XBTUSD,Sell,52,3242,ZeroMinusTick,64dbbbf5-601d-5052-42aa-6e4db1488dd0,1015274,535
2018-12-14 02:01:45.541,181219003038135,18121402,XBTUSD,Sell,20,3242,ZeroMinusTick,13819da5-85b4-6ea2-03eb-8adc84743a70,1015294,536
2018-12-14 02:01:45.541,181219003038135,18121402,XBTUSD,Sell,5000,3242,ZeroMinusTick,974fe6a0-0236-d6be-7c82-890095bdd8b3,1020294,537
2018-12-14 02:01:45.541,181219003038135,18121402,XBTUSD,Sell,200,3241.5,ZeroMinusTick,1f47d054-54bb-f7cc-c895-2631f3b135fc,1020494,538
2018-12-14 02:01:45.541,181219003038135,18121402,XBTUSD,Sell,22000,3241.5,ZeroMinusTick,ce5bac1c-ff33-42c6-e712-3e8178204452,1042494,539
2018-12-14 02:01:45.541,181219003038135,18121402,XBTUSD,Sell,1253,3241.5,ZeroMinusTick,a1e410b2-90b1-7822-cb1b-aa0735622cd8,1043747,540
2018-12-14 02:01:45.828,181219003038135,18121402,XBTUSD,Sell,2500,3241.5,ZeroMinusTick,e82f1f92-fa7d-07d7-48c7-4c74191978ec,1046247,541
2018-12-14 02:01:46.163,181219003038135,18121402,XBTUSD,Sell,247,3241.5,ZeroMinusTick,8cb1e8aa-ffc4-c5a1-737a-358a0becfeda,1046494,542
2018-12-14 02:01:46.718,181219003038135,18121402,XBTUSD,Sell,2000,3241.5,ZeroMinusTick,1b90bde4-ed6b-f345-a4af-b3e1e4d8e069,1048494,543
2018-12-14 02:01:47.700,181219003038135,18121402,XBTUSD,Sell,150,3241.5,ZeroMinusTick,85ce2ca1-01f9-5837-084f-038ee426730e,1048644,544
2018-12-14 02:01:49.300,181219003038135,18121402,XBTUSD,Sell,247,3241.5,ZeroMinusTick,a34120bb-6a38-a617-27af-a57cae7504fd,1048891,545
2018-12-14 02:01:52.294,181219003038135,18121402,XBTUSD,Sell,400,3241.5,MinusTick,60c3a17e-a771-30f9-d963-1e7c07a9df54,1049291,546
2018-12-14 02:01:52.424,181219003038135,18121402,XBTUSD,Sell,5000,3241.5,ZeroMinusTick,a71c0870-95b2-867c-6e94-28b26ca7a6d8,1054291,547
2018-12-14 02:01:52.920,181219003038135,18121402,XBTUSD,Buy,800,3242,PlusTick,37c76e7f-f058-2b8c-b7a1-85f59dab9ed2,1055091,548
2018-12-14 02:02:02.125,181219003038135,18121402,XBTUSD,Buy,250,3242,ZeroPlusTick,5dc6c566-3f6c-3643-2b44-1f2b2b2da145,1055341,549
2018-12-14 02:02:02.667,181219003038135,18121402,XBTUSD,Sell,22350,3241.5,ZeroMinusTick,7bacf34a-c78a-9d6e-8ff7-acd8cd9cf1dc,1077691,550
2018-12-14 02:02:03.143,181219003038135,18121402,XBTUSD,Sell,2000,3241.5,ZeroMinusTick,78c068a4-e206-9c03-7d27-ba97f48653dd,1079691,551
2018-12-14 02:02:36.908,181219003038135,18121402,XBTUSD,Sell,7,3241.5,ZeroMinusTick,60cb7c05-f404-944e-1c7c-cc7d1c72ff84,1079698,552
2018-12-14 02:02:39.001,181219003038135,18121402,XBTUSD,Sell,500,3241.5,ZeroMinusTick,7e3e7983-ebfb-9402-990c-de98010b8294,1080198,553
2018-12-14 02:02:39.001,181219003038135,18121402,XBTUSD,Sell,10,3241.5,ZeroMinusTick,b13e834a-b034-076d-38a8-e7d1f8ef3f45,1080208,554
2018-12-14 02:02:39.001,181219003038135,18121402,XBTUSD,Sell,38,3241.5,ZeroMinusTick,b3481f27-84b9-8c05-3725-7e1c24decf92,1080246,555
2018-12-14 02:02:39.001,181219003038135,18121402,XBTUSD,Sell,30,3241,ZeroMinusTick,6cd9bc08-b68f-a3a9-97e8-c848a820b9b9,1080276,556
2018-12-14 02:02:39.001,181219003038135,18121402,XBTUSD,Sell,60,3241,ZeroMinusTick,f42dbbae-6d26-ebdb-afdc-f3c53ddbb95c,1080336,557
2018-12-14 02:02:39.001,181219003038135,18121402,XBTUSD,Sell,50,3241,ZeroMinusTick,92f1a448-67a9-5c61-895c-b6d7578f9110,1080386,558
2018-12-14 02:02:39.001,181219003038135,18121402,XBTUSD,Sell,39,3241,ZeroMinusTick,bc24902e-c50f-7d67-a7d5-89dc847291be,1080425,559
2018-12-14 02:02:39.001,181219003038135,18121402,XBTUSD,Sell,17,3240.5,ZeroMinusTick,2a732df4-92aa-088e-4159-054b29d92ce5,1080442,560
2018-12-14 02:02:39.001,181219003038135,18121402,XBTUSD,Sell,1,3240.5,ZeroMinusTick,ffeb8c41-c492-bbe8-11b6-acc99fb3d4fa,1080443,561
2018-12-14 02:02:39.001,181219003038135,18121402,XBTUSD,Sell,300,3240,ZeroMinusTick,8b886915-89e7-241e-50f6-d8a8971898d1,1080743,562
2018-12-14 02:01:09.702,181219003038135,18121402,XBTUSD,Sell,62,3243,ZeroMinusTick,ae1abc6d-f309-40db-4495-262bfb3f448e,1080805,563
2018-12-14 02:01:09.742,181219003038135,18121402,XBTUSD,Sell,200,3243,ZeroMinusTick,f6811244-ff26-ac56-620d-f27256052676,1081005,564
2018-12-14 02:01:13.312,181219003038135,18121402,XBTUSD,Sell,19,3243,ZeroMinusTick,25814e14-61ba-405c-c8e7-b4e1b051dd06,1081024,565
2018-12-14 02:01:13.312,181219003038135,18121402,XBTUSD,Sell,100,3243,ZeroMinusTick,73a643af-817c-adc4-075c-d25d62ce140a,1081124,566
2018-12-14 02:01:13.312,181219003038136,18121402,XBTUSD,Sell,500,3243,ZeroMinusTick,f622ea81-1a5e-01fe-ba8d-b107f83fe246,1081624,567
2018-12-14 02:01:17.522,181219003038136,18121402,XBTUSD,Sell,2110,3242.5,ZeroMinusTick,09bc122e-1b47-b789-15ce-0c8617389b08,1083734,568
2018-12-14 02:01:17.522,181219003038136,18121402,XBTUSD,Sell,1002,3242.5,ZeroMinusTick,cdc1b952-f3ae-a127-2a53-b3ff2da9c5a6,1084736,569
2018-12-14 02:01:17.979,181219003038136,18121402,XBTUSD,Sell,242,3242.5,ZeroMinusTick,313b1777-0efa-2215-a108-200efefc0cd7,1084978,570
2018-12-14 02:01:19.897,181219003038136,18121402,XBTUSD,Sell,100,3242.5,ZeroMinusTick,0df4aafd-40f6-95b2-07b7-349ed25f1188,1085078,571
2018-12-14 02:01:19.897,181219003038136,18121402,XBTUSD,Sell,1000,3242.5,ZeroMinusTick,a8f336ad-2553-3998-7c5c-16e196e5e407,1086078,572
2018-12-14 02:01:20.217,181219003038136,18121402,XBTUSD,Sell,10000,3242.5,ZeroMinusTick,465f6041-18f4-a0f4-aaf1-807a2a447ec8,1096078,573
2018-12-14 02:01:21.614,181219003038136,18121402,XBTUSD,Sell,1350,3242.5,ZeroMinusTick,985966ef-e1be-32d7-eb44-8deaddff39fd,1097428,574
2018-12-14 02:01:21.614,181219003038136,18121402,XBTUSD,Sell,1002,3242.5,ZeroMinusTick,8008b4e7-08d0-dea5-d534-c26ab3f92347,1098430,575
2018-12-14 02:01:23.124,181219003038136,18121402,XBTUSD,Sell,1000,3242.5,ZeroMinusTick,9e4db31b-4d7d-3d78-614b-a5b0ba368087,1099430,576
2018-12-14 02:01:23.800,181219003038136,18121402,XBTUSD,Sell,100,3242.5,ZeroMinusTick,d87c7e59-d155-2bc5-9a19-1e41b2338704,1099530,577
2018-12-14 02:01:23.800,181219003038136,18121402,XBTUSD,Sell,4211,3242.5,ZeroMinusTick,e0530d7f-24b5-c583-498a-7823905e8d56,1103741,578
2018-12-14 02:01:30.443,181219003038136,18121402,XBTUSD,Sell,2000,3242.5,ZeroMinusTick,a77905fb-78e3-b333-e906-05724a1d37b1,1105741,579
2018-12-14 02:01:35.128,181219003038136,18121402,XBTUSD,Sell,1000,3242.5,ZeroMinusTick,251d32c8-dc5d-008b-c184-ee73175c07bb,1106741,580
2018-12-14 02:01:35.171,181219003038136,18121402,XBTUSD,Sell,40,3242.5,ZeroMinusTick,2c0dde63-f261-d03e-3ecb-a6fb469284ba,1106781,581
2018-12-14 02:01:35.171,181219003038136,18121402,XBTUSD,Sell,41771,3242,ZeroMinusTick,e7b15731-b504-07a7-6d27-b48d5b210cbd,1148552,582
2018-12-14 02:01:45.541,181219003038136,18121402,XBTUSD,Sell,60,3242,ZeroMinusTick,ba9a67dc-9069-5393-7f87-5f99ae2e12ab,1148612,583
2018-12-14 02:01:45.541,181219003038136,18121402,XBTUSD,Sell,1000,3241.5,MinusTick,03153b32-f18e-f7dd-1597-a416d21b7a06,1149612,584
2018-12-14 02:01:45.541,181219003038136,18121402,XBTUSD,Sell,18,3241.5,ZeroMinusTick,d92f214f-ef7f-8b7f-d461-a6ac63ad0878,1149630,585
2018-12-14 02:01:45.541,181219003038136,18121402,XBTUSD,Sell,20,3241.5,ZeroMinusTick,74ef30bb-dcab-0d51-841e-edf774d0ed2d,1149650,586
2018-12-14 02:01:46.163,181219003038136,18121402,XBTUSD,Sell,27,3241.5,ZeroMinusTick,11e72400-241c-4dca-b7e2-a949eaea6fb8,1149677,587
2018-12-14 02:01:48.241,181219003038136,18121402,XBTUSD,Sell,3,3241.5,ZeroMinusTick,f62408f5-2114-e62d-775a-8fbdb7d48b49,1149680,588
2018-12-14 02:02:05.275,181219003038136,18121402,XBTUSD,Sell,295,3241.5,ZeroMinusTick,5a53bb3a-07e3-ad6b-14f3-169b9aacc338,1149975,589
2018-12-14 02:02:33.232,181219003038136,18121402,XBTUSD,Buy,500,3242,PlusTick,3509dfc7-2279-f9ed-2729-e01b75a71ef5,1150475,590
2018-12-14 02:02:35.597,181219003038136,18121402,XBTUSD,Sell,270,3241.5,ZeroMinusTick,7da44fa5-b8b1-cd58-ad06-5519e094f565,1150745,591
2018-12-14 02:02:37.875,181219003038136,18121402,XBTUSD,Sell,969,3241.5,ZeroMinusTick,1487f94d-bbbc-7447-8941-90baa6245ead,1151714,592
2018-12-14 02:02:39.001,181219003038136,18121402,XBTUSD,Sell,50,3241.5,ZeroMinusTick,a94e69c6-91dd-46ca-eaf8-a2c6fa018c0a,1151764,593
2018-12-14 02:02:39.001,181219003038136,18121402,XBTUSD,Sell,504,3241.5,ZeroMinusTick,ac0a1964-3063-81a6-ee21-60139ec94d50,1152268,594
2018-12-14 02:02:39.001,181219003038136,18121402,XBTUSD,Sell,39,3241.5,ZeroMinusTick,5a3336e0-80bf-486b-1ae6-02ffb83856f4,1152307,595
2018-12-14 02:02:39.001,181219003038136,18121402,XBTUSD,Sell,20,3241,ZeroMinusTick,67dc4235-5621-4468-692b-ef21f84fd895,1152327,596
2018-12-14 02:02:39.001,181219003038136,18121402,XBTUSD,Sell,50,3241,ZeroMinusTick,ac6d8b87-f789-51fc-4fc5-ae599468b336,1152377,597
2018-12-14 02:02:39.001,181219003038136,18121402,XBTUSD,Sell,1000,3241,ZeroMinusTick,9aae28d5-7ed3-c0f6-54bb-fdac56bcf6ce,1153377,598
2018-12-14 02:02:39.001,181219003038136,18121402,XBTUSD,Sell,30,3240.5,MinusTick,ee1be035-d4ed-6084-eb51-c469c21c10ec,1153407,599
2018-12-14 02:02:39.001,181219003038136,18121402,XBTUSD,Sell,11,3240.5,ZeroMinusTick,532b5de9-9577-6b88-7628-87a7b80953f3,1153418,600
2018-12-14 02:02:39.001,181219003038136,18121402,XBTUSD,Sell,50,3240.5,ZeroMinusTick,b3f1f8a1-f581-d4f1-f2dc-51cb515ba37c,1153468,601
2018-12-14 02:01:13.312,181219003038136,18121402,XBTUSD,Sell,100,3243,ZeroMinusTick,dbe40ebd-bca0-506f-9be1-7512950ec8a0,1153568,602
2018-12-14 02:01:13.312,181219003038136,18121402,XBTUSD,Sell,500,3243,ZeroMinusTick,155829c2-146e-60d8-71f6-e62c8b076544,1154068,603
2018-12-14 02:01:13.312,181219003038136,18121402,XBTUSD,Sell,60,3243,ZeroMinusTick,d8618062-0dd8-6cba-ef2c-dc6d07a06538,1154128,604
2018-12-14 02:01:16.478,181219003038136,18121402,XBTUSD,Sell,30,3242.5,ZeroMinusTick,5d2a20b6-cecf-f320-0250-689ab3c53ee7,1154158,605
2018-12-14 02:01:17.522,181219003038136,18121402,XBTUSD,Sell,1002,3242.5,ZeroMinusTick,a10612af-4f5d-bf0e-82c4-19df400e9299,1155160,606
2018-12-14 02:01:17.851,181219003038136,18121402,XBTUSD,Buy,1000,3243,PlusTick,b631a9a3-af52-fd30-57be-17c4e55b1179,1156160,607
2018-12-14 02:01:17.979,181219003038136,18121402,XBTUSD,Sell,1002,3242.5,ZeroMinusTick,1cad242d-8fc8-8d46-3bf6-4c59854bf887,1157162,608
2018-12-14 02:01:19.897,181219003038136,18121402,XBTUSD,Sell,1002,3242.5,ZeroMinusTick,c5f99153-490d-cfda-6a61-0a5ec67088ad,1158164,609
2018-12-14 02:01:19.897,181219003038136,18121402,XBTUSD,Sell,100,3242.5,ZeroMinusTick,37407b61-1131-e6a7-f30c-53746a8bc1c4,1158264,610
2018-12-14 02:01:20.217,181219003038136,18121402,XBTUSD,Sell,17483,3242.5,ZeroMinusTick,726c1404-6438-ba1b-0915-97014d1893a6,1175747,611
2018-12-14 02:01:20.217,181219003038136,18121402,XBTUSD,Sell,24475,3242.5,ZeroMinusTick,cf9aa110-822c-95e5-259f-7e03c9e530d0,1200222,612
2018-12-14 02:01:20.951,181219003038136,18121402,XBTUSD,Sell,5525,3242.5,ZeroMinusTick,004c38dd-4fdd-8960-8fd7-fb2478b36891,1205747,613
2018-12-14 02:01:21.614,181219003038136,18121402,XBTUSD,Sell,1002,3242.5,ZeroMinusTick,0277ee3d-cfe5-5d9c-5f8b-1495cec668bd,1206749,614
2018-12-14 02:01:23.800,181219003038136,18121402,XBTUSD,Sell,205,3242.5,ZeroMinusTick,2ab334de-7a98-8f74-5533-ffbb717257cd,1206954,615
2018-12-14 02:01:23.800,181219003038136,18121402,XBTUSD,Sell,100,3242.5,ZeroMinusTick,1a9bde4b-17c4-338d-c9bb-b7c4abdab5ee,1207054,616
2018-12-14 02:01:23.911,181219003038136,18121402,XBTUSD,Sell,20000,3242.5,ZeroMinusTick,8e1f6ae4-96dd-9068-8a4b-e963fc938d45,1227054,617
2018-12-14 02:01:35.128,181219003038136,18121402,XBTUSD,Sell,10000,3242.5,ZeroMinusTick,8ed48a94-a165-c0f1-b102-8a7b3a59f9d3,1237054,618
2018-12-14 02:01:35.171,181219003038136,18121402,XBTUSD,Sell,250,3242,ZeroMinusTick,69e6e7a5-fadc-0c29-68a9-82f3319d7917,1237304,619
2018-12-14 02:01:37.604,181219003038136,18121402,XBTUSD,Sell,26,3242,ZeroMinusTick,c2013855-5ed2-ccd1-db71-befc37b04600,1237330,620
2018-12-14 02:01:41.869,181219003038136,18121402,XBTUSD,Sell,100,3242,ZeroMinusTick,e7936e80-2986-3bd6-6f4b-a556891186d2,1237430,621
2018-12-14 02:01:44.115,181219003038136,18121402,XBTUSD,Sell,1500,3242,ZeroMinusTick,22703744-3468-834e-0ce7-360a5e9870bc,1238930,622
2018-12-14 02:01:45.541,181219003038136,18121402,XBTUSD,Sell,2,3242,ZeroMinusTick,273ea453-b952-50d6-e280-fe155829135e,1238932,623
2018-12-14 02:01:45.541,181219003038136,18121402,XBTUSD,Sell,27,3242,ZeroMinusTick,b2fdced9-db15-85b4-1efc-6a5560034f0e,1238959,624
2018-12-14 02:01:45.541,181219003038136,18121402,XBTUSD,Sell,420,3241.5,ZeroMinusTick,08aa4f42-d87f-0dba-3332-bcc40dc50fda,1239379,625
2018-12-14 02:01:45.541,181219003038136,18121402,XBTUSD,Sell,10000,3241.5,ZeroMinusTick,fc5f9cb8-daf8-f379-7c7a-ce1c197349f5,1249379,626
2018-12-14 02:01:46.163,181219003038136,18121402,XBTUSD,Sell,27,3241.5,ZeroMinusTick,64a3143f-c5a7-3e87-7078-037c147185d9,1249406,627
2018-12-14 02:02:09.073,181219003038136,18121402,XBTUSD,Sell,6,3241.5,ZeroMinusTick,83ee8f35-4060-1871-82d5-0e010f5f8a8e,1249412,628
2018-12-14 02:02:20.613,181219003038136,18121402,XBTUSD,Sell,100,3241.5,ZeroMinusTick,38694ee8-0b68-c9a9-56a2-7c36735ba378,1249512,629
2018-12-14 02:02:22.607,181219003038136,18121402,XBTUSD,Buy,500,3242,PlusTick,89dd5094-46e5-bc3a-b806-c62a79a8580c,1250012,630
2018-12-14 02:02:39.001,181219003038136,18121402,XBTUSD,Sell,99031,3241.5,ZeroMinusTick,e5fba12e-5c6a-c1d9-efa9-76fae6913b95,1349043,631
2018-12-14 02:02:39.001,181219003038136,18121402,XBTUSD,Sell,500,3241.5,ZeroMinusTick,c8abadcd-c162-89eb-7ed1-361f7f0604b2,1349543,632
2018-12-14 02:02:39.001,181219003038136,18121402,XBTUSD,Sell,338,3241.5,ZeroMinusTick,5657cc24-d813-e852-7d5b-ea9583cabe4b,1349881,633
2018-12-14 02:02:39.001,181219003038136,18121402,XBTUSD,Sell,10,3241,ZeroMinusTick,244a0ac6-ab42-7a66-cdab-c1175fd0f887,1349891,634
2018-12-14 02:02:39.001,181219003038136,18121402,XBTUSD,Sell,2000,3241,ZeroMinusTick,53c89374-d751-72f4-3594-84a40ae50844,1351891,635
2018-12-14 02:02:39.001,181219003038136,18121402,XBTUSD,Sell,70000,3241,ZeroMinusTick,bdacaa2d-e4e6-0281-b1ae-9423ba3c7a20,1421891,636
2018-12-14 02:02:39.001,181219003038136,18121402,XBTUSD,Sell,20,3241,ZeroMinusTick,53927ba4-aa9f-321b-5089-4ba4daf41aa2,1421911,637
2018-12-14 02:01:22.702,181219003038136,18121402,XBTUSD,Sell,468,3242.5,ZeroMinusTick,8df42b22-8e37-36a1-8b73-6c92b22c3c29,1422379,638
2018-12-14 02:01:23.043,181219003038136,18121402,XBTUSD,Sell,1000,3242.5,ZeroMinusTick,186f20e5-a54f-e202-1320-f2cfd04de26b,1423379,639
2018-12-14 02:01:23.800,181219003038136,18121402,XBTUSD,Sell,100,3242.5,ZeroMinusTick,82323ce2-0c75-9e8c-9fe9-6c0cd59b9f27,1423479,640
2018-12-14 02:01:23.800,181219003038136,18121402,XBTUSD,Sell,1002,3242.5,ZeroMinusTick,51a9e08f-4829-8e27-01c5-676aa6e18faa,1424481,641
2018-12-14 02:01:32.190,181219003038136,18121402,XBTUSD,Sell,900,3242.5,ZeroMinusTick,a8fc4bb6-0208-5818-0552-ede2c301f070,1425381,642
2018-12-14 02:01:32.646,181219003038136,18121402,XBTUSD,Sell,2000,3242.5,ZeroMinusTick,c944880b-3488-e360-24db-9c73a878a361,1427381,643
2018-12-14 02:01:35.128,181219003038136,18121402,XBTUSD,Sell,60,3242.5,ZeroMinusTick,2aaa62f1-fce8-f625-7ce5-107abddefa25,1427441,644
2018-12-14 02:01:35.171,181219003038136,18121402,XBTUSD,Sell,12,3242.5,ZeroMinusTick,19ad0e06-7627-bccb-6bc8-865346eee314,1427453,645
2018-12-14 02:01:35.171,181219003038136,18121402,XBTUSD,Sell,10,3242,ZeroMinusTick,dca2ad72-3346-6178-ab0e-7930b86a8935,1427463,646
2018-12-14 02:01:37.029,181219003038137,18121402,XBTUSD,Sell,4303,3242,ZeroMinusTick,7ad1b4f4-7c0a-9512-4968-27f9b18f7a2b,1431766,647
2018-12-14 02:01:37.604,181219003038137,18121402,XBTUSD,Sell,18,3242,ZeroMinusTick,76205375-288e-1c49-6a65-abfe2bd460cd,1431784,648
2018-12-14 02:01:45.541,181219003038137,18121402,XBTUSD,Sell,276,3242,ZeroMinusTick,d2443c41-8d28-ed97-f74c-01c553a21cb3,1432060,649
2018-12-14 02:01:45.541,181219003038137,18121402,XBTUSD,Sell,25,3242,ZeroMinusTick,a1929b3d-8408-6b7c-86e9-a35a36a00a23,1432085,650
2018-12-14 02:01:45.541,181219003038137,18121402,XBTUSD,Sell,700,3241.5,ZeroMinusTick,9715f3d5-0444-0100-2e5f-1a090e65ab5b,1432785,651
2018-12-14 02:01:45.541,181219003038137,18121402,XBTUSD,Sell,50,3241.5,ZeroMinusTick,8bf94815-6633-58b4-6a38-19843eabfca3,1432835,652
2018-12-14 02:01:47.700,181219003038137,18121402,XBTUSD,Sell,3,3241.5,ZeroMinusTick,f59447ed-3e95-454a-49c0-26cccd357b45,1432838,653
2018-12-14 02:01:49.300,181219003038137,18121402,XBTUSD,Sell,23,3241.5,ZeroMinusTick,7b8af34c-c208-65ce-a9ee-d5a237cdca0d,1432861,654
2018-12-14 02:02:02.576,181219003038137,18121402,XBTUSD,Sell,1100,3241.5,MinusTick,33ba5d99-2a5a-1eae-44dc-d1a00386f1e7,1433961,655
2018-12-14 02:02:02.667,181219003038137,18121402,XBTUSD,Sell,10270,3241.5,ZeroMinusTick,1c166abb-2ecf-78da-7258-f0848708ad01,1444231,656
2018-12-14 02:02:04.984,181219003038137,18121402,XBTUSD,Sell,1000,3241.5,ZeroMinusTick,e6f1953f-a9a8-822e-402d-305753d2ecdc,1445231,657
2018-12-14 02:02:11.938,181219003038137,18121402,XBTUSD,Sell,1250,3241.5,MinusTick,dbd17e35-e08a-e7dd-a3df-eb11149b9006,1446481,658
2018-12-14 02:02:24.849,181219003038137,18121402,XBTUSD,Buy,3500,3242,ZeroPlusTick,33285fef-5f84-2518-ba62-353e7bda5c61,1449981,659
2018-12-14 02:02:33.897,181219003038137,18121402,XBTUSD,Sell,5000,3241.5,MinusTick,4bf38e28-20cd-0f9d-d21c-07f2f7a5778d,1454981,660
2018-12-14 02:02:39.001,181219003038137,18121402,XBTUSD,Sell,100,3241.5,ZeroMinusTick,84b23a0b-5e16-ed7f-68e2-8acea436c39e,1455081,661
2018-12-14 02:02:39.001,181219003038137,18121402,XBTUSD,Sell,200,3241.5,ZeroMinusTick,fe2500bf-9596-8c5b-ffd6-2ab80b13de5c,1455281,662
2018-12-14 02:02:39.001,181219003038137,18121402,XBTUSD,Sell,100,3241,MinusTick,a61ce767-5c64-57d4-9e8c-4b42f0408bd8,1455381,663
2018-12-14 02:02:39.001,181219003038137,18121402,XBTUSD,Sell,100,3241,ZeroMinusTick,36a928fd-94c3-8ea7-b9c4-0c288745718b,1455481,664
2018-12-14 02:02:39.001,181219003038137,18121402,XBTUSD,Sell,50,3241,ZeroMinusTick,3118f81d-100b-caf6-a5db-c1e999c45ffb,1455531,665
2018-12-14 02:02:39.001,181219003038137,18121402,XBTUSD,Sell,26,3241,ZeroMinusTick,d0480c6b-e3a7-19e1-ef9c-a39fcc92d5a8,1455557,666
2018-12-14 02:02:39.001,181219003038137,18121402,XBTUSD,Sell,500,3241,ZeroMinusTick,4819fc33-c997-ba21-c16b-9d92009c6b85,1456057,667
2018-12-14 02:02:39.001,181219003038137,18121402,XBTUSD,Sell,10,3240.5,ZeroMinusTick,f38945a9-ca9f-c1bd-0351-a5c3d34eb779,1456067,668
2018-12-14 02:02:39.001,181219003038137,18121402,XBTUSD,Sell,100,3240.5,ZeroMinusTick,b18377e1-36b8-69cd-0b79-40cf08081f75,1456167,669
2018-12-14 02:02:39.001,181219003038137,18121402,XBTUSD,Sell,12,3240,MinusTick,221ac9dd-38a3-0a8d-ad58-36f6e430b5ab,1456179,670
2018-12-14 02:02:39.001,181219003038137,18121402,XBTUSD,Sell,73,3240,ZeroMinusTick,364fc76f-a796-86d7-f1d3-0305b04acf37,1456252,671
2018-12-14 02:02:39.001,181219003038137,18121402,XBTUSD,Sell,26,3240,ZeroMinusTick,13fa4482-de96-1118-0f1e-75b820a89085,1456278,672
2018-12-14 02:02:39.001,181219003038137,18121402,XBTUSD,Sell,2000,3240,ZeroMinusTick,f82c9bcd-bcfe-d30d-190f-87cfc7d32b16,1458278,673
2018-12-14 02:02:39.001,181219003038137,18121402,XBTUSD,Sell,158,3240,ZeroMinusTick,0d43cc16-19c6-3281-3ad0-5e2a88246f89,1458436,674
2018-12-14 02:02:39.075,181219003038137,18121402,XBTUSD,Sell,100,3239.5,ZeroMinusTick,0842a90e-8808-cc9f-a3ec-f1524787fdee,1458536,675
2018-12-14 02:02:39.075,181219003038137,18121402,XBTUSD,Sell,21,3239.5,ZeroMinusTick,1f1a26b4-f7d9-2ba6-5cae-42bd9de0ce1d,1458557,676
2018-12-14 02:02:39.336,181219003038137,18121402,XBTUSD,Sell,3000,3239.5,PlusTick,0b58ca9c-a88f-4738-aeec-915dd4b13810,1461557,677
2018-12-14 02:02:39.336,181219003038137,18121402,XBTUSD,Sell,60,3239,ZeroMinusTick,33c6ec26-a2ec-0804-0f75-3d3daeef4b70,1461617,678
2018-12-14 02:02:39.336,181219003038137,18121402,XBTUSD,Sell,27,3239,ZeroMinusTick,3e41e06d-6a82-f53d-0bcf-787741d92ba3,1461644,679
2018-12-14 02:02:39.365,181219003038137,18121402,XBTUSD,Sell,90,3239,ZeroMinusTick,ca5c901d-8d6b-eb31-8c43-10ba4a81b86c,1461734,680
2018-12-14 02:02:39.365,181219003038137,18121402,XBTUSD,Sell,60,3239,ZeroMinusTick,ebf0b1d9-97bb-99db-5b2b-8d9cf6a1b501,1461794,681
2018-12-14 02:02:39.365,181219003038137,18121402,XBTUSD,Sell,4378,3239,ZeroMinusTick,a903e5ee-6873-a347-8181-9e9802de37a1,1466172,682
2018-12-14 02:01:25.877,181219003038137,18121402,XBTUSD,Sell,3000,3242.5,MinusTick,a809739f-8626-ed79-87b0-27acc41ec6d0,1469172,683
2018-12-14 02:01:28.157,181219003038137,18121402,XBTUSD,Sell,1500,3242.5,ZeroMinusTick,8d93bd67-2edf-1ef8-e67a-d2de2c891810,1470672,684
2018-12-14 02:01:28.603,181219003038137,18121402,XBTUSD,Sell,2000,3242.5,ZeroMinusTick,f4934559-ad0e-bca6-b30c-7755f8eddd5b,1472672,685
2018-12-14 02:01:35.128,181219003038137,18121402,XBTUSD,Sell,250,3242.5,ZeroMinusTick,17886578-5d0e-d946-7110-eb62420d5aea,1472922,686
2018-12-14 02:01:35.171,181219003038137,18121402,XBTUSD,Sell,20,3242.5,ZeroMinusTick,ebd03970-e1cc-2923-b1c5-1fbb95658c43,1472942,687
2018-12-14 02:01:35.171,181219003038137,18121402,XBTUSD,Sell,1000,3242,ZeroMinusTick,87ad8920-7f41-6486-5961-5e71cdd35dab,1473942,688
2018-12-14 02:01:35.485,181219003038137,18121402,XBTUSD,Sell,400,3242,ZeroMinusTick,2dfd63a2-b99f-8f75-59c5-4103ae2dfa27,1474342,689
2018-12-14 02:01:36.465,181219003038137,18121402,XBTUSD,Sell,150,3242,ZeroMinusTick,75bdef3d-3048-922e-09e3-d25ca37c674c,1474492,690
2018-12-14 02:01:37.029,181219003038137,18121402,XBTUSD,Sell,7679,3242,ZeroMinusTick,152ba770-4b64-f0a3-45e5-fc7c1b9fd65f,1482171,691
2018-12-14 02:01:37.393,181219003038137,18121402,XBTUSD,Sell,300,3242,ZeroMinusTick,fb82e9b5-05c9-c8dc-8953-a57406c83824,1482471,692
2018-12-14 02:01:37.604,181219003038137,18121402,XBTUSD,Sell,397,3242,ZeroMinusTick,5ae34ed0-28c6-577d-f11a-30cebd8764d8,1482868,693
2018-12-14 02:01:41.477,181219003038137,18121402,XBTUSD,Sell,120,3242,ZeroMinusTick,b9dd2c9f-f4fa-8a7f-2561-64497dbef6a1,1482988,694
2018-12-14 02:01:42.068,181219003038137,18121402,XBTUSD,Sell,150,3242,ZeroMinusTick,a44f1339-f9d5-634f-af09-cd5f751bddc7,1483138,695
2018-12-14 02:01:45.541,181219003038137,18121402,XBTUSD,Sell,39,3242,ZeroMinusTick,60d29c9e-1818-d127-4851-323e1e1df8b8,1483177,696
2018-12-14 02:01:45.541,181219003038137,18121402,XBTUSD,Sell,250,3242,ZeroMinusTick,8b018f8f-34ba-de64-ac68-0990e4f0975c,1483427,697
2018-12-14 02:01:45.541,181219003038137,18121402,XBTUSD,Sell,30,3241.5,ZeroMinusTick,df3d0375-b292-f2eb-9e94-4328aacd94b8,1483457,698
2018-12-14 02:01:45.541,181219003038137,18121402,XBTUSD,Sell,25,3241.5,ZeroMinusTick,d61ed0f7-304a-e308-7857-e6e0e03959a3,1483482,699
2018-12-14 02:01:48.241,181219003038137,18121402,XBTUSD,Sell,49997,3241.5,ZeroMinusTick,4219a3c1-7c32-ac73-b0b5-c79eddf4df50,1533479,700
2018-12-14 02:01:51.989,181219003038137,18121402,XBTUSD,Buy,200,3242,PlusTick,4f8e330e-0742-4b0e-46b3-c614023c46ed,1533679,701
2018-12-14 02:01:54.120,181219003038137,18121402,XBTUSD,Sell,2700,3241.5,ZeroMinusTick,9da8dd55-9fa6-5190-ffb9-a8f1730750ef,1536379,702
2018-12-14 02:02:09.432,181219003038137,18121402,XBTUSD,Sell,644,3241.5,ZeroMinusTick,6c7f8230-6661-3724-df76-ece5703a3922,1537023,703
2018-12-14 02:02:26.469,181219003038137,18121402,XBTUSD,Buy,1,3242,PlusTick,b91a11b9-750e-8a8a-e789-ffda2846bd90,1537024,704
2018-12-14 02:02:26.566,181219003038137,18121402,XBTUSD,Buy,1000,3242,ZeroPlusTick,05ab6129-ccf2-8a8b-b8d6-f1f22fac8f83,1538024,705
2018-12-14 02:02:26.978,181219003038137,18121402,XBTUSD,Sell,1000,3241.5,MinusTick,1bbfd1d4-584b-2f5c-fdcf-54b7c14174a5,1539024,706
2018-12-14 02:02:39.001,181219003038137,18121402,XBTUSD,Sell,3000,3241.5,ZeroMinusTick,39a4d81f-921c-d6eb-bb06-bc2c4944259e,1542024,707
2018-12-14 02:02:39.001,181219003038137,18121402,XBTUSD,Sell,100,3241.5,ZeroMinusTick,97370f8c-52bf-63f7-e444-9c76cc1389f1,1542124,708
2018-12-14 02:02:39.001,181219003038137,18121402,XBTUSD,Sell,15,3241.5,ZeroMinusTick,a8cf12f3-27f6-da59-38cf-88031b557825,1542139,709
2018-12-14 02:02:39.001,181219003038137,18121402,XBTUSD,Sell,8,3241,ZeroMinusTick,a7354e51-2da2-0197-cc0a-46ad4b54e4c6,1542147,710
2018-12-14 02:02:39.001,181219003038137,18121402,XBTUSD,Sell,10000,3241,ZeroMinusTick,fedd8686-220e-a8f7-99f3-ca5fb1f98e75,1552147,711
2018-12-14 02:02:39.001,181219003038137,18121402,XBTUSD,Sell,200,3241,ZeroMinusTick,8e4d4e24-c746-6fc9-7d9d-012380780a5d,1552347,712
2018-12-14 02:02:39.001,181219003038137,18121402,XBTUSD,Sell,52000,3241,ZeroMinusTick,14aa8f8f-dca0-cca2-769b-a7d60e055456,1604347,713
2018-12-14 02:02:39.001,181219003038137,18121402,XBTUSD,Sell,4000,3240.5,ZeroMinusTick,8d38537a-6357-9d43-7870-6650800dfa7f,1608347,714
2018-12-14 02:02:39.001,181219003038137,18121402,XBTUSD,Sell,10000,3240.5,ZeroMinusTick,658bebd0-e74f-dbf2-7948-ac41c2d18b38,1618347,715
2018-12-14 02:02:39.001,181219003038137,18121402,XBTUSD,Sell,100,3240,ZeroMinusTick,3f3faf29-f805-7dcd-dfbe-c8af53a1f20c,1618447,716
2018-12-14 02:02:39.001,181219003038137,18121402,XBTUSD,Sell,600,3240,ZeroMinusTick,9088898d-851c-3592-126d-941775092e3e,1619047,717
2018-12-14 02:02:39.001,181219003038137,18121402,XBTUSD,Sell,42,3240,ZeroMinusTick,9969bb14-fff7-20d3-b056-d1a31d7bd137,1619089,718
2018-12-14 02:02:39.001,181219003038137,18121402,XBTUSD,Sell,33,3240,ZeroMinusTick,5037c301-f460-1cee-7113-7a6af1135bd2,1619122,719
2018-12-14 02:02:39.001,181219003038137,18121402,XBTUSD,Sell,450,3240,ZeroMinusTick,69d0172b-de0c-5ced-9ef2-0a33e808ff14,1619572,720
2018-12-14 02:02:39.075,181219003038137,18121402,XBTUSD,Sell,100,3239.5,ZeroMinusTick,ccab2e28-ab7f-efba-9fd6-b132c0ae0cc4,1619672,721
2018-12-14 02:02:39.075,181219003038137,18121402,XBTUSD,Sell,10,3239.5,ZeroMinusTick,4fb44e36-a700-b426-b60f-763e0ead3b14,1619682,722
2018-12-14 02:02:39.210,181219003038137,18121402,XBTUSD,Sell,73,3239.5,ZeroMinusTick,a4582f63-0fb7-3f47-0867-cae0c7940afb,1619755,723
2018-12-14 02:02:39.336,181219003038137,18121402,XBTUSD,Sell,2998,3239,ZeroMinusTick,a2a15f60-0109-1c24-b542-d9c509595f4a,1622753,724
2018-12-14 02:02:39.336,181219003038137,18121402,XBTUSD,Sell,48,3239,ZeroMinusTick,ff0849e6-12c9-78a7-18c4-1fb2b90e2fdd,1622801,725
2018-12-14 02:02:39.336,181219003038137,18121402,XBTUSD,Sell,172,3239,ZeroMinusTick,ef3c1bca-1782-8651-ec01-f8417b45b5bc,1622973,726
2018-12-14 02:02:39.365,181219003038137,18121402,XBTUSD,Sell,39,3239,ZeroMinusTick,29a3fb2f-5b4b-4bec-409b-d335b218d648,1623012,727
2018-12-14 02:01:40.835,181219003038137,18121402,XBTUSD,Sell,50000,3242,ZeroMinusTick,92c8819f-cfc4-956a-c651-17e1eee78e7e,1673012,728
2018-12-14 02:01:40.944,181219003038138,18121402,XBTUSD,Sell,400,3242,ZeroMinusTick,096a9ae7-13c6-490f-0f35-97d717e58e65,1673412,729
2018-12-14 02:01:41.806,181219003038138,18121402,XBTUSD,Sell,15000,3242,ZeroMinusTick,248f8ccc-f8d5-cb28-d0d4-a65ec49b1949,1688412,730
2018-12-14 02:01:43.092,181219003038138,18121402,XBTUSD,Sell,1800,3242,ZeroMinusTick,ce898e1a-c48e-13c9-195b-c53706753a21,1690212,731
2018-12-14 02:01:45.541,181219003038138,18121402,XBTUSD,Sell,3,3242,ZeroMinusTick,b363cd80-ef21-6c8c-1210-f4a0f2fa4a93,1690215,732
2018-12-14 02:01:45.541,181219003038138,18121402,XBTUSD,Sell,9,3242,ZeroMinusTick,ffbb2f3b-d9bb-82ea-723d-b47038931dfe,1690224,733
2018-12-14 02:01:45.541,181219003038138,18121402,XBTUSD,Sell,500,3241.5,ZeroMinusTick,f1e96a0b-cc39-99b6-0118-31fb30d619fe,1690724,734
2018-12-14 02:01:45.541,181219003038138,18121402,XBTUSD,Sell,200,3241.5,ZeroMinusTick,066e5e8e-c515-b3a0-c8c9-bae97ac4f0d7,1690924,735
2018-12-14 02:01:47.700,181219003038138,18121402,XBTUSD,Sell,3,3241.5,ZeroMinusTick,e0129c22-c734-2e19-5fed-64472e363896,1690927,736
2018-12-14 02:01:49.300,181219003038138,18121402,XBTUSD,Sell,1500,3241.5,ZeroMinusTick,bc6cb5a3-1d9b-04fd-ed84-fc62aa8216e8,1692427,737
2018-12-14 02:01:58.526,181219003038138,18121402,XBTUSD,Sell,3080,3241.5,ZeroMinusTick,02ee9c70-3d20-5c4b-6f02-42e88b25948d,1695507,738
2018-12-14 02:02:01.234,181219003038138,18121402,XBTUSD,Sell,10000,3241.5,ZeroMinusTick,4215770d-d4d9-7e88-1610-46e3b446b4e4,1705507,739
2018-12-14 02:02:01.392,181219003038138,18121402,XBTUSD,Sell,100,3241.5,ZeroMinusTick,e6cb989a-7ca4-4d43-c086-ca412dc9d1c1,1705607,740
2018-12-14 02:02:01.523,181219003038138,18121402,XBTUSD,Buy,30,3242,PlusTick,b8b7def4-14d9-d3cd-b580-aca52ff2a727,1705637,741
2018-12-14 02:02:28.713,181219003038138,18121402,XBTUSD,Sell,17608,3241.5,ZeroMinusTick,e31ed827-06cc-d7fd-5b6e-a823799619af,1723245,742
2018-12-14 02:02:37.279,181219003038138,18121402,XBTUSD,Sell,1770,3241.5,ZeroMinusTick,ac4202c7-3017-43c9-5071-bdac5e4f0d9b,1725015,743
2018-12-14 02:02:37.875,181219003038138,18121402,XBTUSD,Sell,21,3241.5,ZeroMinusTick,2e722bfd-965e-2d18-3cb2-45c9ba34f06a,1725036,744
2018-12-14 02:02:39.001,181219003038138,18121402,XBTUSD,Sell,46021,3241.5,ZeroMinusTick,f04a4993-6c1b-71d5-552e-6e6e18c085a3,1771057,745
2018-12-14 02:02:39.001,181219003038138,18121402,XBTUSD,Sell,30000,3241.5,ZeroMinusTick,80e88988-f1b2-1560-2b11-a2859650a525,1801057,746
2018-12-14 02:02:39.001,181219003038138,18121402,XBTUSD,Sell,100,3241.5,ZeroMinusTick,52db7045-d91e-6291-0d36-5de8897a27f0,1801157,747
2018-12-14 02:02:39.001,181219003038138,18121402,XBTUSD,Sell,100,3241,ZeroMinusTick,63cc5bc0-c11a-128e-735a-e4d149bda8a6,1801257,748
2018-12-14 02:02:39.001,181219003038138,18121402,XBTUSD,Sell,500,3241,ZeroMinusTick,2382d30d-ef72-58e9-6e68-e43cf1d525bd,1801757,749
2018-12-14 02:02:39.001,181219003038138,18121402,XBTUSD,Sell,305,3241,ZeroMinusTick,dad26a69-71a8-b73b-39c3-86a913c6a509,1802062,750
2018-12-14 02:02:39.001,181219003038138,18121402,XBTUSD,Sell,3400,3241,ZeroMinusTick,98dd973b-58fa-32ac-5c88-1fe28209d98f,1805462,751
2018-12-14 02:02:39.001,181219003038138,18121402,XBTUSD,Sell,33,3240.5,ZeroMinusTick,306a6c4a-a664-f58a-0af5-78f8c46a9ab7,1805495,752
2018-12-14 02:02:39.001,181219003038138,18121402,XBTUSD,Sell,100,3240.5,ZeroMinusTick,bfd3a0ee-e467-b121-6809-35e8097dbe20,1805595,753
