id,timestamp,hour,symbol,bidPrice,bidSize,askPrice,askSize,midPrice,microPrice
9587170,2019-01-06T01:00:03.361Z,19010601,XBTUSD,3801,687357,3801.5,172563,3801.25,3801.5
9587190,2019-01-06T01:00:04.327Z,19010601,XBTUSD,3801,706086,3801.5,189617,3801.25,3801.5
9587219,2019-01-06T01:00:05.633Z,19010601,XBTUSD,3801,712020,3801.5,179996,3801.25,3801.5
9587175,2019-01-06T01:00:03.468Z,19010601,XBTUSD,3801,684533,3801.5,189945,3801.25,3801.5
9587189,2019-01-06T01:00:04.323Z,19010601,XBTUSD,3801,706085,3801.5,189617,3801.25,3801.5
9587197,2019-01-06T01:00:04.928Z,19010601,XBTUSD,3801,712303,3801.5,186443,3801.25,3801.5
9587216,2019-01-06T01:00:05.416Z,19010601,XBTUSD,3801,712305,3801.5,181443,3801.25,3801.5
9587262,2019-01-06T01:00:07.108Z,19010601,XBTUSD,3801,713851,3801.5,180185,3801.25,3801.5
9587297,2019-01-06T01:00:09.910Z,19010601,XBTUSD,3801,721697,3801.5,176582,3801.25,3801.5
9587177,2019-01-06T01:00:03.497Z,19010601,XBTUSD,3801,684833,3801.5,189482,3801.25,3801.5
9587187,2019-01-06T01:00:04.201Z,19010601,XBTUSD,3801,706084,3801.5,189548,3801.25,3801.5
9587218,2019-01-06T01:00:05.438Z,19010601,XBTUSD,3801,712305,3801.5,179996,3801.25,3801.5
9587258,2019-01-06T01:00:07.025Z,19010601,XBTUSD,3801,713807,3801.5,178185,3801.25,3801.5
9587281,2019-01-06T01:00:08.509Z,19010601,XBTUSD,3801,715436,3801.5,174045,3801.25,3801.5
9587289,2019-01-06T01:00:09.444Z,19010601,XBTUSD,3801,720197,3801.5,174045,3801.25,3801.5
9587319,2019-01-06T01:00:10.407Z,19010601,XBTUSD,3801,740204,3801.5,177582,3801.25,3801.5
9587330,2019-01-06T01:00:11.094Z,19010601,XBTUSD,3801,743758,3801.5,162680,3801.25,3801.5
9587176,2019-01-06T01:00:03.486Z,19010601,XBTUSD,3801,684833,3801.5,189945,3801.25,3801.5
9587193,2019-01-06T01:00:04.403Z,19010601,XBTUSD,3801,706053,3801.5,185929,3801.25,3801.5
9587215,2019-01-06T01:00:05.357Z,19010601,XBTUSD,3801,712305,3801.5,183443,3801.25,3801.5
9587265,2019-01-06T01:00:07.673Z,19010601,XBTUSD,3801,713862,3801.5,180045,3801.25,3801.5
9587284,2019-01-06T01:00:09.020Z,19010601,XBTUSD,3801,714697,3801.5,172045,3801.25,3801.5
9587293,2019-01-06T01:00:09.575Z,19010601,XBTUSD,3801,721697,3801.5,172582,3801.25,3801.5
9587169,2019-01-06T01:00:03.235Z,19010601,XBTUSD,3801,687347,3801.5,172563,3801.25,3801.5
9587188,2019-01-06T01:00:04.291Z,19010601,XBTUSD,3801,706084,3801.5,189617,3801.25,3801.5
9587198,2019-01-06T01:00:05.006Z,19010601,XBTUSD,3801,712304,3801.5,186443,3801.25,3801.5
9587263,2019-01-06T01:00:07.147Z,19010601,XBTUSD,3801,713852,3801.5,180185,3801.25,3801.5
9587282,2019-01-06T01:00:08.651Z,19010601,XBTUSD,3801,715436,3801.5,172045,3801.25,3801.5
9587288,2019-01-06T01:00:09.239Z,19010601,XBTUSD,3801,714697,3801.5,174045,3801.25,3801.5
9587298,2019-01-06T01:00:09.952Z,19010601,XBTUSD,3801,725204,3801.5,176582,3801.25,3801.5
9587333,2019-01-06T01:00:11.598Z,19010601,XBTUSD,3801,742771,3801.5,162650,3801.25,3801.5
9587172,2019-01-06T01:00:03.403Z,19010601,XBTUSD,3801,687357,3801.5,189945,3801.25,3801.5
9587186,2019-01-06T01:00:04.191Z,19010601,XBTUSD,3801,687274,3801.5,189548,3801.25,3801.5
9587199,2019-01-06T01:00:05.009Z,19010601,XBTUSD,3801,712305,3801.5,186443,3801.25,3801.5
9587264,2019-01-06T01:00:07.158Z,19010601,XBTUSD,3801,713862,3801.5,180185,3801.25,3801.5
9587283,2019-01-06T01:00:08.917Z,19010601,XBTUSD,3801,715536,3801.5,172045,3801.25,3801.5
9587296,2019-01-06T01:00:09.898Z,19010601,XBTUSD,3801,721697,3801.5,174582,3801.25,3801.5
9587324,2019-01-06T01:00:10.921Z,19010601,XBTUSD,3801,743757,3801.5,162680,3801.25,3801.5
9587336,2019-01-06T01:00:11.903Z,19010601,XBTUSD,3801,736972,3801.5,162650,3801.25,3801.5
9587370,2019-01-06T01:00:14.498Z,19010601,XBTUSD,3801,732311,3801.5,162650,3801.25,3801.5
9587390,2019-01-06T01:00:15.634Z,19010601,XBTUSD,3801,716716,3801.5,165376,3801.25,3801.5
9587410,2019-01-06T01:00:16.368Z,19010601,XBTUSD,3801,718469,3801.5,159697,3801.25,3801.5
9587471,2019-01-06T01:00:17.760Z,19010601,XBTUSD,3801,726034,3801.5,139663,3801.25,3801.5
9587493,2019-01-06T01:00:18.369Z,19010601,XBTUSD,3801,725495,3801.5,140632,3801.25,3801.5
9587500,2019-01-06T01:00:18.618Z,19010601,XBTUSD,3801,725996,3801.5,134632,3801.25,3801.5
9587173,2019-01-06T01:00:03.411Z,19010601,XBTUSD,3801,687334,3801.5,189945,3801.25,3801.5
9587191,2019-01-06T01:00:04.356Z,19010601,XBTUSD,3801,706075,3801.5,189617,3801.25,3801.5
9587259,2019-01-06T01:00:07.030Z,19010601,XBTUSD,3801,713807,3801.5,180185,3801.25,3801.5
9587279,2019-01-06T01:00:08.356Z,19010601,XBTUSD,3801,713436,3801.5,180045,3801.25,3801.5
9587295,2019-01-06T01:00:09.889Z,19010601,XBTUSD,3801,721697,3801.5,172582,3801.25,3801.5
9587323,2019-01-06T01:00:10.680Z,19010601,XBTUSD,3801,743717,3801.5,162680,3801.25,3801.5
9587331,2019-01-06T01:00:11.111Z,19010601,XBTUSD,3801,743773,3801.5,162680,3801.25,3801.5
9587344,2019-01-06T01:00:13.003Z,19010601,XBTUSD,3801,734974,3801.5,162650,3801.25,3801.5
9587368,2019-01-06T01:00:14.117Z,19010601,XBTUSD,3801,732467,3801.5,162650,3801.25,3801.5
9587387,2019-01-06T01:00:15.584Z,19010601,XBTUSD,3801,731815,3801.5,165476,3801.25,3801.5
9587404,2019-01-06T01:00:15.683Z,19010601,XBTUSD,3801,719345,3801.5,160376,3801.25,3801.5
9587415,2019-01-06T01:00:16.623Z,19010601,XBTUSD,3801,717690,3801.5,153697,3801.25,3801.5
9587469,2019-01-06T01:00:17.691Z,19010601,XBTUSD,3801,726034,3801.5,139497,3801.25,3801.5
9587489,2019-01-06T01:00:18.146Z,19010601,XBTUSD,3801,724533,3801.5,140632,3801.25,3801.5
9587498,2019-01-06T01:00:18.510Z,19010601,XBTUSD,3801,725496,3801.5,134632,3801.25,3801.5
9587540,2019-01-06T01:00:19.660Z,19010601,XBTUSD,3801,724350,3801.5,134632,3801.25,3801.5
9587171,2019-01-06T01:00:03.387Z,19010601,XBTUSD,3801,687357,3801.5,189895,3801.25,3801.5
9587192,2019-01-06T01:00:04.362Z,19010601,XBTUSD,3801,706075,3801.5,185929,3801.25,3801.5
9587220,2019-01-06T01:00:05.766Z,19010601,XBTUSD,3801,713807,3801.5,179996,3801.25,3801.5
9587261,2019-01-06T01:00:07.100Z,19010601,XBTUSD,3801,713828,3801.5,180185,3801.25,3801.5
9587290,2019-01-06T01:00:09.457Z,19010601,XBTUSD,3801,721697,3801.5,174045,3801.25,3801.5
9587322,2019-01-06T01:00:10.596Z,19010601,XBTUSD,3801,741717,3801.5,162680,3801.25,3801.5
9587371,2019-01-06T01:00:14.508Z,19010601,XBTUSD,3801,732312,3801.5,162650,3801.25,3801.5
9587409,2019-01-06T01:00:16.249Z,19010601,XBTUSD,3801,718469,3801.5,160146,3801.25,3801.5
9587421,2019-01-06T01:00:17.073Z,19010601,XBTUSD,3801,721191,3801.5,143697,3801.25,3801.5
9587476,2019-01-06T01:00:18.034Z,19010601,XBTUSD,3801,724533,3801.5,136632,3801.25,3801.5
9587488,2019-01-06T01:00:18.131Z,19010601,XBTUSD,3801,724533,3801.5,139632,3801.25,3801.5
9587556,2019-01-06T01:00:20.769Z,19010601,XBTUSD,3801,715675,3801.5,134684,3801.25,3801.5
9587562,2019-01-06T01:00:20.843Z,19010601,XBTUSD,3801,716861,3801.5,134814,3801.25,3801.5
9587572,2019-01-06T01:00:21.599Z,19010601,XBTUSD,3801,735334,3801.5,134504,3801.25,3801.5
9587581,2019-01-06T01:00:22.030Z,19010601,XBTUSD,3801,723334,3801.5,126583,3801.25,3801.5
9587625,2019-01-06T01:00:22.454Z,19010601,XBTUSD,3801,732762,3801.5,121583,3801.25,3801.5
9587174,2019-01-06T01:00:03.424Z,19010601,XBTUSD,3801,688334,3801.5,189945,3801.25,3801.5
9587185,2019-01-06T01:00:04.042Z,19010601,XBTUSD,3801,683512,3801.5,189548,3801.25,3801.5
9587195,2019-01-06T01:00:04.468Z,19010601,XBTUSD,3801,706103,3801.5,185980,3801.25,3801.5
9587217,2019-01-06T01:00:05.426Z,19010601,XBTUSD,3801,712305,3801.5,180443,3801.25,3801.5
9587294,2019-01-06T01:00:09.871Z,19010601,XBTUSD,3801,721697,3801.5,171582,3801.25,3801.5
9587321,2019-01-06T01:00:10.500Z,19010601,XBTUSD,3801,741707,3801.5,162680,3801.25,3801.5
9587335,2019-01-06T01:00:11.691Z,19010601,XBTUSD,3801,736971,3801.5,162650,3801.25,3801.5
9587342,2019-01-06T01:00:12.171Z,19010601,XBTUSD,3801,733971,3801.5,162650,3801.25,3801.5
9587372,2019-01-06T01:00:14.589Z,19010601,XBTUSD,3801,732813,3801.5,162650,3801.25,3801.5
9587407,2019-01-06T01:00:16.105Z,19010601,XBTUSD,3801,719971,3801.5,160146,3801.25,3801.5
9587418,2019-01-06T01:00:16.756Z,19010601,XBTUSD,3801,721191,3801.5,153697,3801.25,3801.5
9587464,2019-01-06T01:00:17.270Z,19010601,XBTUSD,3801,721692,3801.5,143697,3801.25,3801.5
9587474,2019-01-06T01:00:17.955Z,19010601,XBTUSD,3801,725533,3801.5,134632,3801.25,3801.5
9587490,2019-01-06T01:00:18.258Z,19010601,XBTUSD,3801,724493,3801.5,140632,3801.25,3801.5
9587538,2019-01-06T01:00:19.608Z,19010601,XBTUSD,3801,724958,3801.5,134632,3801.25,3801.5
9587560,2019-01-06T01:00:20.816Z,19010601,XBTUSD,3801,715861,3801.5,134634,3801.25,3801.5
9587571,2019-01-06T01:00:21.238Z,19010601,XBTUSD,3801,733330,3801.5,134504,3801.25,3801.5
9587621,2019-01-06T01:00:22.162Z,19010601,XBTUSD,3801,734762,3801.5,126583,3801.25,3801.5
9587178,2019-01-06T01:00:03.631Z,19010601,XBTUSD,3801,684096,3801.5,189482,3801.25,3801.5
9587184,2019-01-06T01:00:03.731Z,19010601,XBTUSD,3801,683512,3801.5,189482,3801.25,3801.5
9587194,2019-01-06T01:00:04.465Z,19010601,XBTUSD,3801,706053,3801.5,185930,3801.25,3801.5
9587196,2019-01-06T01:00:04.881Z,19010601,XBTUSD,3801,712303,3801.5,185980,3801.25,3801.5
9587214,2019-01-06T01:00:05.355Z,19010601,XBTUSD,3801,712305,3801.5,184443,3801.25,3801.5
9587257,2019-01-06T01:00:07.001Z,19010601,XBTUSD,3801,713807,3801.5,176185,3801.25,3801.5
9587280,2019-01-06T01:00:08.504Z,19010601,XBTUSD,3801,715436,3801.5,176045,3801.25,3801.5
9587291,2019-01-06T01:00:09.499Z,19010601,XBTUSD,3801,721697,3801.5,172045,3801.25,3801.5
9587299,2019-01-06T01:00:09.980Z,19010601,XBTUSD,3801,740204,3801.5,176582,3801.25,3801.5
9587320,2019-01-06T01:00:10.473Z,19010601,XBTUSD,3801,740204,3801.5,162680,3801.25,3801.5
9587337,2019-01-06T01:00:12.037Z,19010601,XBTUSD,3801,734972,3801.5,162650,3801.25,3801.5
9587389,2019-01-06T01:00:15.615Z,19010601,XBTUSD,3801,731716,3801.5,165376,3801.25,3801.5
9587403,2019-01-06T01:00:15.676Z,19010601,XBTUSD,3801,719345,3801.5,165376,3801.25,3801.5
9587414,2019-01-06T01:00:16.560Z,19010601,XBTUSD,3801,718469,3801.5,153697,3801.25,3801.5
9587467,2019-01-06T01:00:17.358Z,19010601,XBTUSD,3801,721734,3801.5,143697,3801.25,3801.5
9587497,2019-01-06T01:00:18.497Z,19010601,XBTUSD,3801,725495,3801.5,134632,3801.25,3801.5
9587499,2019-01-06T01:00:18.602Z,19010601,XBTUSD,3801,724996,3801.5,134632,3801.25,3801.5
9587536,2019-01-06T01:00:19.487Z,19010601,XBTUSD,3801,724956,3801.5,134632,3801.25,3801.5
9587563,2019-01-06T01:00:20.850Z,19010601,XBTUSD,3801,716861,3801.5,134760,3801.25,3801.5
9587574,2019-01-06T01:00:21.721Z,19010601,XBTUSD,3801,720334,3801.5,136504,3801.25,3801.5
9587629,2019-01-06T01:00:22.614Z,19010601,XBTUSD,3801,752790,3801.5,120583,3801.25,3801.5
9587666,2019-01-06T01:00:23.810Z,19010601,XBTUSD,3801,754479,3801.5,124757,3801.25,3801.5
9587680,2019-01-06T01:00:24.416Z,19010601,XBTUSD,3801,788078,3801.5,125757,3801.25,3801.5
9587697,2019-01-06T01:00:25.644Z,19010601,XBTUSD,3801,803394,3801.5,125534,3801.25,3801.5
9587722,2019-01-06T01:00:26.904Z,19010601,XBTUSD,3801,795502,3801.5,123636,3801.25,3801.5
9587746,2019-01-06T01:00:28.071Z,19010601,XBTUSD,3801,779925,3801.5,118607,3801.25,3801.5
9587760,2019-01-06T01:00:28.835Z,19010601,XBTUSD,3801,782515,3801.5,118607,3801.25,3801.5
9587775,2019-01-06T01:00:29.400Z,19010601,XBTUSD,3801,763727,3801.5,118607,3801.25,3801.5
9587789,2019-01-06T01:00:29.945Z,19010601,XBTUSD,3801,787386,3801.5,107857,3801.25,3801.5
9587819,2019-01-06T01:00:31.010Z,19010601,XBTUSD,3801,766198,3801.5,102048,3801.25,3801.5
9587827,2019-01-06T01:00:31.445Z,19010601,XBTUSD,3801,737291,3801.5,97411,3801.25,3801.5
9587872,2019-01-06T01:00:32.972Z,19010601,XBTUSD,3801,715358,3801.5,84901,3801.25,3801.5
9587260,2019-01-06T01:00:07.089Z,19010601,XBTUSD,3801,713808,3801.5,180185,3801.25,3801.5
9587292,2019-01-06T01:00:09.502Z,19010601,XBTUSD,3801,721697,3801.5,171582,3801.25,3801.5
9587363,2019-01-06T01:00:14.069Z,19010601,XBTUSD,3801,732466,3801.5,162650,3801.25,3801.5
9587369,2019-01-06T01:00:14.446Z,19010601,XBTUSD,3801,732477,3801.5,162650,3801.25,3801.5
9587405,2019-01-06T01:00:15.686Z,19010601,XBTUSD,3801,719345,3801.5,160146,3801.25,3801.5
9587412,2019-01-06T01:00:16.456Z,19010601,XBTUSD,3801,718469,3801.5,156697,3801.25,3801.5
9587465,2019-01-06T01:00:17.272Z,19010601,XBTUSD,3801,721693,3801.5,143697,3801.25,3801.5
9587473,2019-01-06T01:00:17.945Z,19010601,XBTUSD,3801,725533,3801.5,139613,3801.25,3801.5
9587492,2019-01-06T01:00:18.330Z,19010601,XBTUSD,3801,724994,3801.5,140632,3801.25,3801.5
9587537,2019-01-06T01:00:19.504Z,19010601,XBTUSD,3801,724957,3801.5,134632,3801.25,3801.5
9587544,2019-01-06T01:00:20.719Z,19010601,XBTUSD,3801,716290,3801.5,134684,3801.25,3801.5
9587559,2019-01-06T01:00:20.812Z,19010601,XBTUSD,3801,715695,3801.5,134634,3801.25,3801.5
9587568,2019-01-06T01:00:21.063Z,19010601,XBTUSD,3801,733159,3801.5,134504,3801.25,3801.5
9587578,2019-01-06T01:00:21.888Z,19010601,XBTUSD,3801,723334,3801.5,139071,3801.25,3801.5
9587626,2019-01-06T01:00:22.464Z,19010601,XBTUSD,3801,733387,3801.5,121583,3801.25,3801.5
9587655,2019-01-06T01:00:23.143Z,19010601,XBTUSD,3801,747609,3801.5,120016,3801.25,3801.5
9587715,2019-01-06T01:00:25.938Z,19010601,XBTUSD,3801,795336,3801.5,123279,3801.25,3801.5
9587740,2019-01-06T01:00:27.532Z,19010601,XBTUSD,3801,802517,3801.5,123636,3801.25,3801.5
9587758,2019-01-06T01:00:28.804Z,19010601,XBTUSD,3801,782538,3801.5,118607,3801.25,3801.5
9587774,2019-01-06T01:00:29.169Z,19010601,XBTUSD,3801,763102,3801.5,118607,3801.25,3801.5
9587814,2019-01-06T01:00:30.935Z,19010601,XBTUSD,3801,768872,3801.5,102048,3801.25,3801.5
9587824,2019-01-06T01:00:31.241Z,19010601,XBTUSD,3801,739291,3801.5,97108,3801.25,3801.5
9587834,2019-01-06T01:00:31.748Z,19010601,XBTUSD,3801,738096,3801.5,85476,3801.25,3801.5
9587838,2019-01-06T01:00:31.955Z,19010601,XBTUSD,3801,739000,3801.5,85476,3801.25,3801.5
9587864,2019-01-06T01:00:32.313Z,19010601,XBTUSD,3801,737138,3801.5,85175,3801.25,3801.5
9587922,2019-01-06T01:00:35.715Z,19010601,XBTUSD,3801,724831,3801.5,93324,3801.25,3801.5
9587976,2019-01-06T01:00:38.927Z,19010601,XBTUSD,3801,760781,3801.5,93328,3801.25,3801.5
9587334,2019-01-06T01:00:11.611Z,19010601,XBTUSD,3801,742971,3801.5,162650,3801.25,3801.5
9587402,2019-01-06T01:00:15.661Z,19010601,XBTUSD,3801,717341,3801.5,165376,3801.25,3801.5
9587413,2019-01-06T01:00:16.471Z,19010601,XBTUSD,3801,718469,3801.5,155697,3801.25,3801.5
9587420,2019-01-06T01:00:16.868Z,19010601,XBTUSD,3801,721086,3801.5,143697,3801.25,3801.5
9587472,2019-01-06T01:00:17.904Z,19010601,XBTUSD,3801,725533,3801.5,139663,3801.25,3801.5
9587495,2019-01-06T01:00:18.481Z,19010601,XBTUSD,3801,725495,3801.5,136632,3801.25,3801.5
9587501,2019-01-06T01:00:18.858Z,19010601,XBTUSD,3801,726036,3801.5,134632,3801.25,3801.5
9587561,2019-01-06T01:00:20.836Z,19010601,XBTUSD,3801,715861,3801.5,134814,3801.25,3801.5
9587573,2019-01-06T01:00:21.670Z,19010601,XBTUSD,3801,720334,3801.5,134504,3801.25,3801.5
9587623,2019-01-06T01:00:22.397Z,19010601,XBTUSD,3801,734762,3801.5,123583,3801.25,3801.5
9587633,2019-01-06T01:00:22.947Z,19010601,XBTUSD,3801,753794,3801.5,120016,3801.25,3801.5
9587662,2019-01-06T01:00:23.740Z,19010601,XBTUSD,3801,753415,3801.5,123757,3801.25,3801.5
9587678,2019-01-06T01:00:24.372Z,19010601,XBTUSD,3801,781064,3801.5,125757,3801.25,3801.5
9587718,2019-01-06T01:00:26.234Z,19010601,XBTUSD,3801,795338,3801.5,123659,3801.25,3801.5
9587745,2019-01-06T01:00:28.018Z,19010601,XBTUSD,3801,781929,3801.5,118607,3801.25,3801.5
9587772,2019-01-06T01:00:29.152Z,19010601,XBTUSD,3801,767098,3801.5,118607,3801.25,3801.5
9587782,2019-01-06T01:00:29.566Z,19010601,XBTUSD,3801,778853,3801.5,109002,3801.25,3801.5
9587813,2019-01-06T01:00:30.925Z,19010601,XBTUSD,3801,768872,3801.5,103248,3801.25,3801.5
9587823,2019-01-06T01:00:31.092Z,19010601,XBTUSD,3801,739291,3801.5,102108,3801.25,3801.5
9587831,2019-01-06T01:00:31.556Z,19010601,XBTUSD,3801,736031,3801.5,97411,3801.25,3801.5
9587869,2019-01-06T01:00:32.849Z,19010601,XBTUSD,3801,717361,3801.5,85155,3801.25,3801.5
9587882,2019-01-06T01:00:33.453Z,19010601,XBTUSD,3801,715562,3801.5,95502,3801.25,3801.5
9587909,2019-01-06T01:00:34.306Z,19010601,XBTUSD,3801,719563,3801.5,95404,3801.25,3801.5
9587930,2019-01-06T01:00:35.909Z,19010601,XBTUSD,3801,724831,3801.5,93325,3801.25,3801.5
9587966,2019-01-06T01:00:38.085Z,19010601,XBTUSD,3801,762749,3801.5,93327,3801.25,3801.5
9587972,2019-01-06T01:00:38.333Z,19010601,XBTUSD,3801,764878,3801.5,93327,3801.25,3801.5
9588001,2019-01-06T01:00:40.876Z,19010601,XBTUSD,3801,758914,3801.5,93281,3801.25,3801.5
9588039,2019-01-06T01:00:43.203Z,19010601,XBTUSD,3801,810913,3801.5,93236,3801.25,3801.5
9588043,2019-01-06T01:00:43.808Z,19010601,XBTUSD,3801,812918,3801.5,92857,3801.25,3801.5
9588085,2019-01-06T01:00:48.330Z,19010601,XBTUSD,3801,805907,3801.5,92700,3801.25,3801.5
9588095,2019-01-06T01:00:48.606Z,19010601,XBTUSD,3801,811669,3801.5,83820,3801.25,3801.5
9587332,2019-01-06T01:00:11.431Z,19010601,XBTUSD,3801,743773,3801.5,162650,3801.25,3801.5
9587343,2019-01-06T01:00:12.446Z,19010601,XBTUSD,3801,734973,3801.5,162650,3801.25,3801.5
9587361,2019-01-06T01:00:13.218Z,19010601,XBTUSD,3801,734975,3801.5,162650,3801.25,3801.5
9587373,2019-01-06T01:00:14.866Z,19010601,XBTUSD,3801,732813,3801.5,161276,3801.25,3801.5
9587411,2019-01-06T01:00:16.449Z,19010601,XBTUSD,3801,718469,3801.5,158697,3801.25,3801.5
9587470,2019-01-06T01:00:17.693Z,19010601,XBTUSD,3801,726034,3801.5,139490,3801.25,3801.5
9587477,2019-01-06T01:00:18.039Z,19010601,XBTUSD,3801,724533,3801.5,138632,3801.25,3801.5
9587496,2019-01-06T01:00:18.482Z,19010601,XBTUSD,3801,725495,3801.5,135632,3801.25,3801.5
9587543,2019-01-06T01:00:20.710Z,19010601,XBTUSD,3801,716250,3801.5,134684,3801.25,3801.5
9587566,2019-01-06T01:00:20.884Z,19010601,XBTUSD,3801,734662,3801.5,134760,3801.25,3801.5
9587576,2019-01-06T01:00:21.742Z,19010601,XBTUSD,3801,721334,3801.5,138504,3801.25,3801.5
9587627,2019-01-06T01:00:22.468Z,19010601,XBTUSD,3801,744790,3801.5,121583,3801.25,3801.5
9587656,2019-01-06T01:00:23.174Z,19010601,XBTUSD,3801,747609,3801.5,119757,3801.25,3801.5
9587665,2019-01-06T01:00:23.760Z,19010601,XBTUSD,3801,754478,3801.5,124757,3801.25,3801.5
9587681,2019-01-06T01:00:24.574Z,19010601,XBTUSD,3801,788188,3801.5,125757,3801.25,3801.5
9587696,2019-01-06T01:00:25.558Z,19010601,XBTUSD,3801,803394,3801.5,125757,3801.25,3801.5
9587716,2019-01-06T01:00:26.105Z,19010601,XBTUSD,3801,795337,3801.5,123279,3801.25,3801.5
9587747,2019-01-06T01:00:28.072Z,19010601,XBTUSD,3801,779424,3801.5,118607,3801.25,3801.5
9587756,2019-01-06T01:00:28.614Z,19010601,XBTUSD,3801,783162,3801.5,118607,3801.25,3801.5
9587773,2019-01-06T01:00:29.156Z,19010601,XBTUSD,3801,763090,3801.5,118607,3801.25,3801.5
9587788,2019-01-06T01:00:29.904Z,19010601,XBTUSD,3801,787386,3801.5,109002,3801.25,3801.5
9587812,2019-01-06T01:00:30.900Z,19010601,XBTUSD,3801,785392,3801.5,103248,3801.25,3801.5
9587821,2019-01-06T01:00:31.037Z,19010601,XBTUSD,3801,739291,3801.5,102048,3801.25,3801.5
9587825,2019-01-06T01:00:31.243Z,19010601,XBTUSD,3801,739291,3801.5,97158,3801.25,3801.5
9587835,2019-01-06T01:00:31.836Z,19010601,XBTUSD,3801,734088,3801.5,85476,3801.25,3801.5
9587862,2019-01-06T01:00:32.211Z,19010601,XBTUSD,3801,737000,3801.5,85428,3801.25,3801.5
9587867,2019-01-06T01:00:32.410Z,19010601,XBTUSD,3801,742150,3801.5,85155,3801.25,3801.5
9587884,2019-01-06T01:00:33.631Z,19010601,XBTUSD,3801,717562,3801.5,95402,3801.25,3801.5
9587907,2019-01-06T01:00:34.241Z,19010601,XBTUSD,3801,719562,3801.5,95403,3801.25,3801.5
9587933,2019-01-06T01:00:36.073Z,19010601,XBTUSD,3801,772767,3801.5,93325,3801.25,3801.5
9587962,2019-01-06T01:00:37.419Z,19010601,XBTUSD,3801,770496,3801.5,93326,3801.25,3801.5
9587964,2019-01-06T01:00:37.922Z,19010601,XBTUSD,3801,762854,3801.5,93326,3801.25,3801.5
9587975,2019-01-06T01:00:38.703Z,19010601,XBTUSD,3801,764789,3801.5,93328,3801.25,3801.5
9588063,2019-01-06T01:00:44.806Z,19010601,XBTUSD,3801,805916,3801.5,92858,3801.25,3801.5
9588080,2019-01-06T01:00:48.236Z,19010601,XBTUSD,3801,812420,3801.5,92849,3801.25,3801.5
9588091,2019-01-06T01:00:48.518Z,19010601,XBTUSD,3801,814671,3801.5,92620,3801.25,3801.5
9588101,2019-01-06T01:00:48.820Z,19010601,XBTUSD,3801,810668,3801.5,87822,3801.25,3801.5
9587341,2019-01-06T01:00:12.124Z,19010601,XBTUSD,3801,733970,3801.5,162650,3801.25,3801.5
9587362,2019-01-06T01:00:13.968Z,19010601,XBTUSD,3801,734971,3801.5,162650,3801.25,3801.5
9587374,2019-01-06T01:00:14.888Z,19010601,XBTUSD,3801,730813,3801.5,165476,3801.25,3801.5
9587388,2019-01-06T01:00:15.592Z,19010601,XBTUSD,3801,731816,3801.5,165476,3801.25,3801.5
9587406,2019-01-06T01:00:16.078Z,19010601,XBTUSD,3801,719970,3801.5,160146,3801.25,3801.5
9587416,2019-01-06T01:00:16.735Z,19010601,XBTUSD,3801,718191,3801.5,153697,3801.25,3801.5
9587419,2019-01-06T01:00:16.763Z,19010601,XBTUSD,3801,721191,3801.5,143697,3801.25,3801.5
9587466,2019-01-06T01:00:17.315Z,19010601,XBTUSD,3801,721733,3801.5,143697,3801.25,3801.5
9587475,2019-01-06T01:00:18.018Z,19010601,XBTUSD,3801,724533,3801.5,134632,3801.25,3801.5
9587491,2019-01-06T01:00:18.280Z,19010601,XBTUSD,3801,724993,3801.5,140632,3801.25,3801.5
9587503,2019-01-06T01:00:19.002Z,19010601,XBTUSD,3801,724996,3801.5,134632,3801.25,3801.5
9587541,2019-01-06T01:00:19.664Z,19010601,XBTUSD,3801,724350,3801.5,134684,3801.25,3801.5
9587564,2019-01-06T01:00:20.856Z,19010601,XBTUSD,3801,731861,3801.5,134760,3801.25,3801.5
9587570,2019-01-06T01:00:21.234Z,19010601,XBTUSD,3801,733329,3801.5,134504,3801.25,3801.5
9587580,2019-01-06T01:00:22.010Z,19010601,XBTUSD,3801,723334,3801.5,125583,3801.25,3801.5
9587624,2019-01-06T01:00:22.416Z,19010601,XBTUSD,3801,734762,3801.5,121583,3801.25,3801.5
9587628,2019-01-06T01:00:22.496Z,19010601,XBTUSD,3801,744790,3801.5,120583,3801.25,3801.5
9587657,2019-01-06T01:00:23.301Z,19010601,XBTUSD,3801,749609,3801.5,119757,3801.25,3801.5
9587667,2019-01-06T01:00:23.830Z,19010601,XBTUSD,3801,754479,3801.5,125757,3801.25,3801.5
9587719,2019-01-06T01:00:26.513Z,19010601,XBTUSD,3801,795839,3801.5,123659,3801.25,3801.5
9587739,2019-01-06T01:00:27.232Z,19010601,XBTUSD,3801,803519,3801.5,123636,3801.25,3801.5
9587755,2019-01-06T01:00:28.406Z,19010601,XBTUSD,3801,779154,3801.5,118607,3801.25,3801.5
9587776,2019-01-06T01:00:29.401Z,19010601,XBTUSD,3801,764352,3801.5,118607,3801.25,3801.5
9587787,2019-01-06T01:00:29.842Z,19010601,XBTUSD,3801,787385,3801.5,109002,3801.25,3801.5
9587810,2019-01-06T01:00:30.877Z,19010601,XBTUSD,3801,785382,3801.5,107858,3801.25,3801.5
9587818,2019-01-06T01:00:30.972Z,19010601,XBTUSD,3801,766197,3801.5,102048,3801.25,3801.5
9587826,2019-01-06T01:00:31.249Z,19010601,XBTUSD,3801,737291,3801.5,97158,3801.25,3801.5
9587836,2019-01-06T01:00:31.863Z,19010601,XBTUSD,3801,741690,3801.5,85476,3801.25,3801.5
9587865,2019-01-06T01:00:32.341Z,19010601,XBTUSD,3801,736138,3801.5,85175,3801.25,3801.5
9587880,2019-01-06T01:00:33.148Z,19010601,XBTUSD,3801,715358,3801.5,84902,3801.25,3801.5
9587921,2019-01-06T01:00:35.666Z,19010601,XBTUSD,3801,726618,3801.5,93324,3801.25,3801.5
9587961,2019-01-06T01:00:37.389Z,19010601,XBTUSD,3801,770496,3801.5,93325,3801.25,3801.5
9587970,2019-01-06T01:00:38.255Z,19010601,XBTUSD,3801,762769,3801.5,93327,3801.25,3801.5
9587997,2019-01-06T01:00:40.009Z,19010601,XBTUSD,3801,756981,3801.5,93380,3801.25,3801.5
9587999,2019-01-06T01:00:40.450Z,19010601,XBTUSD,3801,758985,3801.5,93280,3801.25,3801.5
9588009,2019-01-06T01:00:41.206Z,19010601,XBTUSD,3801,808915,3801.5,93281,3801.25,3801.5
9588087,2019-01-06T01:00:48.453Z,19010601,XBTUSD,3801,814707,3801.5,92700,3801.25,3801.5
9588097,2019-01-06T01:00:48.646Z,19010601,XBTUSD,3801,811669,3801.5,87821,3801.25,3801.5
9587408,2019-01-06T01:00:16.246Z,19010601,XBTUSD,3801,719972,3801.5,160146,3801.25,3801.5
9587417,2019-01-06T01:00:16.754Z,19010601,XBTUSD,3801,720191,3801.5,153697,3801.25,3801.5
9587468,2019-01-06T01:00:17.519Z,19010601,XBTUSD,3801,725534,3801.5,139497,3801.25,3801.5
9587494,2019-01-06T01:00:18.476Z,19010601,XBTUSD,3801,725495,3801.5,138632,3801.25,3801.5
9587502,2019-01-06T01:00:18.866Z,19010601,XBTUSD,3801,725036,3801.5,134632,3801.25,3801.5
9587539,2019-01-06T01:00:19.641Z,19010601,XBTUSD,3801,724975,3801.5,134632,3801.25,3801.5
9587565,2019-01-06T01:00:20.860Z,19010601,XBTUSD,3801,735662,3801.5,134760,3801.25,3801.5
9587575,2019-01-06T01:00:21.730Z,19010601,XBTUSD,3801,720334,3801.5,138504,3801.25,3801.5
9587632,2019-01-06T01:00:22.671Z,19010601,XBTUSD,3801,753794,3801.5,120583,3801.25,3801.5
9587658,2019-01-06T01:00:23.537Z,19010601,XBTUSD,3801,759609,3801.5,119757,3801.25,3801.5
9587663,2019-01-06T01:00:23.751Z,19010601,XBTUSD,3801,755480,3801.5,123757,3801.25,3801.5
9587682,2019-01-06T01:00:25.017Z,19010601,XBTUSD,3801,803392,3801.5,125757,3801.25,3801.5
9587699,2019-01-06T01:00:25.775Z,19010601,XBTUSD,3801,803228,3801.5,125279,3801.25,3801.5
9587720,2019-01-06T01:00:26.602Z,19010601,XBTUSD,3801,795839,3801.5,123636,3801.25,3801.5
9587744,2019-01-06T01:00:28.000Z,19010601,XBTUSD,3801,781929,3801.5,118636,3801.25,3801.5
9587761,2019-01-06T01:00:28.958Z,19010601,XBTUSD,3801,749515,3801.5,118607,3801.25,3801.5
9587780,2019-01-06T01:00:29.548Z,19010601,XBTUSD,3801,757053,3801.5,115002,3801.25,3801.5
9587816,2019-01-06T01:00:30.960Z,19010601,XBTUSD,3801,774677,3801.5,102048,3801.25,3801.5
9587832,2019-01-06T01:00:31.605Z,19010601,XBTUSD,3801,736031,3801.5,85436,3801.25,3801.5
9587861,2019-01-06T01:00:32.205Z,19010601,XBTUSD,3801,737000,3801.5,85476,3801.25,3801.5
9587868,2019-01-06T01:00:32.828Z,19010601,XBTUSD,3801,744215,3801.5,85155,3801.25,3801.5
9587881,2019-01-06T01:00:33.255Z,19010601,XBTUSD,3801,713558,3801.5,95502,3801.25,3801.5
9587910,2019-01-06T01:00:34.732Z,19010601,XBTUSD,3801,719563,3801.5,95323,3801.25,3801.5
9587932,2019-01-06T01:00:36.062Z,19010601,XBTUSD,3801,772766,3801.5,93325,3801.25,3801.5
9587971,2019-01-06T01:00:38.288Z,19010601,XBTUSD,3801,762874,3801.5,93327,3801.25,3801.5
9587995,2019-01-06T01:00:39.902Z,19010601,XBTUSD,3801,756980,3801.5,93409,3801.25,3801.5
9588026,2019-01-06T01:00:42.502Z,19010601,XBTUSD,3801,809115,3801.5,93235,3801.25,3801.5
9588041,2019-01-06T01:00:43.608Z,19010601,XBTUSD,3801,810914,3801.5,92856,3801.25,3801.5
9588060,2019-01-06T01:00:44.294Z,19010601,XBTUSD,3801,809912,3801.5,92857,3801.25,3801.5
9588066,2019-01-06T01:00:45.005Z,19010601,XBTUSD,3801,805907,3801.5,92849,3801.25,3801.5
9588081,2019-01-06T01:00:48.250Z,19010601,XBTUSD,3801,812420,3801.5,92700,3801.25,3801.5
9588090,2019-01-06T01:00:48.493Z,19010601,XBTUSD,3801,812667,3801.5,92620,3801.25,3801.5
9588098,2019-01-06T01:00:48.650Z,19010601,XBTUSD,3801,811670,3801.5,87821,3801.25,3801.5
9588169,2019-01-06T01:00:49.531Z,19010601,XBTUSD,3801,808669,3801.5,122903,3801.25,3801.5
9588174,2019-01-06T01:00:49.858Z,19010601,XBTUSD,3801,885650,3801.5,124903,3801.25,3801.5
9587555,2019-01-06T01:00:20.759Z,19010601,XBTUSD,3801,715665,3801.5,134684,3801.25,3801.5
9587558,2019-01-06T01:00:20.789Z,19010601,XBTUSD,3801,715685,3801.5,134634,3801.25,3801.5
9587569,2019-01-06T01:00:21.065Z,19010601,XBTUSD,3801,733328,3801.5,134504,3801.25,3801.5
9587579,2019-01-06T01:00:21.940Z,19010601,XBTUSD,3801,723334,3801.5,124583,3801.25,3801.5
9587620,2019-01-06T01:00:22.134Z,19010601,XBTUSD,3801,734722,3801.5,126583,3801.25,3801.5
9587634,2019-01-06T01:00:23.011Z,19010601,XBTUSD,3801,753804,3801.5,120016,3801.25,3801.5
9587659,2019-01-06T01:00:23.576Z,19010601,XBTUSD,3801,759609,3801.5,121757,3801.25,3801.5
9587701,2019-01-06T01:00:25.834Z,19010601,XBTUSD,3801,803853,3801.5,123279,3801.25,3801.5
9587717,2019-01-06T01:00:26.205Z,19010601,XBTUSD,3801,795338,3801.5,123279,3801.25,3801.5
9587741,2019-01-06T01:00:27.543Z,19010601,XBTUSD,3801,800513,3801.5,123636,3801.25,3801.5
9587759,2019-01-06T01:00:28.808Z,19010601,XBTUSD,3801,782498,3801.5,118607,3801.25,3801.5
9587781,2019-01-06T01:00:29.550Z,19010601,XBTUSD,3801,777053,3801.5,115002,3801.25,3801.5
9587786,2019-01-06T01:00:29.764Z,19010601,XBTUSD,3801,787345,3801.5,109002,3801.25,3801.5
9587822,2019-01-06T01:00:31.057Z,19010601,XBTUSD,3801,739291,3801.5,102078,3801.25,3801.5
9587833,2019-01-06T01:00:31.666Z,19010601,XBTUSD,3801,736031,3801.5,85476,3801.25,3801.5
9587837,2019-01-06T01:00:31.937Z,19010601,XBTUSD,3801,739625,3801.5,85476,3801.25,3801.5
9587863,2019-01-06T01:00:32.255Z,19010601,XBTUSD,3801,737000,3801.5,85175,3801.25,3801.5
9587870,2019-01-06T01:00:32.907Z,19010601,XBTUSD,3801,717362,3801.5,85155,3801.25,3801.5
9587911,2019-01-06T01:00:34.804Z,19010601,XBTUSD,3801,719563,3801.5,95324,3801.25,3801.5
9587920,2019-01-06T01:00:35.662Z,19010601,XBTUSD,3801,711618,3801.5,93324,3801.25,3801.5
9587935,2019-01-06T01:00:36.675Z,19010601,XBTUSD,3801,771775,3801.5,93325,3801.25,3801.5
9587965,2019-01-06T01:00:38.008Z,19010601,XBTUSD,3801,762854,3801.5,93327,3801.25,3801.5
9587996,2019-01-06T01:00:39.906Z,19010601,XBTUSD,3801,756981,3801.5,93409,3801.25,3801.5
9587998,2019-01-06T01:00:40.316Z,19010601,XBTUSD,3801,756981,3801.5,93280,3801.25,3801.5
9588027,2019-01-06T01:00:42.505Z,19010601,XBTUSD,3801,809116,3801.5,93235,3801.25,3801.5
9588062,2019-01-06T01:00:44.411Z,19010601,XBTUSD,3801,805904,3801.5,92858,3801.25,3801.5
9588082,2019-01-06T01:00:48.285Z,19010601,XBTUSD,3801,812921,3801.5,92700,3801.25,3801.5
9588088,2019-01-06T01:00:48.462Z,19010601,XBTUSD,3801,812707,3801.5,92700,3801.25,3801.5
9588099,2019-01-06T01:00:48.751Z,19010601,XBTUSD,3801,813674,3801.5,87821,3801.25,3801.5
9588157,2019-01-06T01:00:49.434Z,19010601,XBTUSD,3801,808668,3801.5,86822,3801.25,3801.5
9588162,2019-01-06T01:00:49.499Z,19010601,XBTUSD,3801,808668,3801.5,100822,3801.25,3801.5
9588171,2019-01-06T01:00:49.692Z,19010601,XBTUSD,3801,809671,3801.5,122903,3801.25,3801.5
9588180,2019-01-06T01:00:50.546Z,19010601,XBTUSD,3801,886948,3801.5,123903,3801.25,3801.5
9588191,2019-01-06T01:00:51.164Z,19010601,XBTUSD,3801,914550,3801.5,12904,3801.25,3801.5
9588196,2019-01-06T01:00:51.203Z,19010601,XBTUSD,3801,943656,3801.5,8904,3801.25,3801.5
9588208,2019-01-06T01:00:51.797Z,19010601,XBTUSD,3801,956166,3801.5,8959,3801.25,3801.5
9588217,2019-01-06T01:00:52.061Z,19010601,XBTUSD,3801,944160,3802,33184,3801.5,3802
9588233,2019-01-06T01:00:52.109Z,19010601,XBTUSD,3801.5,46853,3802,33184,3801.75,3802
9588243,2019-01-06T01:00:52.140Z,19010601,XBTUSD,3801.5,178419,3802,33184,3801.75,3802
9588253,2019-01-06T01:00:52.187Z,19010601,XBTUSD,3801.5,239295,3802,33219,3801.75,3802
9588264,2019-01-06T01:00:52.230Z,19010601,XBTUSD,3801.5,298478,3802,33219,3801.75,3802
9588271,2019-01-06T01:00:52.265Z,19010601,XBTUSD,3801.5,337215,3802,34806,3801.75,3802
9588284,2019-01-06T01:00:52.772Z,19010601,XBTUSD,3801.5,362043,3802,37291,3801.75,3802
9588293,2019-01-06T01:00:53.048Z,19010601,XBTUSD,3801.5,410296,3802,33411,3801.75,3802
9588322,2019-01-06T01:00:53.316Z,19010601,XBTUSD,3801.5,486094,3802,33413,3801.75,3802
9588324,2019-01-06T01:00:53.377Z,19010601,XBTUSD,3801.5,487094,3802,37413,3801.75,3802
9588334,2019-01-06T01:00:53.500Z,19010601,XBTUSD,3803,289221,3803.5,94006,3803.25,3803.5
9588344,2019-01-06T01:00:53.539Z,19010601,XBTUSD,3803,408170,3803.5,94006,3803.25,3803.5
9588355,2019-01-06T01:00:53.568Z,19010601,XBTUSD,3803,696017,3803.5,133398,3803.25,3803.5
9587557,2019-01-06T01:00:20.774Z,19010601,XBTUSD,3801,715685,3801.5,134684,3801.25,3801.5
9587567,2019-01-06T01:00:20.900Z,19010601,XBTUSD,3801,734662,3801.5,134504,3801.25,3801.5
9587577,2019-01-06T01:00:21.798Z,19010601,XBTUSD,3801,723334,3801.5,138504,3801.25,3801.5
9587582,2019-01-06T01:00:22.081Z,19010601,XBTUSD,3801,735724,3801.5,126583,3801.25,3801.5
9587622,2019-01-06T01:00:22.324Z,19010601,XBTUSD,3801,734762,3801.5,124583,3801.25,3801.5
9587631,2019-01-06T01:00:22.624Z,19010601,XBTUSD,3801,752792,3801.5,120583,3801.25,3801.5
9587660,2019-01-06T01:00:23.578Z,19010601,XBTUSD,3801,759609,3801.5,123757,3801.25,3801.5
9587677,2019-01-06T01:00:24.219Z,19010601,XBTUSD,3801,773064,3801.5,125757,3801.25,3801.5
9587698,2019-01-06T01:00:25.650Z,19010601,XBTUSD,3801,803228,3801.5,125534,3801.25,3801.5
9587723,2019-01-06T01:00:27.002Z,19010601,XBTUSD,3801,797506,3801.5,123636,3801.25,3801.5
9587743,2019-01-06T01:00:27.730Z,19010601,XBTUSD,3801,800514,3801.5,118636,3801.25,3801.5
9587754,2019-01-06T01:00:28.323Z,19010601,XBTUSD,3801,779153,3801.5,118607,3801.25,3801.5
9587778,2019-01-06T01:00:29.524Z,19010601,XBTUSD,3801,758853,3801.5,113107,3801.25,3801.5
9587784,2019-01-06T01:00:29.687Z,19010601,XBTUSD,3801,781319,3801.5,109002,3801.25,3801.5
9587811,2019-01-06T01:00:30.891Z,19010601,XBTUSD,3801,785392,3801.5,107858,3801.25,3801.5
9587815,2019-01-06T01:00:30.949Z,19010601,XBTUSD,3801,770876,3801.5,102048,3801.25,3801.5
9587828,2019-01-06T01:00:31.448Z,19010601,XBTUSD,3801,736666,3801.5,97411,3801.25,3801.5
9587936,2019-01-06T01:00:36.827Z,19010601,XBTUSD,3801,770575,3801.5,93325,3801.25,3801.5
9587977,2019-01-06T01:00:38.957Z,19010601,XBTUSD,3801,760781,3801.5,93408,3801.25,3801.5
9587994,2019-01-06T01:00:39.833Z,19010601,XBTUSD,3801,756980,3801.5,93408,3801.25,3801.5
9588000,2019-01-06T01:00:40.756Z,19010601,XBTUSD,3801,758914,3801.5,93280,3801.25,3801.5
9588008,2019-01-06T01:00:41.169Z,19010601,XBTUSD,3801,808914,3801.5,93281,3801.25,3801.5
9588040,2019-01-06T01:00:43.586Z,19010601,XBTUSD,3801,810913,3801.5,92856,3801.25,3801.5
9588086,2019-01-06T01:00:48.434Z,19010601,XBTUSD,3801,804707,3801.5,92700,3801.25,3801.5
9588094,2019-01-06T01:00:48.576Z,19010601,XBTUSD,3801,811669,3801.5,92620,3801.25,3801.5
9588167,2019-01-06T01:00:49.513Z,19010601,XBTUSD,3801,808669,3801.5,119823,3801.25,3801.5
9588192,2019-01-06T01:00:51.174Z,19010601,XBTUSD,3801,914550,3801.5,11904,3801.25,3801.5
9588197,2019-01-06T01:00:51.205Z,19010601,XBTUSD,3801,953656,3801.5,8904,3801.25,3801.5
9588207,2019-01-06T01:00:51.706Z,19010601,XBTUSD,3801,956166,3801.5,8919,3801.25,3801.5
9588215,2019-01-06T01:00:51.948Z,19010601,XBTUSD,3801,943760,3801.5,9446,3801.25,3801.5
9588234,2019-01-06T01:00:52.114Z,19010601,XBTUSD,3801.5,61970,3802,33184,3801.75,3802
9588237,2019-01-06T01:00:52.122Z,19010601,XBTUSD,3801.5,108220,3802,33184,3801.75,3802
9588249,2019-01-06T01:00:52.161Z,19010601,XBTUSD,3801.5,212843,3802,33219,3801.75,3802
9588257,2019-01-06T01:00:52.199Z,19010601,XBTUSD,3801.5,267128,3802,33219,3801.75,3802
9588269,2019-01-06T01:00:52.253Z,19010601,XBTUSD,3801.5,328507,3802,33219,3801.75,3802
9588278,2019-01-06T01:00:52.499Z,19010601,XBTUSD,3801.5,338019,3802,37289,3801.75,3802
9588286,2019-01-06T01:00:52.814Z,19010601,XBTUSD,3801.5,368938,3802,37291,3801.75,3802
9588317,2019-01-06T01:00:53.194Z,19010601,XBTUSD,3801.5,393094,3802,33411,3801.75,3802
9588328,2019-01-06T01:00:53.482Z,19010601,XBTUSD,3803,217978,3803.5,94006,3803.25,3803.5
9588343,2019-01-06T01:00:53.538Z,19010601,XBTUSD,3803,374715,3803.5,94006,3803.25,3803.5
9588347,2019-01-06T01:00:53.546Z,19010601,XBTUSD,3803,475083,3803.5,133398,3803.25,3803.5
9588357,2019-01-06T01:00:53.571Z,19010601,XBTUSD,3803,706017,3803.5,182019,3803.25,3803.5
9587630,2019-01-06T01:00:22.621Z,19010601,XBTUSD,3801,752791,3801.5,120583,3801.25,3801.5
9587661,2019-01-06T01:00:23.617Z,19010601,XBTUSD,3801,753414,3801.5,123757,3801.25,3801.5
9587679,2019-01-06T01:00:24.384Z,19010601,XBTUSD,3801,782066,3801.5,125757,3801.25,3801.5
9587700,2019-01-06T01:00:25.785Z,19010601,XBTUSD,3801,803228,3801.5,123279,3801.25,3801.5
9587714,2019-01-06T01:00:25.924Z,19010601,XBTUSD,3801,801348,3801.5,123279,3801.25,3801.5
9587721,2019-01-06T01:00:26.672Z,19010601,XBTUSD,3801,795844,3801.5,123636,3801.25,3801.5
9587742,2019-01-06T01:00:27.725Z,19010601,XBTUSD,3801,800514,3801.5,123636,3801.25,3801.5
9587757,2019-01-06T01:00:28.686Z,19010601,XBTUSD,3801,782537,3801.5,118607,3801.25,3801.5
9587779,2019-01-06T01:00:29.542Z,19010601,XBTUSD,3801,758853,3801.5,109002,3801.25,3801.5
9587783,2019-01-06T01:00:29.604Z,19010601,XBTUSD,3801,778814,3801.5,109002,3801.25,3801.5
9587809,2019-01-06T01:00:30.863Z,19010601,XBTUSD,3801,787386,3801.5,107858,3801.25,3801.5
9587817,2019-01-06T01:00:30.967Z,19010601,XBTUSD,3801,770547,3801.5,102048,3801.25,3801.5
9587830,2019-01-06T01:00:31.479Z,19010601,XBTUSD,3801,736051,3801.5,97411,3801.25,3801.5
9587866,2019-01-06T01:00:32.391Z,19010601,XBTUSD,3801,742150,3801.5,85175,3801.25,3801.5
9587883,2019-01-06T01:00:33.598Z,19010601,XBTUSD,3801,717562,3801.5,95502,3801.25,3801.5
9587908,2019-01-06T01:00:34.304Z,19010601,XBTUSD,3801,719562,3801.5,95404,3801.25,3801.5
9587934,2019-01-06T01:00:36.525Z,19010601,XBTUSD,3801,767767,3801.5,93325,3801.25,3801.5
9587960,2019-01-06T01:00:37.247Z,19010601,XBTUSD,3801,770495,3801.5,93325,3801.25,3801.5
9588012,2019-01-06T01:00:41.833Z,19010601,XBTUSD,3801,808915,3801.5,93234,3801.25,3801.5
9588025,2019-01-06T01:00:42.400Z,19010601,XBTUSD,3801,809115,3801.5,93234,3801.25,3801.5
9588065,2019-01-06T01:00:44.903Z,19010601,XBTUSD,3801,805907,3801.5,92848,3801.25,3801.5
9588084,2019-01-06T01:00:48.326Z,19010601,XBTUSD,3801,803903,3801.5,92700,3801.25,3801.5
9588096,2019-01-06T01:00:48.634Z,19010601,XBTUSD,3801,811669,3801.5,87820,3801.25,3801.5
9588166,2019-01-06T01:00:49.510Z,19010601,XBTUSD,3801,808668,3801.5,119823,3801.25,3801.5
9588188,2019-01-06T01:00:51.103Z,19010601,XBTUSD,3801,894550,3801.5,23904,3801.25,3801.5
9588200,2019-01-06T01:00:51.315Z,19010601,XBTUSD,3801,953671,3801.5,8884,3801.25,3801.5
9588211,2019-01-06T01:00:51.849Z,19010601,XBTUSD,3801,942158,3801.5,9079,3801.25,3801.5
9588226,2019-01-06T01:00:52.080Z,19010601,XBTUSD,3801.5,12764,3802,33184,3801.75,3802
9588244,2019-01-06T01:00:52.142Z,19010601,XBTUSD,3801.5,182419,3802,33184,3801.75,3802
9588254,2019-01-06T01:00:52.191Z,19010601,XBTUSD,3801.5,259316,3802,33219,3801.75,3802
9588262,2019-01-06T01:00:52.224Z,19010601,XBTUSD,3801.5,288578,3802,33219,3801.75,3802
9588274,2019-01-06T01:00:52.319Z,19010601,XBTUSD,3801.5,337243,3802,34876,3801.75,3802
9588280,2019-01-06T01:00:52.605Z,19010601,XBTUSD,3801.5,338053,3802,37289,3801.75,3802
9588295,2019-01-06T01:00:53.082Z,19010601,XBTUSD,3801.5,395296,3802,33411,3801.75,3802
9588313,2019-01-06T01:00:53.089Z,19010601,XBTUSD,3801.5,375296,3802,33411,3801.75,3802
9588323,2019-01-06T01:00:53.346Z,19010601,XBTUSD,3801.5,486094,3802,37413,3801.75,3802
9588333,2019-01-06T01:00:53.496Z,19010601,XBTUSD,3803,274104,3803.5,94006,3803.25,3803.5
9588342,2019-01-06T01:00:53.532Z,19010601,XBTUSD,3803,341261,3803.5,94006,3803.25,3803.5
9588352,2019-01-06T01:00:53.561Z,19010601,XBTUSD,3803,595635,3803.5,133398,3803.25,3803.5
9588358,2019-01-06T01:00:53.573Z,19010601,XBTUSD,3803,739482,3803.5,182019,3803.25,3803.5
9588372,2019-01-06T01:00:53.756Z,19010601,XBTUSD,3803,797634,3803.5,195045,3803.25,3803.5
9588375,2019-01-06T01:00:53.780Z,19010601,XBTUSD,3803,730733,3803.5,195045,3803.25,3803.5
9588394,2019-01-06T01:00:53.844Z,19010601,XBTUSD,3803,406130,3803.5,201453,3803.25,3803.5
9588404,2019-01-06T01:00:53.962Z,19010601,XBTUSD,3803,414164,3803.5,201681,3803.25,3803.5
9588412,2019-01-06T01:00:54.126Z,19010601,XBTUSD,3803,411901,3803.5,202086,3803.25,3803.5
9588424,2019-01-06T01:00:54.688Z,19010601,XBTUSD,3803,415795,3803.5,202188,3803.25,3803.5
9588445,2019-01-06T01:00:54.820Z,19010601,XBTUSD,3803,415795,3803.5,202190,3803.25,3803.5
9587664,2019-01-06T01:00:23.753Z,19010601,XBTUSD,3801,754478,3801.5,123757,3801.25,3801.5
9587695,2019-01-06T01:00:25.556Z,19010601,XBTUSD,3801,803393,3801.5,125757,3801.25,3801.5
9587724,2019-01-06T01:00:27.006Z,19010601,XBTUSD,3801,803518,3801.5,123636,3801.25,3801.5
9587762,2019-01-06T01:00:29.064Z,19010601,XBTUSD,3801,768100,3801.5,118607,3801.25,3801.5
9587777,2019-01-06T01:00:29.513Z,19010601,XBTUSD,3801,764353,3801.5,118607,3801.25,3801.5
9587785,2019-01-06T01:00:29.689Z,19010601,XBTUSD,3801,787331,3801.5,109002,3801.25,3801.5
9587820,2019-01-06T01:00:31.012Z,19010601,XBTUSD,3801,739344,3801.5,102048,3801.25,3801.5
9587829,2019-01-06T01:00:31.452Z,19010601,XBTUSD,3801,736041,3801.5,97411,3801.25,3801.5
9587871,2019-01-06T01:00:32.911Z,19010601,XBTUSD,3801,715358,3801.5,85155,3801.25,3801.5
9587885,2019-01-06T01:00:33.708Z,19010601,XBTUSD,3801,717562,3801.5,95403,3801.25,3801.5
9587919,2019-01-06T01:00:35.654Z,19010601,XBTUSD,3801,719634,3801.5,93324,3801.25,3801.5
9587931,2019-01-06T01:00:35.999Z,19010601,XBTUSD,3801,774831,3801.5,93325,3801.25,3801.5
9587973,2019-01-06T01:00:38.406Z,19010601,XBTUSD,3801,764879,3801.5,93327,3801.25,3801.5
9588010,2019-01-06T01:00:41.457Z,19010601,XBTUSD,3801,808915,3801.5,93243,3801.25,3801.5
9588029,2019-01-06T01:00:42.860Z,19010601,XBTUSD,3801,814921,3801.5,93235,3801.25,3801.5
9588038,2019-01-06T01:00:43.158Z,19010601,XBTUSD,3801,810913,3801.5,93235,3801.25,3801.5
9588061,2019-01-06T01:00:44.373Z,19010601,XBTUSD,3801,805904,3801.5,92857,3801.25,3801.5
9588092,2019-01-06T01:00:48.520Z,19010601,XBTUSD,3801,817677,3801.5,92620,3801.25,3801.5
9588163,2019-01-06T01:00:49.501Z,19010601,XBTUSD,3801,808668,3801.5,105822,3801.25,3801.5
9588173,2019-01-06T01:00:49.825Z,19010601,XBTUSD,3801,809671,3801.5,124903,3801.25,3801.5
9588182,2019-01-06T01:00:50.854Z,19010601,XBTUSD,3801,894550,3801.5,123904,3801.25,3801.5
9588189,2019-01-06T01:00:51.151Z,19010601,XBTUSD,3801,894550,3801.5,22904,3801.25,3801.5
9588198,2019-01-06T01:00:51.213Z,19010601,XBTUSD,3801,953623,3801.5,8904,3801.25,3801.5
9588205,2019-01-06T01:00:51.502Z,19010601,XBTUSD,3801,956166,3801.5,8884,3801.25,3801.5
9588231,2019-01-06T01:00:52.102Z,19010601,XBTUSD,3801.5,46688,3802,33184,3801.75,3802
9588236,2019-01-06T01:00:52.120Z,19010601,XBTUSD,3801.5,108120,3802,33184,3801.75,3802
9588248,2019-01-06T01:00:52.157Z,19010601,XBTUSD,3801.5,202843,3802,33219,3801.75,3802
9588256,2019-01-06T01:00:52.197Z,19010601,XBTUSD,3801.5,260928,3802,33219,3801.75,3802
9588267,2019-01-06T01:00:52.244Z,19010601,XBTUSD,3801.5,318368,3802,33219,3801.75,3802
9588276,2019-01-06T01:00:52.384Z,19010601,XBTUSD,3801.5,337369,3802,33289,3801.75,3802
9588289,2019-01-06T01:00:52.904Z,19010601,XBTUSD,3801.5,369450,3802,33411,3801.75,3802
9588314,2019-01-06T01:00:53.126Z,19010601,XBTUSD,3801.5,386700,3802,33411,3801.75,3802
9588331,2019-01-06T01:00:53.492Z,19010601,XBTUSD,3803,251604,3803.5,94006,3803.25,3803.5
9588336,2019-01-06T01:00:53.509Z,19010601,XBTUSD,3803,289461,3803.5,94006,3803.25,3803.5
9588346,2019-01-06T01:00:53.543Z,19010601,XBTUSD,3803,475083,3803.5,94006,3803.25,3803.5
9588354,2019-01-06T01:00:53.565Z,19010601,XBTUSD,3803,662558,3803.5,133398,3803.25,3803.5
9588365,2019-01-06T01:00:53.625Z,19010601,XBTUSD,3803,837417,3803.5,182019,3803.25,3803.5
9588388,2019-01-06T01:00:53.814Z,19010601,XBTUSD,3803,606904,3803.5,201453,3803.25,3803.5
9588397,2019-01-06T01:00:53.852Z,19010601,XBTUSD,3803,377664,3803.5,201453,3803.25,3803.5
9588407,2019-01-06T01:00:54.007Z,19010601,XBTUSD,3803,415664,3803.5,201896,3803.25,3803.5
9587918,2019-01-06T01:00:35.547Z,19010601,XBTUSD,3801,719563,3801.5,93324,3801.25,3801.5
9587963,2019-01-06T01:00:37.837Z,19010601,XBTUSD,3801,762894,3801.5,93326,3801.25,3801.5
9587974,2019-01-06T01:00:38.652Z,19010601,XBTUSD,3801,764789,3801.5,93327,3801.25,3801.5
9588011,2019-01-06T01:00:41.604Z,19010601,XBTUSD,3801,808915,3801.5,93244,3801.25,3801.5
9588028,2019-01-06T01:00:42.623Z,19010601,XBTUSD,3801,811120,3801.5,93235,3801.25,3801.5
9588042,2019-01-06T01:00:43.743Z,19010601,XBTUSD,3801,812918,3801.5,92856,3801.25,3801.5
9588083,2019-01-06T01:00:48.288Z,19010601,XBTUSD,3801,806909,3801.5,92700,3801.25,3801.5
9588089,2019-01-06T01:00:48.489Z,19010601,XBTUSD,3801,812707,3801.5,92620,3801.25,3801.5
9588100,2019-01-06T01:00:48.758Z,19010601,XBTUSD,3801,810668,3801.5,87821,3801.25,3801.5
9588160,2019-01-06T01:00:49.488Z,19010601,XBTUSD,3801,808668,3801.5,92822,3801.25,3801.5
9588170,2019-01-06T01:00:49.675Z,19010601,XBTUSD,3801,811675,3801.5,122903,3801.25,3801.5
9588179,2019-01-06T01:00:50.536Z,19010601,XBTUSD,3801,886947,3801.5,123903,3801.25,3801.5
9588199,2019-01-06T01:00:51.223Z,19010601,XBTUSD,3801,953623,3801.5,8884,3801.25,3801.5
9588212,2019-01-06T01:00:51.870Z,19010601,XBTUSD,3801,943661,3801.5,9079,3801.25,3801.5
9588230,2019-01-06T01:00:52.098Z,19010601,XBTUSD,3801.5,46588,3802,33184,3801.75,3802
9588241,2019-01-06T01:00:52.133Z,19010601,XBTUSD,3801.5,113385,3802,33184,3801.75,3802
9588255,2019-01-06T01:00:52.193Z,19010601,XBTUSD,3801.5,260819,3802,33219,3801.75,3802
9588260,2019-01-06T01:00:52.213Z,19010601,XBTUSD,3801.5,280028,3802,33219,3801.75,3802
9588273,2019-01-06T01:00:52.301Z,19010601,XBTUSD,3801.5,337243,3802,34828,3801.75,3802
9588282,2019-01-06T01:00:52.706Z,19010601,XBTUSD,3801.5,338053,3802,37291,3801.75,3802
9588292,2019-01-06T01:00:53.048Z,19010601,XBTUSD,3801.5,390296,3802,33411,3801.75,3802
9588319,2019-01-06T01:00:53.288Z,19010601,XBTUSD,3801.5,394094,3802,33412,3801.75,3802
9588325,2019-01-06T01:00:53.413Z,19010601,XBTUSD,3801.5,487594,3802,37413,3801.75,3802
9588335,2019-01-06T01:00:53.503Z,19010601,XBTUSD,3803,289371,3803.5,94006,3803.25,3803.5
9588345,2019-01-06T01:00:53.541Z,19010601,XBTUSD,3803,441627,3803.5,94006,3803.25,3803.5
9588356,2019-01-06T01:00:53.570Z,19010601,XBTUSD,3803,696017,3803.5,182019,3803.25,3803.5
9588370,2019-01-06T01:00:53.730Z,19010601,XBTUSD,3803,797634,3803.5,194133,3803.25,3803.5
9588390,2019-01-06T01:00:53.828Z,19010601,XBTUSD,3803,539979,3803.5,201453,3803.25,3803.5
9588403,2019-01-06T01:00:53.927Z,19010601,XBTUSD,3803,414164,3803.5,201491,3803.25,3803.5
9588408,2019-01-06T01:00:54.015Z,19010601,XBTUSD,3803,417251,3803.5,201896,3803.25,3803.5
9588419,2019-01-06T01:00:54.314Z,19010601,XBTUSD,3803,414908,3803.5,202088,3803.25,3803.5
9588451,2019-01-06T01:00:55.310Z,19010601,XBTUSD,3803,502775,3803.5,206218,3803.25,3803.5
9588459,2019-01-06T01:00:55.518Z,19010601,XBTUSD,3803,483775,3803.5,197852,3803.25,3803.5
9588489,2019-01-06T01:00:56.437Z,19010601,XBTUSD,3803,523110,3803.5,201424,3803.25,3803.5
9588507,2019-01-06T01:00:57.304Z,19010601,XBTUSD,3803,523182,3803.5,171537,3803.25,3803.5
9588515,2019-01-06T01:00:57.810Z,19010601,XBTUSD,3803,523119,3803.5,83516,3803.25,3803.5
9588531,2019-01-06T01:00:59.009Z,19010601,XBTUSD,3803,522848,3803.5,77531,3803.25,3803.5
9588552,2019-01-06T01:00:59.271Z,19010601,XBTUSD,3803,574874,3803.5,77533,3803.25,3803.5
9588594,2019-01-06T01:01:01.953Z,19010601,XBTUSD,3803,552664,3803.5,72846,3803.25,3803.5
9588603,2019-01-06T01:01:02.751Z,19010601,XBTUSD,3803,554247,3803.5,66086,3803.25,3803.5
9588650,2019-01-06T01:01:04.691Z,19010601,XBTUSD,3803,568833,3803.5,146221,3803.25,3803.5
9588666,2019-01-06T01:01:05.701Z,19010601,XBTUSD,3803,568833,3803.5,146152,3803.25,3803.5
9588688,2019-01-06T01:01:06.817Z,19010601,XBTUSD,3803,570284,3803.5,144452,3803.25,3803.5
9588711,2019-01-06T01:01:08.435Z,19010601,XBTUSD,3803,570350,3803.5,147542,3803.25,3803.5
9588729,2019-01-06T01:01:09.538Z,19010601,XBTUSD,3803,489250,3803.5,148117,3803.25,3803.5
9588064,2019-01-06T01:00:44.862Z,19010601,XBTUSD,3801,805906,3801.5,92848,3801.25,3801.5
9588079,2019-01-06T01:00:48.233Z,19010601,XBTUSD,3801,808412,3801.5,92849,3801.25,3801.5
9588093,2019-01-06T01:00:48.575Z,19010601,XBTUSD,3801,815677,3801.5,92620,3801.25,3801.5
9588102,2019-01-06T01:00:48.824Z,19010601,XBTUSD,3801,808668,3801.5,87822,3801.25,3801.5
9588168,2019-01-06T01:00:49.515Z,19010601,XBTUSD,3801,808669,3801.5,122823,3801.25,3801.5
9588190,2019-01-06T01:00:51.153Z,19010601,XBTUSD,3801,914550,3801.5,22904,3801.25,3801.5
9588202,2019-01-06T01:00:51.381Z,19010601,XBTUSD,3801,953671,3801.5,8884,3801.25,3801.5
9588210,2019-01-06T01:00:51.830Z,19010601,XBTUSD,3801,946166,3801.5,9079,3801.25,3801.5
9588229,2019-01-06T01:00:52.095Z,19010601,XBTUSD,3801.5,46438,3802,33184,3801.75,3802
9588240,2019-01-06T01:00:52.132Z,19010601,XBTUSD,3801.5,113235,3802,33184,3801.75,3802
9588252,2019-01-06T01:00:52.185Z,19010601,XBTUSD,3801.5,239270,3802,33219,3801.75,3802
9588265,2019-01-06T01:00:52.235Z,19010601,XBTUSD,3801.5,302978,3802,33219,3801.75,3802
9588270,2019-01-06T01:00:52.258Z,19010601,XBTUSD,3801.5,335628,3802,33219,3801.75,3802
9588281,2019-01-06T01:00:52.704Z,19010601,XBTUSD,3801.5,338053,3802,37290,3801.75,3802
9588294,2019-01-06T01:00:53.048Z,19010601,XBTUSD,3801.5,415296,3802,33411,3801.75,3802
9588315,2019-01-06T01:00:53.145Z,19010601,XBTUSD,3801.5,392782,3802,33411,3801.75,3802
9588327,2019-01-06T01:00:53.472Z,19010601,XBTUSD,3803,217888,3803.5,94006,3803.25,3803.5
9588338,2019-01-06T01:00:53.518Z,19010601,XBTUSD,3803,297514,3803.5,94006,3803.25,3803.5
9588353,2019-01-06T01:00:53.563Z,19010601,XBTUSD,3803,629097,3803.5,133398,3803.25,3803.5
9588363,2019-01-06T01:00:53.610Z,19010601,XBTUSD,3803,832793,3803.5,182019,3803.25,3803.5
9588373,2019-01-06T01:00:53.760Z,19010601,XBTUSD,3803,797644,3803.5,195045,3803.25,3803.5
9588393,2019-01-06T01:00:53.837Z,19010601,XBTUSD,3803,439594,3803.5,201453,3803.25,3803.5
9588402,2019-01-06T01:00:53.893Z,19010601,XBTUSD,3803,404164,3803.5,201491,3803.25,3803.5
9588410,2019-01-06T01:00:54.040Z,19010601,XBTUSD,3803,421901,3803.5,201896,3803.25,3803.5
9588420,2019-01-06T01:00:54.342Z,19010601,XBTUSD,3803,404908,3803.5,202088,3803.25,3803.5
9588446,2019-01-06T01:00:54.931Z,19010601,XBTUSD,3803,416095,3803.5,202190,3803.25,3803.5
9588455,2019-01-06T01:00:55.377Z,19010601,XBTUSD,3803,502775,3803.5,199791,3803.25,3803.5
9588465,2019-01-06T01:00:55.725Z,19010601,XBTUSD,3803,503809,3803.5,200852,3803.25,3803.5
9588487,2019-01-06T01:00:56.160Z,19010601,XBTUSD,3803,493680,3803.5,201384,3803.25,3803.5
9588505,2019-01-06T01:00:57.216Z,19010601,XBTUSD,3803,523154,3803.5,171536,3803.25,3803.5
9588516,2019-01-06T01:00:57.811Z,19010601,XBTUSD,3803,523119,3803.5,83517,3803.25,3803.5
9588549,2019-01-06T01:00:59.210Z,19010601,XBTUSD,3803,572848,3803.5,77531,3803.25,3803.5
9588593,2019-01-06T01:01:01.855Z,19010601,XBTUSD,3803,552164,3803.5,72846,3803.25,3803.5
9588596,2019-01-06T01:01:02.086Z,19010601,XBTUSD,3803,554574,3803.5,72896,3803.25,3803.5
9588649,2019-01-06T01:01:04.553Z,19010601,XBTUSD,3803,568833,3803.5,151221,3803.25,3803.5
9588664,2019-01-06T01:01:05.383Z,19010601,XBTUSD,3803,568833,3803.5,146150,3803.25,3803.5
9588694,2019-01-06T01:01:07.287Z,19010601,XBTUSD,3803,570346,3803.5,140653,3803.25,3803.5
9588747,2019-01-06T01:01:11.010Z,19010601,XBTUSD,3803,459840,3803.5,95661,3803.25,3803.5
9588792,2019-01-06T01:01:11.984Z,19010601,XBTUSD,3803,454833,3803.5,95617,3803.25,3803.5
9588817,2019-01-06T01:01:12.214Z,19010601,XBTUSD,3803,338145,3803.5,178198,3803.25,3803.5
9588161,2019-01-06T01:00:49.493Z,19010601,XBTUSD,3801,808668,3801.5,97822,3801.25,3801.5
9588172,2019-01-06T01:00:49.810Z,19010601,XBTUSD,3801,809671,3801.5,123903,3801.25,3801.5
9588181,2019-01-06T01:00:50.562Z,19010601,XBTUSD,3801,886948,3801.5,123904,3801.25,3801.5
9588195,2019-01-06T01:00:51.195Z,19010601,XBTUSD,3801,943656,3801.5,11904,3801.25,3801.5
9588206,2019-01-06T01:00:51.604Z,19010601,XBTUSD,3801,956166,3801.5,8918,3801.25,3801.5
9588216,2019-01-06T01:00:51.969Z,19010601,XBTUSD,3801,944160,3801.5,9446,3801.25,3801.5
9588232,2019-01-06T01:00:52.105Z,19010601,XBTUSD,3801.5,46763,3802,33184,3801.75,3802
9588239,2019-01-06T01:00:52.129Z,19010601,XBTUSD,3801.5,112235,3802,33184,3801.75,3802
9588246,2019-01-06T01:00:52.149Z,19010601,XBTUSD,3801.5,198419,3802,33184,3801.75,3802
9588258,2019-01-06T01:00:52.203Z,19010601,XBTUSD,3801.5,274628,3802,33219,3801.75,3802
9588266,2019-01-06T01:00:52.237Z,19010601,XBTUSD,3801.5,303368,3802,33219,3801.75,3802
9588279,2019-01-06T01:00:52.546Z,19010601,XBTUSD,3801.5,338030,3802,37289,3801.75,3802
9588288,2019-01-06T01:00:52.873Z,19010601,XBTUSD,3801.5,368938,3802,33411,3801.75,3802
9588318,2019-01-06T01:00:53.210Z,19010601,XBTUSD,3801.5,393094,3802,33412,3801.75,3802
9588330,2019-01-06T01:00:53.488Z,19010601,XBTUSD,3803,218153,3803.5,94006,3803.25,3803.5
9588341,2019-01-06T01:00:53.527Z,19010601,XBTUSD,3803,341246,3803.5,94006,3803.25,3803.5
9588350,2019-01-06T01:00:53.554Z,19010601,XBTUSD,3803,528714,3803.5,133398,3803.25,3803.5
9588360,2019-01-06T01:00:53.577Z,19010601,XBTUSD,3803,792991,3803.5,182019,3803.25,3803.5
9588369,2019-01-06T01:00:53.691Z,19010601,XBTUSD,3803,831087,3803.5,194133,3803.25,3803.5
9588379,2019-01-06T01:00:53.800Z,19010601,XBTUSD,3803,640362,3803.5,195045,3803.25,3803.5
9588389,2019-01-06T01:00:53.820Z,19010601,XBTUSD,3803,573442,3803.5,201453,3803.25,3803.5
9588401,2019-01-06T01:00:53.882Z,19010601,XBTUSD,3803,404164,3803.5,201453,3803.25,3803.5
9588415,2019-01-06T01:00:54.209Z,19010601,XBTUSD,3803,384792,3803.5,202086,3803.25,3803.5
9588448,2019-01-06T01:00:54.965Z,19010601,XBTUSD,3803,421675,3803.5,204190,3803.25,3803.5
9588458,2019-01-06T01:00:55.461Z,19010601,XBTUSD,3803,483775,3803.5,199852,3803.25,3803.5
9588469,2019-01-06T01:00:55.909Z,19010601,XBTUSD,3803,503809,3803.5,201864,3803.25,3803.5
9588486,2019-01-06T01:00:56.094Z,19010601,XBTUSD,3803,503809,3803.5,201384,3803.25,3803.5
9588506,2019-01-06T01:00:57.264Z,19010601,XBTUSD,3803,523182,3803.5,171536,3803.25,3803.5
9588530,2019-01-06T01:00:59.007Z,19010601,XBTUSD,3803,522848,3803.5,77530,3803.25,3803.5
9588548,2019-01-06T01:00:59.210Z,19010601,XBTUSD,3803,567848,3803.5,77531,3803.25,3803.5
9588581,2019-01-06T01:01:00.999Z,19010601,XBTUSD,3803,545674,3803.5,72832,3803.25,3803.5
9588591,2019-01-06T01:01:01.850Z,19010601,XBTUSD,3803,552164,3803.5,72835,3803.25,3803.5
9588601,2019-01-06T01:01:02.620Z,19010601,XBTUSD,3803,555487,3803.5,66085,3803.25,3803.5
9588606,2019-01-06T01:01:03.061Z,19010601,XBTUSD,3803,555487,3803.5,66087,3803.25,3803.5
9588633,2019-01-06T01:01:03.605Z,19010601,XBTUSD,3803,574397,3803.5,66089,3803.25,3803.5
9588651,2019-01-06T01:01:04.747Z,19010601,XBTUSD,3803,568833,3803.5,146222,3803.25,3803.5
9588692,2019-01-06T01:01:07.130Z,19010601,XBTUSD,3803,570324,3803.5,140652,3803.25,3803.5
9588713,2019-01-06T01:01:08.933Z,19010601,XBTUSD,3803,570350,3803.5,148116,3803.25,3803.5
9588734,2019-01-06T01:01:09.686Z,19010601,XBTUSD,3803,459840,3803.5,168789,3803.25,3803.5
9588813,2019-01-06T01:01:12.138Z,19010601,XBTUSD,3803,368261,3803.5,178217,3803.25,3803.5
9588864,2019-01-06T01:01:13.607Z,19010601,XBTUSD,3803,336645,3803.5,178152,3803.25,3803.5
9588908,2019-01-06T01:01:15.773Z,19010601,XBTUSD,3803,335763,3803.5,170180,3803.25,3803.5
9588158,2019-01-06T01:00:49.449Z,19010601,XBTUSD,3801,808668,3801.5,85822,3801.25,3801.5
9588164,2019-01-06T01:00:49.505Z,19010601,XBTUSD,3801,808668,3801.5,115822,3801.25,3801.5
9588178,2019-01-06T01:00:50.265Z,19010601,XBTUSD,3801,886947,3801.5,124903,3801.25,3801.5
9588193,2019-01-06T01:00:51.183Z,19010601,XBTUSD,3801,924350,3801.5,11904,3801.25,3801.5
9588203,2019-01-06T01:00:51.385Z,19010601,XBTUSD,3801,952168,3801.5,8884,3801.25,3801.5
9588213,2019-01-06T01:00:51.913Z,19010601,XBTUSD,3801,943661,3801.5,9446,3801.25,3801.5
9588227,2019-01-06T01:00:52.083Z,19010601,XBTUSD,3801.5,46258,3802,33184,3801.75,3802
9588238,2019-01-06T01:00:52.125Z,19010601,XBTUSD,3801.5,108235,3802,33184,3801.75,3802
9588247,2019-01-06T01:00:52.153Z,19010601,XBTUSD,3801.5,198419,3802,33219,3801.75,3802
9588259,2019-01-06T01:00:52.209Z,19010601,XBTUSD,3801.5,276428,3802,33219,3801.75,3802
9588268,2019-01-06T01:00:52.248Z,19010601,XBTUSD,3801.5,318378,3802,33219,3801.75,3802
9588277,2019-01-06T01:00:52.461Z,19010601,XBTUSD,3801.5,338019,3802,33289,3801.75,3802
9588287,2019-01-06T01:00:52.848Z,19010601,XBTUSD,3801.5,368938,3802,37411,3801.75,3802
9588320,2019-01-06T01:00:53.290Z,19010601,XBTUSD,3801.5,394394,3802,33412,3801.75,3802
9588332,2019-01-06T01:00:53.494Z,19010601,XBTUSD,3803,266604,3803.5,94006,3803.25,3803.5
9588340,2019-01-06T01:00:53.523Z,19010601,XBTUSD,3803,341096,3803.5,94006,3803.25,3803.5
9588351,2019-01-06T01:00:53.557Z,19010601,XBTUSD,3803,562172,3803.5,133398,3803.25,3803.5
9588362,2019-01-06T01:00:53.603Z,19010601,XBTUSD,3803,832684,3803.5,182019,3803.25,3803.5
9588366,2019-01-06T01:00:53.630Z,19010601,XBTUSD,3803,837417,3803.5,194133,3803.25,3803.5
9588378,2019-01-06T01:00:53.790Z,19010601,XBTUSD,3803,673822,3803.5,195045,3803.25,3803.5
9588395,2019-01-06T01:00:53.848Z,19010601,XBTUSD,3803,407130,3803.5,201453,3803.25,3803.5
9588399,2019-01-06T01:00:53.858Z,19010601,XBTUSD,3803,398664,3803.5,201453,3803.25,3803.5
9588409,2019-01-06T01:00:54.022Z,19010601,XBTUSD,3803,421251,3803.5,201896,3803.25,3803.5
9588421,2019-01-06T01:00:54.611Z,19010601,XBTUSD,3803,410992,3803.5,202088,3803.25,3803.5
9588453,2019-01-06T01:00:55.334Z,19010601,XBTUSD,3803,502775,3803.5,199810,3803.25,3803.5
9588460,2019-01-06T01:00:55.522Z,19010601,XBTUSD,3803,483445,3803.5,197852,3803.25,3803.5
9588493,2019-01-06T01:00:56.858Z,19010601,XBTUSD,3803,523133,3803.5,201526,3803.25,3803.5
9588511,2019-01-06T01:00:57.517Z,19010601,XBTUSD,3803,523119,3803.5,171538,3803.25,3803.5
9588514,2019-01-06T01:00:57.808Z,19010601,XBTUSD,3803,523119,3803.5,83526,3803.25,3803.5
9588526,2019-01-06T01:00:58.304Z,19010601,XBTUSD,3803,523119,3803.5,83528,3803.25,3803.5
9588555,2019-01-06T01:00:59.506Z,19010601,XBTUSD,3803,534874,3803.5,77534,3803.25,3803.5
9588595,2019-01-06T01:01:01.978Z,19010601,XBTUSD,3803,554524,3803.5,72846,3803.25,3803.5
9588605,2019-01-06T01:01:02.867Z,19010601,XBTUSD,3803,549907,3803.5,66087,3803.25,3803.5
9588630,2019-01-06T01:01:03.090Z,19010601,XBTUSD,3803,555497,3803.5,66087,3803.25,3803.5
9588684,2019-01-06T01:01:06.698Z,19010601,XBTUSD,3803,568833,3803.5,144452,3803.25,3803.5
9588687,2019-01-06T01:01:06.813Z,19010601,XBTUSD,3803,570184,3803.5,144452,3803.25,3803.5
9588697,2019-01-06T01:01:07.984Z,19010601,XBTUSD,3803,570424,3803.5,140654,3803.25,3803.5
9588710,2019-01-06T01:01:08.884Z,19010601,XBTUSD,3803,570350,3803.5,148115,3803.25,3803.5
9588731,2019-01-06T01:01:09.603Z,19010601,XBTUSD,3803,489250,3803.5,168788,3803.25,3803.5
9588812,2019-01-06T01:01:12.132Z,19010601,XBTUSD,3803,394840,3803.5,178217,3803.25,3803.5
9588865,2019-01-06T01:01:13.971Z,19010601,XBTUSD,3803,336645,3803.5,184167,3803.25,3803.5
9588876,2019-01-06T01:01:14.511Z,19010601,XBTUSD,3803,335638,3803.5,176174,3803.25,3803.5
9588159,2019-01-06T01:00:49.486Z,19010601,XBTUSD,3801,808668,3801.5,90822,3801.25,3801.5
9588165,2019-01-06T01:00:49.507Z,19010601,XBTUSD,3801,808668,3801.5,119822,3801.25,3801.5
9588201,2019-01-06T01:00:51.332Z,19010601,XBTUSD,3801,963671,3801.5,8884,3801.25,3801.5
9588214,2019-01-06T01:00:51.941Z,19010601,XBTUSD,3801,943770,3801.5,9446,3801.25,3801.5
9588228,2019-01-06T01:00:52.091Z,19010601,XBTUSD,3801.5,46348,3802,33184,3801.75,3802
9588242,2019-01-06T01:00:52.137Z,19010601,XBTUSD,3801.5,158385,3802,33184,3801.75,3802
9588251,2019-01-06T01:00:52.180Z,19010601,XBTUSD,3801.5,233043,3802,33219,3801.75,3802
9588261,2019-01-06T01:00:52.216Z,19010601,XBTUSD,3801.5,286778,3802,33219,3801.75,3802
9588275,2019-01-06T01:00:52.348Z,19010601,XBTUSD,3801.5,337369,3802,34876,3801.75,3802
9588285,2019-01-06T01:00:52.783Z,19010601,XBTUSD,3801.5,369946,3802,37291,3801.75,3802
9588290,2019-01-06T01:00:52.915Z,19010601,XBTUSD,3801.5,369574,3802,33411,3801.75,3802
9588321,2019-01-06T01:00:53.303Z,19010601,XBTUSD,3801.5,394394,3802,33413,3801.75,3802
9588329,2019-01-06T01:00:53.485Z,19010601,XBTUSD,3803,218053,3803.5,94006,3803.25,3803.5
9588339,2019-01-06T01:00:53.522Z,19010601,XBTUSD,3803,330967,3803.5,94006,3803.25,3803.5
9588349,2019-01-06T01:00:53.551Z,19010601,XBTUSD,3803,508643,3803.5,133398,3803.25,3803.5
9588359,2019-01-06T01:00:53.575Z,19010601,XBTUSD,3803,772946,3803.5,182019,3803.25,3803.5
9588368,2019-01-06T01:00:53.662Z,19010601,XBTUSD,3803,864538,3803.5,194133,3803.25,3803.5
9588377,2019-01-06T01:00:53.787Z,19010601,XBTUSD,3803,663822,3803.5,195045,3803.25,3803.5
9588386,2019-01-06T01:00:53.803Z,19010601,XBTUSD,3803,640362,3803.5,201295,3803.25,3803.5
9588396,2019-01-06T01:00:53.850Z,19010601,XBTUSD,3803,411130,3803.5,201453,3803.25,3803.5
9588406,2019-01-06T01:00:53.999Z,19010601,XBTUSD,3803,414164,3803.5,201896,3803.25,3803.5
9588416,2019-01-06T01:00:54.260Z,19010601,XBTUSD,3803,407783,3803.5,202086,3803.25,3803.5
9588422,2019-01-06T01:00:54.631Z,19010601,XBTUSD,3803,411992,3803.5,202088,3803.25,3803.5
9588447,2019-01-06T01:00:54.947Z,19010601,XBTUSD,3803,421675,3803.5,202190,3803.25,3803.5
9588462,2019-01-06T01:00:55.652Z,19010601,XBTUSD,3803,510036,3803.5,197852,3803.25,3803.5
9588503,2019-01-06T01:00:57.167Z,19010601,XBTUSD,3803,523133,3803.5,171526,3803.25,3803.5
9588513,2019-01-06T01:00:57.739Z,19010601,XBTUSD,3803,523119,3803.5,83525,3803.25,3803.5
9588528,2019-01-06T01:00:58.376Z,19010601,XBTUSD,3803,522848,3803.5,83529,3803.25,3803.5
9588553,2019-01-06T01:00:59.411Z,19010601,XBTUSD,3803,554874,3803.5,77533,3803.25,3803.5
9588578,2019-01-06T01:01:00.929Z,19010601,XBTUSD,3803,534674,3803.5,72948,3803.25,3803.5
9588587,2019-01-06T01:01:01.722Z,19010601,XBTUSD,3803,548154,3803.5,72833,3803.25,3803.5
9588597,2019-01-06T01:01:02.266Z,19010601,XBTUSD,3803,554270,3803.5,72896,3803.25,3803.5
9588653,2019-01-06T01:01:05.029Z,19010601,XBTUSD,3803,568833,3803.5,146220,3803.25,3803.5
9588693,2019-01-06T01:01:07.167Z,19010601,XBTUSD,3803,570346,3803.5,140652,3803.25,3803.5
9588714,2019-01-06T01:01:08.978Z,19010601,XBTUSD,3803,570350,3803.5,148117,3803.25,3803.5
9588732,2019-01-06T01:01:09.606Z,19010601,XBTUSD,3803,489250,3803.5,168789,3803.25,3803.5
9588746,2019-01-06T01:01:10.125Z,19010601,XBTUSD,3803,459840,3803.5,83661,3803.25,3803.5
9588786,2019-01-06T01:01:11.276Z,19010601,XBTUSD,3803,459840,3803.5,95662,3803.25,3803.5
9588814,2019-01-06T01:01:12.144Z,19010601,XBTUSD,3803,345270,3803.5,178217,3803.25,3803.5
9588878,2019-01-06T01:01:14.905Z,19010601,XBTUSD,3803,335763,3803.5,176184,3803.25,3803.5
9588905,2019-01-06T01:01:15.627Z,19010601,XBTUSD,3803,335763,3803.5,166185,3803.25,3803.5
9588915,2019-01-06T01:01:16.511Z,19010601,XBTUSD,3803,337923,3803.5,107622,3803.25,3803.5
9588194,2019-01-06T01:00:51.184Z,19010601,XBTUSD,3801,932253,3801.5,11904,3801.25,3801.5
9588204,2019-01-06T01:00:51.404Z,19010601,XBTUSD,3801,956176,3801.5,8884,3801.25,3801.5
9588209,2019-01-06T01:00:51.801Z,19010601,XBTUSD,3801,946166,3801.5,8959,3801.25,3801.5
9588225,2019-01-06T01:00:52.077Z,19010601,XBTUSD,3801.5,10764,3802,33184,3801.75,3802
9588235,2019-01-06T01:00:52.116Z,19010601,XBTUSD,3801.5,62120,3802,33184,3801.75,3802
9588245,2019-01-06T01:00:52.147Z,19010601,XBTUSD,3801.5,183419,3802,33184,3801.75,3802
9588250,2019-01-06T01:00:52.171Z,19010601,XBTUSD,3801.5,213043,3802,33219,3801.75,3802
9588263,2019-01-06T01:00:52.228Z,19010601,XBTUSD,3801.5,293078,3802,33219,3801.75,3802
9588272,2019-01-06T01:00:52.268Z,19010601,XBTUSD,3801.5,337215,3802,34828,3801.75,3802
9588283,2019-01-06T01:00:52.769Z,19010601,XBTUSD,3801.5,339061,3802,37291,3801.75,3802
9588291,2019-01-06T01:00:53.048Z,19010601,XBTUSD,3801.5,370296,3802,33411,3801.75,3802
9588316,2019-01-06T01:00:53.177Z,19010601,XBTUSD,3801.5,392794,3802,33411,3801.75,3802
9588326,2019-01-06T01:00:53.438Z,19010601,XBTUSD,3803,207124,3803.5,94006,3803.25,3803.5
9588337,2019-01-06T01:00:53.515Z,19010601,XBTUSD,3803,297364,3803.5,94006,3803.25,3803.5
9588348,2019-01-06T01:00:53.549Z,19010601,XBTUSD,3803,508543,3803.5,133398,3803.25,3803.5
9588361,2019-01-06T01:00:53.579Z,19010601,XBTUSD,3803,826457,3803.5,182019,3803.25,3803.5
9588367,2019-01-06T01:00:53.642Z,19010601,XBTUSD,3803,844538,3803.5,194133,3803.25,3803.5
9588376,2019-01-06T01:00:53.786Z,19010601,XBTUSD,3803,697278,3803.5,195045,3803.25,3803.5
9588387,2019-01-06T01:00:53.813Z,19010601,XBTUSD,3803,640362,3803.5,201453,3803.25,3803.5
9588405,2019-01-06T01:00:53.988Z,19010601,XBTUSD,3803,414164,3803.5,201706,3803.25,3803.5
9588414,2019-01-06T01:00:54.206Z,19010601,XBTUSD,3803,391913,3803.5,202086,3803.25,3803.5
9588423,2019-01-06T01:00:54.676Z,19010601,XBTUSD,3803,411992,3803.5,202188,3803.25,3803.5
9588449,2019-01-06T01:00:54.968Z,19010601,XBTUSD,3803,421675,3803.5,206190,3803.25,3803.5
9588461,2019-01-06T01:00:55.617Z,19010601,XBTUSD,3803,510024,3803.5,197852,3803.25,3803.5
9588468,2019-01-06T01:00:55.904Z,19010601,XBTUSD,3803,503809,3803.5,201863,3803.25,3803.5
9588488,2019-01-06T01:00:56.198Z,19010601,XBTUSD,3803,523080,3803.5,201384,3803.25,3803.5
9588512,2019-01-06T01:00:57.738Z,19010601,XBTUSD,3803,523119,3803.5,122917,3803.25,3803.5
9588525,2019-01-06T01:00:58.222Z,19010601,XBTUSD,3803,523119,3803.5,83527,3803.25,3803.5
9588551,2019-01-06T01:00:59.266Z,19010601,XBTUSD,3803,574874,3803.5,77531,3803.25,3803.5
9588558,2019-01-06T01:00:59.865Z,19010601,XBTUSD,3803,534874,3803.5,72998,3803.25,3803.5
9588580,2019-01-06T01:01:00.965Z,19010601,XBTUSD,3803,549674,3803.5,72832,3803.25,3803.5
9588588,2019-01-06T01:01:01.724Z,19010601,XBTUSD,3803,548154,3803.5,72834,3803.25,3803.5
9588599,2019-01-06T01:01:02.417Z,19010601,XBTUSD,3803,554247,3803.5,72085,3803.25,3803.5
9588634,2019-01-06T01:01:03.962Z,19010601,XBTUSD,3803,574413,3803.5,66089,3803.25,3803.5
9588647,2019-01-06T01:01:04.447Z,19010601,XBTUSD,3803,568833,3803.5,66091,3803.25,3803.5
9588663,2019-01-06T01:01:05.322Z,19010601,XBTUSD,3803,568833,3803.5,146198,3803.25,3803.5
9588695,2019-01-06T01:01:07.290Z,19010601,XBTUSD,3803,570346,3803.5,140654,3803.25,3803.5
9588706,2019-01-06T01:01:08.138Z,19010601,XBTUSD,3803,570320,3803.5,140654,3803.25,3803.5
9588715,2019-01-06T01:01:09.015Z,19010601,XBTUSD,3803,570350,3803.5,168787,3803.25,3803.5
9588735,2019-01-06T01:01:09.985Z,19010601,XBTUSD,3803,459840,3803.5,121869,3803.25,3803.5
9588791,2019-01-06T01:01:11.658Z,19010601,XBTUSD,3803,455840,3803.5,95617,3803.25,3803.5
9588815,2019-01-06T01:01:12.166Z,19010601,XBTUSD,3803,338145,3803.5,178217,3803.25,3803.5
9588863,2019-01-06T01:01:13.604Z,19010601,XBTUSD,3803,336645,3803.5,178151,3803.25,3803.5
9588877,2019-01-06T01:01:14.527Z,19010601,XBTUSD,3803,335638,3803.5,176184,3803.25,3803.5
9588911,2019-01-06T01:01:16.242Z,19010601,XBTUSD,3803,335723,3803.5,165221,3803.25,3803.5
9588922,2019-01-06T01:01:17.067Z,19010601,XBTUSD,3803,342889,3803.5,97624,3803.25,3803.5
9588983,2019-01-06T01:01:17.084Z,19010601,XBTUSD,3803,342889,3803.5,101344,3803.25,3803.5
9588364,2019-01-06T01:00:53.617Z,19010601,XBTUSD,3803,832993,3803.5,182019,3803.25,3803.5
9588374,2019-01-06T01:00:53.778Z,19010601,XBTUSD,3803,764187,3803.5,195045,3803.25,3803.5
9588392,2019-01-06T01:00:53.836Z,19010601,XBTUSD,3803,473059,3803.5,201453,3803.25,3803.5
9588400,2019-01-06T01:00:53.867Z,19010601,XBTUSD,3803,402664,3803.5,201453,3803.25,3803.5
9588411,2019-01-06T01:00:54.042Z,19010601,XBTUSD,3803,421901,3803.5,202086,3803.25,3803.5
9588418,2019-01-06T01:00:54.288Z,19010601,XBTUSD,3803,414908,3803.5,202087,3803.25,3803.5
9588452,2019-01-06T01:00:55.333Z,19010601,XBTUSD,3803,502775,3803.5,206060,3803.25,3803.5
9588456,2019-01-06T01:00:55.428Z,19010601,XBTUSD,3803,503775,3803.5,199791,3803.25,3803.5
9588466,2019-01-06T01:00:55.740Z,19010601,XBTUSD,3803,503809,3803.5,201852,3803.25,3803.5
9588504,2019-01-06T01:00:57.209Z,19010601,XBTUSD,3803,523144,3803.5,171526,3803.25,3803.5
9588529,2019-01-06T01:00:58.903Z,19010601,XBTUSD,3803,522848,3803.5,77529,3803.25,3803.5
9588546,2019-01-06T01:00:59.210Z,19010601,XBTUSD,3803,527848,3803.5,77531,3803.25,3803.5
9588556,2019-01-06T01:00:59.514Z,19010601,XBTUSD,3803,534874,3803.5,77535,3803.25,3803.5
9588572,2019-01-06T01:01:00.025Z,19010601,XBTUSD,3803,534874,3803.5,72948,3803.25,3803.5
9588592,2019-01-06T01:01:01.853Z,19010601,XBTUSD,3803,552164,3803.5,72836,3803.25,3803.5
9588602,2019-01-06T01:01:02.747Z,19010601,XBTUSD,3803,555487,3803.5,66086,3803.25,3803.5
9588652,2019-01-06T01:01:04.951Z,19010601,XBTUSD,3803,568833,3803.5,146202,3803.25,3803.5
9588691,2019-01-06T01:01:06.945Z,19010601,XBTUSD,3803,570324,3803.5,144452,3803.25,3803.5
9588709,2019-01-06T01:01:08.767Z,19010601,XBTUSD,3803,570350,3803.5,147481,3803.25,3803.5
9588733,2019-01-06T01:01:09.624Z,19010601,XBTUSD,3803,459850,3803.5,168789,3803.25,3803.5
9588809,2019-01-06T01:01:12.093Z,19010601,XBTUSD,3803,405604,3803.5,95617,3803.25,3803.5
9588819,2019-01-06T01:01:12.805Z,19010601,XBTUSD,3803,338145,3803.5,178149,3803.25,3803.5
9588879,2019-01-06T01:01:15.004Z,19010601,XBTUSD,3803,335763,3803.5,176185,3803.25,3803.5
9588914,2019-01-06T01:01:16.262Z,19010601,XBTUSD,3803,338123,3803.5,107622,3803.25,3803.5
9588919,2019-01-06T01:01:17.019Z,19010601,XBTUSD,3803,342849,3803.5,107623,3803.25,3803.5
9589011,2019-01-06T01:01:18.738Z,19010601,XBTUSD,3803,345699,3803.5,80113,3803.25,3803.5
9589036,2019-01-06T01:01:19.158Z,19010601,XBTUSD,3803,345709,3803.5,65918,3803.25,3803.5
9589046,2019-01-06T01:01:19.497Z,19010601,XBTUSD,3803.5,15397,3804,180958,3803.75,3804
9589057,2019-01-06T01:01:19.535Z,19010601,XBTUSD,3803.5,74373,3804,184958,3803.75,3804
9589066,2019-01-06T01:01:19.578Z,19010601,XBTUSD,3803.5,113965,3804,191968,3803.75,3804
9589076,2019-01-06T01:01:19.683Z,19010601,XBTUSD,3803.5,194183,3804,201968,3803.75,3804
9589086,2019-01-06T01:01:19.829Z,19010601,XBTUSD,3803.5,211162,3804,203389,3803.75,3804
9588371,2019-01-06T01:00:53.743Z,19010601,XBTUSD,3803,797634,3803.5,194285,3803.25,3803.5
9588391,2019-01-06T01:00:53.831Z,19010601,XBTUSD,3803,506518,3803.5,201453,3803.25,3803.5
9588398,2019-01-06T01:00:53.855Z,19010601,XBTUSD,3803,378664,3803.5,201453,3803.25,3803.5
9588413,2019-01-06T01:00:54.181Z,19010601,XBTUSD,3803,411913,3803.5,202086,3803.25,3803.5
9588450,2019-01-06T01:00:55.029Z,19010601,XBTUSD,3803,421675,3803.5,206218,3803.25,3803.5
9588457,2019-01-06T01:00:55.455Z,19010601,XBTUSD,3803,503775,3803.5,199852,3803.25,3803.5
9588490,2019-01-06T01:00:56.510Z,19010601,XBTUSD,3803,523110,3803.5,201425,3803.25,3803.5
9588510,2019-01-06T01:00:57.373Z,19010601,XBTUSD,3803,522993,3803.5,171538,3803.25,3803.5
9588527,2019-01-06T01:00:58.307Z,19010601,XBTUSD,3803,523119,3803.5,83529,3803.25,3803.5
9588547,2019-01-06T01:00:59.210Z,19010601,XBTUSD,3803,547848,3803.5,77531,3803.25,3803.5
9588586,2019-01-06T01:01:01.706Z,19010601,XBTUSD,3803,548154,3803.5,72832,3803.25,3803.5
9588604,2019-01-06T01:01:02.845Z,19010601,XBTUSD,3803,549907,3803.5,66086,3803.25,3803.5
9588632,2019-01-06T01:01:03.388Z,19010601,XBTUSD,3803,574397,3803.5,66088,3803.25,3803.5
9588645,2019-01-06T01:01:04.199Z,19010601,XBTUSD,3803,568833,3803.5,66089,3803.25,3803.5
9588686,2019-01-06T01:01:06.734Z,19010601,XBTUSD,3803,569600,3803.5,144452,3803.25,3803.5
9588696,2019-01-06T01:01:07.847Z,19010601,XBTUSD,3803,570386,3803.5,140654,3803.25,3803.5
9588712,2019-01-06T01:01:08.235Z,19010601,XBTUSD,3803,570320,3803.5,147384,3803.25,3803.5
9588730,2019-01-06T01:01:09.552Z,19010601,XBTUSD,3803,489250,3803.5,168787,3803.25,3803.5
9588788,2019-01-06T01:01:11.388Z,19010601,XBTUSD,3803,455840,3803.5,95663,3803.25,3803.5
9588793,2019-01-06T01:01:12.071Z,19010601,XBTUSD,3803,420721,3803.5,95617,3803.25,3803.5
9588811,2019-01-06T01:01:12.117Z,19010601,XBTUSD,3803,394840,3803.5,128217,3803.25,3803.5
9588862,2019-01-06T01:01:13.529Z,19010601,XBTUSD,3803,336645,3803.5,178150,3803.25,3803.5
9588866,2019-01-06T01:01:14.008Z,19010601,XBTUSD,3803,335638,3803.5,184167,3803.25,3803.5
9588873,2019-01-06T01:01:14.115Z,19010601,XBTUSD,3803,335638,3803.5,184169,3803.25,3803.5
9588907,2019-01-06T01:01:15.736Z,19010601,XBTUSD,3803,335763,3803.5,172185,3803.25,3803.5
9588920,2019-01-06T01:01:17.028Z,19010601,XBTUSD,3803,342849,3803.5,107624,3803.25,3803.5
9588984,2019-01-06T01:01:17.142Z,19010601,XBTUSD,3803,342889,3803.5,100344,3803.25,3803.5
9589007,2019-01-06T01:01:18.517Z,19010601,XBTUSD,3803,345699,3803.5,94331,3803.25,3803.5
9589038,2019-01-06T01:01:19.307Z,19010601,XBTUSD,3803,345709,3803.5,65920,3803.25,3803.5
9589054,2019-01-06T01:01:19.527Z,19010601,XBTUSD,3803.5,54258,3804,182958,3803.75,3804
9589060,2019-01-06T01:01:19.543Z,19010601,XBTUSD,3803.5,95455,3804,185958,3803.75,3804
9589074,2019-01-06T01:01:19.664Z,19010601,XBTUSD,3803.5,187029,3804,201968,3803.75,3804
9589078,2019-01-06T01:01:19.710Z,19010601,XBTUSD,3803.5,194408,3804,201968,3803.75,3804
9589138,2019-01-06T01:01:19.915Z,19010601,XBTUSD,3803.5,135163,3804,205804,3803.75,3804
9589152,2019-01-06T01:01:20.175Z,19010601,XBTUSD,3803.5,139887,3804,222602,3803.75,3804
9589161,2019-01-06T01:01:20.247Z,19010601,XBTUSD,3803.5,139494,3804,239803,3803.75,3804
9589173,2019-01-06T01:01:20.330Z,19010601,XBTUSD,3803.5,163339,3804,238754,3803.75,3804
9589180,2019-01-06T01:01:20.407Z,19010601,XBTUSD,3803.5,183339,3804,228755,3803.75,3804
9589192,2019-01-06T01:01:20.481Z,19010601,XBTUSD,3803.5,173339,3804,228876,3803.75,3804
9589200,2019-01-06T01:01:20.533Z,19010601,XBTUSD,3803.5,150339,3804,228876,3803.75,3804
9589213,2019-01-06T01:01:20.603Z,19010601,XBTUSD,3803.5,178339,3804,223876,3803.75,3804
9588417,2019-01-06T01:00:54.281Z,19010601,XBTUSD,3803,407783,3803.5,202087,3803.25,3803.5
9588444,2019-01-06T01:00:54.809Z,19010601,XBTUSD,3803,415795,3803.5,202189,3803.25,3803.5
9588454,2019-01-06T01:00:55.372Z,19010601,XBTUSD,3803,502775,3803.5,199790,3803.25,3803.5
9588464,2019-01-06T01:00:55.722Z,19010601,XBTUSD,3803,510036,3803.5,200852,3803.25,3803.5
9588491,2019-01-06T01:00:56.515Z,19010601,XBTUSD,3803,523110,3803.5,201426,3803.25,3803.5
9588508,2019-01-06T01:00:57.307Z,19010601,XBTUSD,3803,523182,3803.5,171538,3803.25,3803.5
9588550,2019-01-06T01:00:59.261Z,19010601,XBTUSD,3803,567268,3803.5,77531,3803.25,3803.5
9588590,2019-01-06T01:01:01.846Z,19010601,XBTUSD,3803,552164,3803.5,72834,3803.25,3803.5
9588600,2019-01-06T01:01:02.540Z,19010601,XBTUSD,3803,555487,3803.5,72085,3803.25,3803.5
9588648,2019-01-06T01:01:04.552Z,19010601,XBTUSD,3803,568833,3803.5,113011,3803.25,3803.5
9588665,2019-01-06T01:01:05.407Z,19010601,XBTUSD,3803,568833,3803.5,146151,3803.25,3803.5
9588685,2019-01-06T01:01:06.722Z,19010601,XBTUSD,3803,568863,3803.5,144452,3803.25,3803.5
9588690,2019-01-06T01:01:06.884Z,19010601,XBTUSD,3803,570304,3803.5,144452,3803.25,3803.5
9588708,2019-01-06T01:01:08.237Z,19010601,XBTUSD,3803,570320,3803.5,147542,3803.25,3803.5
9588728,2019-01-06T01:01:09.123Z,19010601,XBTUSD,3803,570350,3803.5,148117,3803.25,3803.5
9588790,2019-01-06T01:01:11.647Z,19010601,XBTUSD,3803,455840,3803.5,95616,3803.25,3803.5
9588816,2019-01-06T01:01:12.208Z,19010601,XBTUSD,3803,338145,3803.5,178197,3803.25,3803.5
9588874,2019-01-06T01:01:14.136Z,19010601,XBTUSD,3803,335638,3803.5,174169,3803.25,3803.5
9588903,2019-01-06T01:01:15.510Z,19010601,XBTUSD,3803,335763,3803.5,168686,3803.25,3803.5
9588909,2019-01-06T01:01:15.925Z,19010601,XBTUSD,3803,335723,3803.5,170180,3803.25,3803.5
9588918,2019-01-06T01:01:16.747Z,19010601,XBTUSD,3803,342849,3803.5,107622,3803.25,3803.5
9589009,2019-01-06T01:01:18.665Z,19010601,XBTUSD,3803,345699,3803.5,80111,3803.25,3803.5
9589040,2019-01-06T01:01:19.436Z,19010601,XBTUSD,3803,355709,3803.5,60920,3803.25,3803.5
9589051,2019-01-06T01:01:19.516Z,19010601,XBTUSD,3803.5,52168,3804,180958,3803.75,3804
9589062,2019-01-06T01:01:19.550Z,19010601,XBTUSD,3803.5,95555,3804,186958,3803.75,3804
9589071,2019-01-06T01:01:19.620Z,19010601,XBTUSD,3803.5,107030,3804,191968,3803.75,3804
9589081,2019-01-06T01:01:19.778Z,19010601,XBTUSD,3803.5,196025,3804,213359,3803.75,3804
9589145,2019-01-06T01:01:20.135Z,19010601,XBTUSD,3803.5,136349,3804,212255,3803.75,3804
9589155,2019-01-06T01:01:20.191Z,19010601,XBTUSD,3803.5,139647,3804,232602,3803.75,3804
9589167,2019-01-06T01:01:20.306Z,19010601,XBTUSD,3803.5,144254,3804,239697,3803.75,3804
9589176,2019-01-06T01:01:20.359Z,19010601,XBTUSD,3803.5,173339,3804,238754,3803.75,3804
9589186,2019-01-06T01:01:20.449Z,19010601,XBTUSD,3803.5,153339,3804,228755,3803.75,3804
9589196,2019-01-06T01:01:20.522Z,19010601,XBTUSD,3803.5,166339,3804,228876,3803.75,3804
9589206,2019-01-06T01:01:20.560Z,19010601,XBTUSD,3803.5,167339,3804,228876,3803.75,3804
9588463,2019-01-06T01:00:55.719Z,19010601,XBTUSD,3803,510036,3803.5,199852,3803.25,3803.5
9588467,2019-01-06T01:00:55.748Z,19010601,XBTUSD,3803,503809,3803.5,201862,3803.25,3803.5
9588492,2019-01-06T01:00:56.517Z,19010601,XBTUSD,3803,523110,3803.5,201526,3803.25,3803.5
9588509,2019-01-06T01:00:57.349Z,19010601,XBTUSD,3803,523193,3803.5,171538,3803.25,3803.5
9588554,2019-01-06T01:00:59.413Z,19010601,XBTUSD,3803,534874,3803.5,77533,3803.25,3803.5
9588557,2019-01-06T01:00:59.570Z,19010601,XBTUSD,3803,534874,3803.5,77998,3803.25,3803.5
9588579,2019-01-06T01:01:00.940Z,19010601,XBTUSD,3803,549674,3803.5,72948,3803.25,3803.5
9588589,2019-01-06T01:01:01.777Z,19010601,XBTUSD,3803,552154,3803.5,72834,3803.25,3803.5
9588598,2019-01-06T01:01:02.304Z,19010601,XBTUSD,3803,554270,3803.5,72085,3803.25,3803.5
9588631,2019-01-06T01:01:03.123Z,19010601,XBTUSD,3803,574397,3803.5,66087,3803.25,3803.5
9588646,2019-01-06T01:01:04.241Z,19010601,XBTUSD,3803,568833,3803.5,66090,3803.25,3803.5
9588689,2019-01-06T01:01:06.821Z,19010601,XBTUSD,3803,570294,3803.5,144452,3803.25,3803.5
9588707,2019-01-06T01:01:08.192Z,19010601,XBTUSD,3803,570320,3803.5,141134,3803.25,3803.5
9588736,2019-01-06T01:01:10.020Z,19010601,XBTUSD,3803,459840,3803.5,83659,3803.25,3803.5
9588745,2019-01-06T01:01:10.110Z,19010601,XBTUSD,3803,459840,3803.5,83660,3803.25,3803.5
9588787,2019-01-06T01:01:11.280Z,19010601,XBTUSD,3803,459840,3803.5,95663,3803.25,3803.5
9588810,2019-01-06T01:01:12.104Z,19010601,XBTUSD,3803,394840,3803.5,103217,3803.25,3803.5
9588868,2019-01-06T01:01:14.035Z,19010601,XBTUSD,3803,335638,3803.5,177759,3803.25,3803.5
9588872,2019-01-06T01:01:14.110Z,19010601,XBTUSD,3803,335638,3803.5,184168,3803.25,3803.5
9588875,2019-01-06T01:01:14.290Z,19010601,XBTUSD,3803,335638,3803.5,168154,3803.25,3803.5
9588904,2019-01-06T01:01:15.510Z,19010601,XBTUSD,3803,335763,3803.5,166186,3803.25,3803.5
9588912,2019-01-06T01:01:16.246Z,19010601,XBTUSD,3803,335723,3803.5,115221,3803.25,3803.5
9588986,2019-01-06T01:01:17.697Z,19010601,XBTUSD,3803,340489,3803.5,96729,3803.25,3803.5
9589005,2019-01-06T01:01:18.135Z,19010601,XBTUSD,3803,345689,3803.5,94330,3803.25,3803.5
9589015,2019-01-06T01:01:19.030Z,19010601,XBTUSD,3803,345699,3803.5,65438,3803.25,3803.5
9589035,2019-01-06T01:01:19.123Z,19010601,XBTUSD,3803,345709,3803.5,65438,3803.25,3803.5
9589045,2019-01-06T01:01:19.496Z,19010601,XBTUSD,3803.5,15307,3804,180958,3803.75,3804
9589055,2019-01-06T01:01:19.528Z,19010601,XBTUSD,3803.5,54258,3804,184958,3803.75,3804
9589061,2019-01-06T01:01:19.547Z,19010601,XBTUSD,3803.5,95455,3804,186958,3803.75,3804
9589075,2019-01-06T01:01:19.670Z,19010601,XBTUSD,3803.5,194155,3804,201968,3803.75,3804
9589079,2019-01-06T01:01:19.733Z,19010601,XBTUSD,3803.5,194438,3804,201968,3803.75,3804
9589143,2019-01-06T01:01:20.028Z,19010601,XBTUSD,3803.5,136449,3804,212065,3803.75,3804
9589151,2019-01-06T01:01:20.170Z,19010601,XBTUSD,3803.5,139887,3804,222445,3803.75,3804
9589164,2019-01-06T01:01:20.284Z,19010601,XBTUSD,3803.5,139404,3804,239697,3803.75,3804
9589168,2019-01-06T01:01:20.313Z,19010601,XBTUSD,3803.5,144254,3804,241764,3803.75,3804
9589182,2019-01-06T01:01:20.439Z,19010601,XBTUSD,3803.5,176339,3804,228755,3803.75,3804
9589190,2019-01-06T01:01:20.474Z,19010601,XBTUSD,3803.5,158339,3804,228876,3803.75,3804
9589199,2019-01-06T01:01:20.531Z,19010601,XBTUSD,3803.5,155339,3804,228876,3803.75,3804
9589209,2019-01-06T01:01:20.570Z,19010601,XBTUSD,3803.5,181339,3804,223876,3803.75,3804
9589224,2019-01-06T01:01:20.885Z,19010601,XBTUSD,3803.5,179139,3804,228857,3803.75,3804
9589255,2019-01-06T01:01:21.478Z,19010601,XBTUSD,3803.5,186746,3804,239070,3803.75,3804
9588789,2019-01-06T01:01:11.626Z,19010601,XBTUSD,3803,455840,3803.5,95615,3803.25,3803.5
9588818,2019-01-06T01:01:12.689Z,19010601,XBTUSD,3803,338145,3803.5,178148,3803.25,3803.5
9588820,2019-01-06T01:01:12.807Z,19010601,XBTUSD,3803,338145,3803.5,178150,3803.25,3803.5
9588867,2019-01-06T01:01:14.024Z,19010601,XBTUSD,3803,335638,3803.5,184009,3803.25,3803.5
9588880,2019-01-06T01:01:15.006Z,19010601,XBTUSD,3803,335763,3803.5,176186,3803.25,3803.5
9588906,2019-01-06T01:01:15.627Z,19010601,XBTUSD,3803,335763,3803.5,165985,3803.25,3803.5
9588921,2019-01-06T01:01:17.030Z,19010601,XBTUSD,3803,342889,3803.5,107624,3803.25,3803.5
9589010,2019-01-06T01:01:18.668Z,19010601,XBTUSD,3803,345699,3803.5,80112,3803.25,3803.5
9589043,2019-01-06T01:01:19.487Z,19010601,XBTUSD,3803.5,90,3804,180958,3803.75,3804
9589052,2019-01-06T01:01:19.517Z,19010601,XBTUSD,3803.5,52168,3804,182958,3803.75,3804
9589065,2019-01-06T01:01:19.575Z,19010601,XBTUSD,3803.5,109541,3804,191968,3803.75,3804
9589073,2019-01-06T01:01:19.648Z,19010601,XBTUSD,3803.5,183029,3804,201968,3803.75,3804
9589083,2019-01-06T01:01:19.814Z,19010601,XBTUSD,3803.5,211025,3804,203359,3803.75,3804
9589088,2019-01-06T01:01:19.837Z,19010601,XBTUSD,3803.5,211162,3804,205494,3803.75,3804
9589144,2019-01-06T01:01:20.033Z,19010601,XBTUSD,3803.5,136349,3804,212065,3803.75,3804
9589147,2019-01-06T01:01:20.153Z,19010601,XBTUSD,3803.5,140152,3804,212445,3803.75,3804
9589157,2019-01-06T01:01:20.198Z,19010601,XBTUSD,3803.5,139647,3804,239802,3803.75,3804
9589165,2019-01-06T01:01:20.296Z,19010601,XBTUSD,3803.5,141404,3804,239697,3803.75,3804
9589175,2019-01-06T01:01:20.352Z,19010601,XBTUSD,3803.5,168339,3804,238754,3803.75,3804
9589185,2019-01-06T01:01:20.446Z,19010601,XBTUSD,3803.5,163339,3804,228755,3803.75,3804
9589197,2019-01-06T01:01:20.524Z,19010601,XBTUSD,3803.5,163339,3804,228876,3803.75,3804
9589207,2019-01-06T01:01:20.564Z,19010601,XBTUSD,3803.5,177339,3804,228876,3803.75,3804
9589215,2019-01-06T01:01:20.628Z,19010601,XBTUSD,3803.5,178639,3804,225876,3803.75,3804
9589219,2019-01-06T01:01:20.826Z,19010601,XBTUSD,3803.5,179139,3804,225720,3803.75,3804
9589254,2019-01-06T01:01:21.473Z,19010601,XBTUSD,3803.5,186746,3804,239170,3803.75,3804
9589278,2019-01-06T01:01:22.640Z,19010601,XBTUSD,3803.5,194539,3804,216807,3803.75,3804
9589330,2019-01-06T01:01:24.332Z,19010601,XBTUSD,3803.5,194551,3804,193990,3803.75,3804
9589370,2019-01-06T01:01:26.042Z,19010601,XBTUSD,3803.5,191467,3804,213942,3803.75,3804
9589455,2019-01-06T01:01:27.704Z,19010601,XBTUSD,3803.5,181830,3804,223081,3803.75,3804
9589459,2019-01-06T01:01:28.208Z,19010601,XBTUSD,3803.5,167659,3804,225150,3803.75,3804
9589498,2019-01-06T01:01:31.839Z,19010601,XBTUSD,3803.5,183319,3804,244447,3803.75,3804
9588869,2019-01-06T01:01:14.075Z,19010601,XBTUSD,3803,335638,3803.5,177917,3803.25,3803.5
9588871,2019-01-06T01:01:14.089Z,19010601,XBTUSD,3803,335638,3803.5,184167,3803.25,3803.5
9588913,2019-01-06T01:01:16.248Z,19010601,XBTUSD,3803,335723,3803.5,115222,3803.25,3803.5
9588916,2019-01-06T01:01:16.613Z,19010601,XBTUSD,3803,345049,3803.5,107622,3803.25,3803.5
9588985,2019-01-06T01:01:17.245Z,19010601,XBTUSD,3803,342889,3803.5,94329,3803.25,3803.5
9589012,2019-01-06T01:01:18.757Z,19010601,XBTUSD,3803,345699,3803.5,80233,3803.25,3803.5
9589041,2019-01-06T01:01:19.455Z,19010601,XBTUSD,3803,355709,3804,185958,3803.5,3804
9589053,2019-01-06T01:01:19.519Z,19010601,XBTUSD,3803.5,52258,3804,182958,3803.75,3804
9589064,2019-01-06T01:01:19.571Z,19010601,XBTUSD,3803.5,109541,3804,191958,3803.75,3804
9589069,2019-01-06T01:01:19.598Z,19010601,XBTUSD,3803.5,140392,3804,191968,3803.75,3804
9589082,2019-01-06T01:01:19.791Z,19010601,XBTUSD,3803.5,196025,3804,203359,3803.75,3804
9589140,2019-01-06T01:01:19.918Z,19010601,XBTUSD,3803.5,135799,3804,205804,3803.75,3804
9589150,2019-01-06T01:01:20.168Z,19010601,XBTUSD,3803.5,139987,3804,222445,3803.75,3804
9589163,2019-01-06T01:01:20.271Z,19010601,XBTUSD,3803.5,139404,3804,239687,3803.75,3804
9589169,2019-01-06T01:01:20.317Z,19010601,XBTUSD,3803.5,144254,3804,241854,3803.75,3804
9589179,2019-01-06T01:01:20.387Z,19010601,XBTUSD,3803.5,183339,3804,228754,3803.75,3804
9589191,2019-01-06T01:01:20.478Z,19010601,XBTUSD,3803.5,168339,3804,228876,3803.75,3804
9589201,2019-01-06T01:01:20.540Z,19010601,XBTUSD,3803.5,146339,3804,228876,3803.75,3804
9589211,2019-01-06T01:01:20.586Z,19010601,XBTUSD,3803.5,171339,3804,223876,3803.75,3804
9589226,2019-01-06T01:01:20.913Z,19010601,XBTUSD,3803.5,179139,3804,239193,3803.75,3804
9589256,2019-01-06T01:01:21.485Z,19010601,XBTUSD,3803.5,186746,3804,226668,3803.75,3804
9589263,2019-01-06T01:01:22.048Z,19010601,XBTUSD,3803.5,189522,3804,216805,3803.75,3804
9589277,2019-01-06T01:01:22.626Z,19010601,XBTUSD,3803.5,214539,3804,216807,3803.75,3804
9589334,2019-01-06T01:01:24.864Z,19010601,XBTUSD,3803.5,196142,3804,200239,3803.75,3804
9589361,2019-01-06T01:01:25.250Z,19010601,XBTUSD,3803.5,184844,3804,203965,3803.75,3804
9589387,2019-01-06T01:01:26.330Z,19010601,XBTUSD,3803.5,181650,3804,222942,3803.75,3804
9589465,2019-01-06T01:01:28.809Z,19010601,XBTUSD,3803.5,167659,3804,233086,3803.75,3804
9589492,2019-01-06T01:01:30.854Z,19010601,XBTUSD,3803.5,171659,3804,241578,3803.75,3804
9589569,2019-01-06T01:01:32.952Z,19010601,XBTUSD,3803.5,183733,3804,228599,3803.75,3804
9589591,2019-01-06T01:01:33.657Z,19010601,XBTUSD,3803.5,183733,3804,224911,3803.75,3804
9589639,2019-01-06T01:01:36.185Z,19010601,XBTUSD,3803.5,177858,3804,124048,3803.75,3804
9589665,2019-01-06T01:01:37.757Z,19010601,XBTUSD,3803.5,183366,3804,150860,3803.75,3804
9588910,2019-01-06T01:01:15.977Z,19010601,XBTUSD,3803,335723,3803.5,165220,3803.25,3803.5
9588917,2019-01-06T01:01:16.632Z,19010601,XBTUSD,3803,343049,3803.5,107622,3803.25,3803.5
9589013,2019-01-06T01:01:18.980Z,19010601,XBTUSD,3803,345699,3803.5,50233,3803.25,3803.5
9589039,2019-01-06T01:01:19.416Z,19010601,XBTUSD,3803,345709,3803.5,60920,3803.25,3803.5
9589050,2019-01-06T01:01:19.514Z,19010601,XBTUSD,3803.5,51168,3804,180958,3803.75,3804
9589058,2019-01-06T01:01:19.539Z,19010601,XBTUSD,3803.5,74373,3804,185958,3803.75,3804
9589070,2019-01-06T01:01:19.608Z,19010601,XBTUSD,3803.5,106921,3804,191968,3803.75,3804
9589084,2019-01-06T01:01:19.819Z,19010601,XBTUSD,3803.5,211036,3804,203359,3803.75,3804
9589142,2019-01-06T01:01:20.007Z,19010601,XBTUSD,3803.5,136449,3804,212053,3803.75,3804
9589149,2019-01-06T01:01:20.162Z,19010601,XBTUSD,3803.5,140002,3804,222445,3803.75,3804
9589160,2019-01-06T01:01:20.214Z,19010601,XBTUSD,3803.5,139494,3804,239802,3803.75,3804
9589171,2019-01-06T01:01:20.322Z,19010601,XBTUSD,3803.5,147254,3804,238754,3803.75,3804
9589183,2019-01-06T01:01:20.442Z,19010601,XBTUSD,3803.5,171339,3804,228755,3803.75,3804
9589188,2019-01-06T01:01:20.460Z,19010601,XBTUSD,3803.5,150339,3804,228876,3803.75,3804
9589202,2019-01-06T01:01:20.544Z,19010601,XBTUSD,3803.5,151339,3804,228876,3803.75,3804
9589210,2019-01-06T01:01:20.577Z,19010601,XBTUSD,3803.5,176339,3804,223876,3803.75,3804
9589222,2019-01-06T01:01:20.877Z,19010601,XBTUSD,3803.5,179139,3804,222451,3803.75,3804
9589271,2019-01-06T01:01:22.048Z,19010601,XBTUSD,3803.5,209522,3804,216805,3803.75,3804
9589338,2019-01-06T01:01:25.009Z,19010601,XBTUSD,3803.5,196254,3804,204045,3803.75,3804
9589359,2019-01-06T01:01:25.236Z,19010601,XBTUSD,3803.5,196254,3804,203865,3803.75,3804
9589366,2019-01-06T01:01:25.569Z,19010601,XBTUSD,3803.5,191456,3804,203940,3803.75,3804
9589385,2019-01-06T01:01:26.286Z,19010601,XBTUSD,3803.5,196650,3804,213942,3803.75,3804
9589452,2019-01-06T01:01:27.586Z,19010601,XBTUSD,3803.5,181830,3804,223080,3803.75,3804
9589463,2019-01-06T01:01:28.780Z,19010601,XBTUSD,3803.5,167659,3804,233084,3803.75,3804
9589494,2019-01-06T01:01:31.369Z,19010601,XBTUSD,3803.5,183019,3804,241579,3803.75,3804
9589565,2019-01-06T01:01:32.827Z,19010601,XBTUSD,3803.5,183333,3804,232401,3803.75,3804
9589609,2019-01-06T01:01:34.413Z,19010601,XBTUSD,3803.5,183561,3804,226982,3803.75,3804
9589622,2019-01-06T01:01:35.777Z,19010601,XBTUSD,3803.5,177858,3804,126992,3803.75,3804
9589644,2019-01-06T01:01:36.526Z,19010601,XBTUSD,3803.5,183356,3804,119048,3803.75,3804
9589693,2019-01-06T01:01:38.800Z,19010601,XBTUSD,3803.5,183396,3804,148853,3803.75,3804
9589710,2019-01-06T01:01:39.946Z,19010601,XBTUSD,3803.5,173926,3804,129966,3803.75,3804
9589715,2019-01-06T01:01:40.548Z,19010601,XBTUSD,3803.5,174026,3804,129309,3803.75,3804
9588987,2019-01-06T01:01:17.714Z,19010601,XBTUSD,3803,345689,3803.5,94329,3803.25,3803.5
9589008,2019-01-06T01:01:18.547Z,19010601,XBTUSD,3803,345699,3803.5,83831,3803.25,3803.5
9589042,2019-01-06T01:01:19.483Z,19010601,XBTUSD,3803,355709,3804,180958,3803.5,3804
9589048,2019-01-06T01:01:19.505Z,19010601,XBTUSD,3803.5,17547,3804,180958,3803.75,3804
9589059,2019-01-06T01:01:19.541Z,19010601,XBTUSD,3803.5,75373,3804,185958,3803.75,3804
9589072,2019-01-06T01:01:19.631Z,19010601,XBTUSD,3803.5,107030,3804,201968,3803.75,3804
9589080,2019-01-06T01:01:19.762Z,19010601,XBTUSD,3803.5,196025,3804,201968,3803.75,3804
9589139,2019-01-06T01:01:19.916Z,19010601,XBTUSD,3803.5,135287,3804,205804,3803.75,3804
9589153,2019-01-06T01:01:20.177Z,19010601,XBTUSD,3803.5,139797,3804,222602,3803.75,3804
9589162,2019-01-06T01:01:20.257Z,19010601,XBTUSD,3803.5,139494,3804,239687,3803.75,3804
9589170,2019-01-06T01:01:20.319Z,19010601,XBTUSD,3803.5,144254,3804,238754,3803.75,3804
9589181,2019-01-06T01:01:20.428Z,19010601,XBTUSD,3803.5,181339,3804,228755,3803.75,3804
9589193,2019-01-06T01:01:20.487Z,19010601,XBTUSD,3803.5,176339,3804,228876,3803.75,3804
9589198,2019-01-06T01:01:20.525Z,19010601,XBTUSD,3803.5,158339,3804,228876,3803.75,3804
9589214,2019-01-06T01:01:20.605Z,19010601,XBTUSD,3803.5,178639,3804,223876,3803.75,3804
9589220,2019-01-06T01:01:20.827Z,19010601,XBTUSD,3803.5,179139,3804,219471,3803.75,3804
9589258,2019-01-06T01:01:21.799Z,19010601,XBTUSD,3803.5,186746,3804,216704,3803.75,3804
9589274,2019-01-06T01:01:22.322Z,19010601,XBTUSD,3803.5,234522,3804,216806,3803.75,3804
9589296,2019-01-06T01:01:23.420Z,19010601,XBTUSD,3803.5,194539,3804,200354,3803.75,3804
9589327,2019-01-06T01:01:24.305Z,19010601,XBTUSD,3803.5,194551,3804,200395,3803.75,3804
9589333,2019-01-06T01:01:24.585Z,19010601,XBTUSD,3803.5,196081,3804,200239,3803.75,3804
9589368,2019-01-06T01:01:26.011Z,19010601,XBTUSD,3803.5,191456,3804,213941,3803.75,3804
9589390,2019-01-06T01:01:26.711Z,19010601,XBTUSD,3803.5,181830,3804,222922,3803.75,3804
9589460,2019-01-06T01:01:28.213Z,19010601,XBTUSD,3803.5,167659,3804,225151,3803.75,3804
9589495,2019-01-06T01:01:31.381Z,19010601,XBTUSD,3803.5,183019,3804,241580,3803.75,3804
9589563,2019-01-06T01:01:32.690Z,19010601,XBTUSD,3803.5,183333,3804,234450,3803.75,3804
9589593,2019-01-06T01:01:33.707Z,19010601,XBTUSD,3803.5,183733,3804,224913,3803.75,3804
9589611,2019-01-06T01:01:34.842Z,19010601,XBTUSD,3803.5,183903,3804,226992,3803.75,3804
9589621,2019-01-06T01:01:35.626Z,19010601,XBTUSD,3803.5,177858,3804,226992,3803.75,3804
9589646,2019-01-06T01:01:36.557Z,19010601,XBTUSD,3803.5,183356,3804,157738,3803.75,3804
9589666,2019-01-06T01:01:37.908Z,19010601,XBTUSD,3803.5,183366,3804,150861,3803.75,3804
9589696,2019-01-06T01:01:38.825Z,19010601,XBTUSD,3803.5,183396,3804,148852,3803.75,3804
9589708,2019-01-06T01:01:39.906Z,19010601,XBTUSD,3803.5,173426,3804,129965,3803.75,3804
9589717,2019-01-06T01:01:40.603Z,19010601,XBTUSD,3803.5,174026,3804,123217,3803.75,3804
9589006,2019-01-06T01:01:18.150Z,19010601,XBTUSD,3803,345689,3803.5,94331,3803.25,3803.5
9589014,2019-01-06T01:01:19.002Z,19010601,XBTUSD,3803,345699,3803.5,53953,3803.25,3803.5
9589037,2019-01-06T01:01:19.205Z,19010601,XBTUSD,3803,345709,3803.5,65919,3803.25,3803.5
9589047,2019-01-06T01:01:19.500Z,19010601,XBTUSD,3803.5,15547,3804,180958,3803.75,3804
9589056,2019-01-06T01:01:19.530Z,19010601,XBTUSD,3803.5,54273,3804,184958,3803.75,3804
9589067,2019-01-06T01:01:19.584Z,19010601,XBTUSD,3803.5,120192,3804,191968,3803.75,3804
9589077,2019-01-06T01:01:19.703Z,19010601,XBTUSD,3803.5,194333,3804,201968,3803.75,3804
9589087,2019-01-06T01:01:19.836Z,19010601,XBTUSD,3803.5,211162,3804,205456,3803.75,3804
9589141,2019-01-06T01:01:19.965Z,19010601,XBTUSD,3803.5,136449,3804,205804,3803.75,3804
9589148,2019-01-06T01:01:20.159Z,19010601,XBTUSD,3803.5,140002,3804,212445,3803.75,3804
9589159,2019-01-06T01:01:20.203Z,19010601,XBTUSD,3803.5,139482,3804,239802,3803.75,3804
9589172,2019-01-06T01:01:20.327Z,19010601,XBTUSD,3803.5,157254,3804,238754,3803.75,3804
9589184,2019-01-06T01:01:20.445Z,19010601,XBTUSD,3803.5,166339,3804,228755,3803.75,3804
9589194,2019-01-06T01:01:20.489Z,19010601,XBTUSD,3803.5,181339,3804,228876,3803.75,3804
9589203,2019-01-06T01:01:20.547Z,19010601,XBTUSD,3803.5,154339,3804,228876,3803.75,3804
9589208,2019-01-06T01:01:20.567Z,19010601,XBTUSD,3803.5,181339,3804,228876,3803.75,3804
9589218,2019-01-06T01:01:20.811Z,19010601,XBTUSD,3803.5,179139,3804,225877,3803.75,3804
9589253,2019-01-06T01:01:21.461Z,19010601,XBTUSD,3803.5,179139,3804,239170,3803.75,3804
9589276,2019-01-06T01:01:22.463Z,19010601,XBTUSD,3803.5,234539,3804,216807,3803.75,3804
9589331,2019-01-06T01:01:24.381Z,19010601,XBTUSD,3803.5,194581,3804,200239,3803.75,3804
9589360,2019-01-06T01:01:25.247Z,19010601,XBTUSD,3803.5,184844,3804,203865,3803.75,3804
9589364,2019-01-06T01:01:25.496Z,19010601,XBTUSD,3803.5,211426,3804,203967,3803.75,3804
9589391,2019-01-06T01:01:26.849Z,19010601,XBTUSD,3803.5,181830,3804,222923,3803.75,3804
9589457,2019-01-06T01:01:27.892Z,19010601,XBTUSD,3803.5,181830,3804,225149,3803.75,3804
9589458,2019-01-06T01:01:28.132Z,19010601,XBTUSD,3803.5,167659,3804,225149,3803.75,3804
9589496,2019-01-06T01:01:31.651Z,19010601,XBTUSD,3803.5,183019,3804,243647,3803.75,3804
9589566,2019-01-06T01:01:32.837Z,19010601,XBTUSD,3803.5,183333,3804,232402,3803.75,3804
9589594,2019-01-06T01:01:33.799Z,19010601,XBTUSD,3803.5,183733,3804,226980,3803.75,3804
9589610,2019-01-06T01:01:34.524Z,19010601,XBTUSD,3803.5,183561,3804,226992,3803.75,3804
9589620,2019-01-06T01:01:35.608Z,19010601,XBTUSD,3803.5,183943,3804,226992,3803.75,3804
9589640,2019-01-06T01:01:36.253Z,19010601,XBTUSD,3803.5,177858,3804,129048,3803.75,3804
9589692,2019-01-06T01:01:38.606Z,19010601,XBTUSD,3803.5,183396,3804,148843,3803.75,3804
9589702,2019-01-06T01:01:39.306Z,19010601,XBTUSD,3803.5,183396,3804,129953,3803.75,3804
9589745,2019-01-06T01:01:41.386Z,19010601,XBTUSD,3803.5,171046,3804,65190,3803.75,3804
9589750,2019-01-06T01:01:41.549Z,19010601,XBTUSD,3803.5,199065,3804,9635,3803.75,3804
9589044,2019-01-06T01:01:19.493Z,19010601,XBTUSD,3803.5,190,3804,180958,3803.75,3804
9589049,2019-01-06T01:01:19.509Z,19010601,XBTUSD,3803.5,17697,3804,180958,3803.75,3804
9589063,2019-01-06T01:01:19.568Z,19010601,XBTUSD,3803.5,95555,3804,191958,3803.75,3804
9589068,2019-01-06T01:01:19.597Z,19010601,XBTUSD,3803.5,120392,3804,191968,3803.75,3804
9589085,2019-01-06T01:01:19.827Z,19010601,XBTUSD,3803.5,211162,3804,203359,3803.75,3804
9589089,2019-01-06T01:01:19.841Z,19010601,XBTUSD,3803.5,135163,3804,205494,3803.75,3804
9589146,2019-01-06T01:01:20.138Z,19010601,XBTUSD,3803.5,140152,3804,212255,3803.75,3804
9589156,2019-01-06T01:01:20.195Z,19010601,XBTUSD,3803.5,139647,3804,238802,3803.75,3804
9589166,2019-01-06T01:01:20.299Z,19010601,XBTUSD,3803.5,141254,3804,239697,3803.75,3804
9589177,2019-01-06T01:01:20.362Z,19010601,XBTUSD,3803.5,173339,3804,228754,3803.75,3804
9589187,2019-01-06T01:01:20.450Z,19010601,XBTUSD,3803.5,150339,3804,228755,3803.75,3804
9589195,2019-01-06T01:01:20.504Z,19010601,XBTUSD,3803.5,176339,3804,228876,3803.75,3804
9589205,2019-01-06T01:01:20.555Z,19010601,XBTUSD,3803.5,164339,3804,228876,3803.75,3804
9589216,2019-01-06T01:01:20.716Z,19010601,XBTUSD,3803.5,179639,3804,225876,3803.75,3804
9589225,2019-01-06T01:01:20.896Z,19010601,XBTUSD,3803.5,179139,3804,239192,3803.75,3804
9589257,2019-01-06T01:01:21.779Z,19010601,XBTUSD,3803.5,186746,3804,226704,3803.75,3804
9589273,2019-01-06T01:01:22.067Z,19010601,XBTUSD,3803.5,234522,3804,216805,3803.75,3804
9589298,2019-01-06T01:01:23.780Z,19010601,XBTUSD,3803.5,194539,3804,200235,3803.75,3804
9589329,2019-01-06T01:01:24.325Z,19010601,XBTUSD,3803.5,194551,3804,200239,3803.75,3804
9589362,2019-01-06T01:01:25.252Z,19010601,XBTUSD,3803.5,211426,3804,203965,3803.75,3804
9589454,2019-01-06T01:01:27.640Z,19010601,XBTUSD,3803.5,181830,3804,223080,3803.75,3804
9589461,2019-01-06T01:01:28.359Z,19010601,XBTUSD,3803.5,167659,3804,245151,3803.75,3804
9589490,2019-01-06T01:01:30.741Z,19010601,XBTUSD,3803.5,171659,3804,243421,3803.75,3804
9589499,2019-01-06T01:01:31.908Z,19010601,XBTUSD,3803.5,183319,3804,244448,3803.75,3804
9589561,2019-01-06T01:01:32.430Z,19010601,XBTUSD,3803.5,183319,3804,234449,3803.75,3804
9589589,2019-01-06T01:01:33.461Z,19010601,XBTUSD,3803.5,183733,3804,226032,3803.75,3804
9589643,2019-01-06T01:01:36.514Z,19010601,XBTUSD,3803.5,182356,3804,119048,3803.75,3804
9589663,2019-01-06T01:01:37.407Z,19010601,XBTUSD,3803.5,183356,3804,144659,3803.75,3804
9589706,2019-01-06T01:01:39.829Z,19010601,XBTUSD,3803.5,173426,3804,129954,3803.75,3804
9589719,2019-01-06T01:01:40.630Z,19010601,XBTUSD,3803.5,174026,3804,123219,3803.75,3804
9589740,2019-01-06T01:01:41.139Z,19010601,XBTUSD,3803.5,171046,3804,129468,3803.75,3804
9589757,2019-01-06T01:01:41.653Z,19010601,XBTUSD,3804,365,3804.5,116728,3804.25,3804.5
9589768,2019-01-06T01:01:41.695Z,19010601,XBTUSD,3804,52734,3804.5,116728,3804.25,3804.5
9589774,2019-01-06T01:01:41.718Z,19010601,XBTUSD,3804,70261,3804.5,116728,3804.25,3804.5
9589784,2019-01-06T01:01:41.755Z,19010601,XBTUSD,3804,128786,3804.5,116728,3804.25,3804.5
9589794,2019-01-06T01:01:41.796Z,19010601,XBTUSD,3804,215810,3804.5,167510,3804.25,3804.5
9589798,2019-01-06T01:01:41.832Z,19010601,XBTUSD,3804,238066,3804.5,173710,3804.25,3804.5
9589137,2019-01-06T01:01:19.895Z,19010601,XBTUSD,3803.5,135163,3804,205614,3803.75,3804
9589154,2019-01-06T01:01:20.181Z,19010601,XBTUSD,3803.5,139647,3804,222602,3803.75,3804
9589158,2019-01-06T01:01:20.202Z,19010601,XBTUSD,3803.5,139557,3804,239802,3803.75,3804
9589174,2019-01-06T01:01:20.334Z,19010601,XBTUSD,3803.5,167339,3804,238754,3803.75,3804
9589178,2019-01-06T01:01:20.382Z,19010601,XBTUSD,3803.5,178339,3804,228754,3803.75,3804
9589189,2019-01-06T01:01:20.465Z,19010601,XBTUSD,3803.5,155339,3804,228876,3803.75,3804
9589204,2019-01-06T01:01:20.550Z,19010601,XBTUSD,3803.5,159339,3804,228876,3803.75,3804
9589212,2019-01-06T01:01:20.598Z,19010601,XBTUSD,3803.5,176339,3804,223876,3803.75,3804
9589227,2019-01-06T01:01:20.925Z,19010601,XBTUSD,3803.5,179139,3804,239092,3803.75,3804
9589259,2019-01-06T01:01:21.807Z,19010601,XBTUSD,3803.5,186746,3804,216684,3803.75,3804
9589262,2019-01-06T01:01:22.048Z,19010601,XBTUSD,3803.5,186300,3804,216805,3803.75,3804
9589279,2019-01-06T01:01:22.787Z,19010601,XBTUSD,3803.5,194539,3804,206807,3803.75,3804
9589282,2019-01-06T01:01:23.044Z,19010601,XBTUSD,3803.5,194539,3804,206553,3803.75,3804
9589332,2019-01-06T01:01:24.374Z,19010601,XBTUSD,3803.5,194581,3804,193990,3803.75,3804
9589365,2019-01-06T01:01:25.546Z,19010601,XBTUSD,3803.5,211456,3804,203940,3803.75,3804
9589384,2019-01-06T01:01:26.262Z,19010601,XBTUSD,3803.5,202877,3804,213942,3803.75,3804
9589388,2019-01-06T01:01:26.342Z,19010601,XBTUSD,3803.5,181680,3804,222942,3803.75,3804
9589462,2019-01-06T01:01:28.425Z,19010601,XBTUSD,3803.5,167659,3804,243084,3803.75,3804
9589568,2019-01-06T01:01:32.898Z,19010601,XBTUSD,3803.5,183733,3804,228598,3803.75,3804
9589592,2019-01-06T01:01:33.705Z,19010601,XBTUSD,3803.5,183733,3804,224912,3803.75,3804
9589608,2019-01-06T01:01:34.406Z,19010601,XBTUSD,3803.5,183561,3804,226981,3803.75,3804
9589637,2019-01-06T01:01:36.141Z,19010601,XBTUSD,3803.5,177858,3804,124993,3803.75,3804
9589647,2019-01-06T01:01:36.711Z,19010601,XBTUSD,3803.5,183356,3804,157858,3803.75,3804
9589650,2019-01-06T01:01:37.068Z,19010601,XBTUSD,3803.5,183356,3804,144657,3803.75,3804
9589713,2019-01-06T01:01:40.267Z,19010601,XBTUSD,3803.5,174026,3804,129966,3803.75,3804
9589739,2019-01-06T01:01:41.125Z,19010601,XBTUSD,3803.5,174046,3804,129468,3803.75,3804
9589749,2019-01-06T01:01:41.531Z,19010601,XBTUSD,3803.5,178959,3804,9635,3803.75,3804
9589759,2019-01-06T01:01:41.663Z,19010601,XBTUSD,3804,18268,3804.5,116728,3804.25,3804.5
9589769,2019-01-06T01:01:41.697Z,19010601,XBTUSD,3804,56734,3804.5,116728,3804.25,3804.5
9589777,2019-01-06T01:01:41.729Z,19010601,XBTUSD,3804,74790,3804.5,116728,3804.25,3804.5
9589788,2019-01-06T01:01:41.778Z,19010601,XBTUSD,3804,139786,3804.5,126728,3804.25,3804.5
9589799,2019-01-06T01:01:41.838Z,19010601,XBTUSD,3804,258202,3804.5,173710,3804.25,3804.5
9589809,2019-01-06T01:01:42.012Z,19010601,XBTUSD,3804,182198,3804.5,207141,3804.25,3804.5
9589820,2019-01-06T01:01:42.148Z,19010601,XBTUSD,3804,180848,3804.5,223742,3804.25,3804.5
9589833,2019-01-06T01:01:42.382Z,19010601,XBTUSD,3804,188295,3804.5,225569,3804.25,3804.5
9589847,2019-01-06T01:01:42.925Z,19010601,XBTUSD,3804,202969,3804.5,114325,3804.25,3804.5
9589870,2019-01-06T01:01:43.134Z,19010601,XBTUSD,3804,208191,3804.5,98435,3804.25,3804.5
9589874,2019-01-06T01:01:43.357Z,19010601,XBTUSD,3804,208533,3804.5,102024,3804.25,3804.5
9589884,2019-01-06T01:01:43.804Z,19010601,XBTUSD,3804,227229,3804.5,122666,3804.25,3804.5
9589907,2019-01-06T01:01:44.731Z,19010601,XBTUSD,3804,215613,3804.5,136368,3804.25,3804.5
9589915,2019-01-06T01:01:45.433Z,19010601,XBTUSD,3804,227025,3804.5,133738,3804.25,3804.5
9589924,2019-01-06T01:01:45.721Z,19010601,XBTUSD,3804,216969,3804.5,86551,3804.25,3804.5
