id,timestamp,hour,symbol,side,size,price,tickDirection,trdMatchID,volTime,tickTime
2732582,2019-01-06T01:00:07.673Z,19010601,XBTUSD,Buy,140,3801.5,ZeroPlusTick,45c03630-b52f-6b8a-5f9b-1511ca94b21f,140,1
2732660,2019-01-06T01:00:29.524Z,19010601,XBTUSD,Buy,236,3801.5,ZeroPlusTick,0970d951-5d96-0811-d589-74aadc792f33,376,2
2732661,2019-01-06T01:00:29.542Z,19010601,XBTUSD,Buy,4105,3801.5,ZeroPlusTick,49c13964-7b72-60ac-869d-e9eb51fdcd33,4481,3
2732662,2019-01-06T01:00:29.945Z,19010601,XBTUSD,Buy,1145,3801.5,ZeroPlusTick,05a20531-6520-944f-10ea-5bffe58d3619,5626,4
2732603,2019-01-06T01:00:16.368Z,19010601,XBTUSD,Buy,449,3801.5,ZeroPlusTick,69e99302-78be-bf22-9b95-cbb1c056dc2f,6075,5
2732604,2019-01-06T01:00:16.623Z,19010601,XBTUSD,Sell,779,3801,MinusTick,68438b27-21af-7671-d3d2-b4ff09c4d460,6854,6
2732605,2019-01-06T01:00:16.763Z,19010601,XBTUSD,Buy,8461,3801.5,PlusTick,bccd63bc-1cea-032d-4109-80909deae45d,15315,7
2732697,2019-01-06T01:00:36.525Z,19010601,XBTUSD,Sell,5000,3801,MinusTick,9dbbfce1-1cae-10e0-4744-0a6602f07ff8,20315,8
2732699,2019-01-06T01:00:36.827Z,19010601,XBTUSD,Sell,1200,3801,ZeroMinusTick,fa9276cf-0a7f-a5cd-7e97-b49d44eed562,21515,9
2732580,2019-01-06T01:00:07.001Z,19010601,XBTUSD,Buy,3811,3801.5,ZeroPlusTick,a9795e81-ee4a-cb1e-ca9f-3d1ab43f6424,25326,10
2732615,2019-01-06T01:00:20.710Z,19010601,XBTUSD,Sell,8100,3801,MinusTick,f0a02b8d-ba12-2a6e-54e2-dc1e64b761a6,33426,11
2732616,2019-01-06T01:00:20.789Z,19010601,XBTUSD,Buy,50,3801.5,PlusTick,23424cfe-a368-ec42-1a57-3fc2dd709741,33476,12
2732617,2019-01-06T01:00:20.850Z,19010601,XBTUSD,Buy,54,3801.5,ZeroPlusTick,2855640e-66b3-f0ab-430b-8e8d36083b50,33530,13
2732618,2019-01-06T01:00:20.900Z,19010601,XBTUSD,Buy,256,3801.5,ZeroPlusTick,0699869b-9089-a966-0787-0c83f841d5b9,33786,14
2732620,2019-01-06T01:00:21.940Z,19010601,XBTUSD,Buy,7050,3801.5,ZeroPlusTick,4aaf8f1d-4419-a604-65ad-c35880d49a1a,40836,15
2732741,2019-01-06T01:00:51.103Z,19010601,XBTUSD,Buy,5000,3801.5,ZeroPlusTick,0ecc0bd8-9fd2-fb51-bb83-d24949866195,45836,16
2732758,2019-01-06T01:00:51.103Z,19010601,XBTUSD,Buy,500,3801.5,ZeroPlusTick,ac014c3a-63cd-4db7-6541-779ff94535bf,46336,17
2732764,2019-01-06T01:00:51.103Z,19010601,XBTUSD,Buy,17332,3801.5,ZeroPlusTick,5f6404f1-1081-ec2e-91d0-c186c2f6a1ef,63668,18
2732773,2019-01-06T01:00:51.103Z,19010601,XBTUSD,Buy,2000,3801.5,ZeroPlusTick,920cd028-1de4-f2cc-833a-47469759bb36,65668,19
2732803,2019-01-06T01:00:52.061Z,19010601,XBTUSD,Buy,28,3802,ZeroPlusTick,3206fa53-9daf-555b-c3d0-3c752bbf2109,65696,20
2732810,2019-01-06T01:00:52.061Z,19010601,XBTUSD,Buy,11,3802,ZeroPlusTick,2a3d7245-e2c4-d6c5-6c63-f2abd3cfdb15,65707,21
2732558,2019-01-06T01:00:04.362Z,19010601,XBTUSD,Buy,3688,3801.5,PlusTick,0bf4e8a7-2d6f-d99d-174f-b82cb91f8330,69395,22
2732608,2019-01-06T01:00:17.693Z,19010601,XBTUSD,Buy,7,3801.5,ZeroPlusTick,b5a36eff-96df-74be-d60f-aaed49b42986,69402,23
2732685,2019-01-06T01:00:32.849Z,19010601,XBTUSD,Sell,26854,3801,ZeroMinusTick,f5cbcd48-6bed-0f39-74ab-3800758d28b7,96256,24
2732691,2019-01-06T01:00:34.732Z,19010601,XBTUSD,Buy,81,3801.5,ZeroPlusTick,e2258db3-b2a2-be6d-078e-3748df7877cc,96337,25
2732601,2019-01-06T01:00:15.615Z,19010601,XBTUSD,Buy,100,3801.5,ZeroPlusTick,e9857fd5-25be-c951-57ae-e01369790355,96437,26
2732602,2019-01-06T01:00:15.686Z,19010601,XBTUSD,Buy,230,3801.5,ZeroPlusTick,8af5f65a-a7b7-a9cf-a051-a06f7174c43d,96667,27
2732619,2019-01-06T01:00:21.940Z,19010601,XBTUSD,Buy,7438,3801.5,ZeroPlusTick,e5c343f2-d10b-212c-1e0d-32329f5067cf,104105,28
2732650,2019-01-06T01:00:28.323Z,19010601,XBTUSD,Sell,271,3801,MinusTick,e2ffcd25-6fd8-500a-f742-2350a2b22c94,104376,29
2732588,2019-01-06T01:00:10.473Z,19010601,XBTUSD,Buy,10000,3801.5,ZeroPlusTick,3a11088b-7060-09a0-bbc7-1e02eca69518,114376,30
2732606,2019-01-06T01:00:16.763Z,19010601,XBTUSD,Buy,1539,3801.5,ZeroPlusTick,9a410714-90dc-d65b-045f-1216d4053061,115915,31
2732659,2019-01-06T01:00:29.524Z,19010601,XBTUSD,Buy,5264,3801.5,PlusTick,a8d4251d-d5a7-612c-f8ea-3ad4986bd2c4,121179,32
2732686,2019-01-06T01:00:32.972Z,19010601,XBTUSD,Buy,254,3801.5,PlusTick,c7659e0c-247c-3732-34bf-ad8f581a485a,121433,33
2732726,2019-01-06T01:00:48.250Z,19010601,XBTUSD,Buy,149,3801.5,ZeroPlusTick,6ce3c20c-8ec0-438a-d63e-ad6cc35bf330,121582,34
2732737,2019-01-06T01:00:50.536Z,19010601,XBTUSD,Buy,1000,3801.5,PlusTick,bcbdeefb-0fee-82b6-ccb2-6f8922e97b35,122582,35
2732739,2019-01-06T01:00:51.103Z,19010601,XBTUSD,Buy,5033,3801.5,ZeroPlusTick,0c42ed9d-fb24-8c36-9442-8278685017ac,127615,36
2732749,2019-01-06T01:00:51.103Z,19010601,XBTUSD,Buy,44,3801.5,ZeroPlusTick,ffb873c9-44a4-a2c7-0f20-1573ce4b3a74,127659,37
2732759,2019-01-06T01:00:51.103Z,19010601,XBTUSD,Buy,4000,3801.5,ZeroPlusTick,c605b196-1805-75ca-1629-fe2e46dc6398,131659,38
2732767,2019-01-06T01:00:51.103Z,19010601,XBTUSD,Buy,69,3801.5,ZeroPlusTick,622b016a-7d92-de42-fa00-da885cd222e7,131728,39
2732779,2019-01-06T01:00:51.103Z,19010601,XBTUSD,Buy,1800,3801.5,ZeroPlusTick,d554c0d3-61c6-0957-9c9b-243a3c7fdd49,133528,40
2732798,2019-01-06T01:00:52.061Z,19010601,XBTUSD,Buy,21,3801.5,ZeroPlusTick,ffd5a81a-2fa2-3bae-76c3-3cb56b85e477,133549,41
2732806,2019-01-06T01:00:52.061Z,19010601,XBTUSD,Buy,1000,3802,ZeroPlusTick,90e51f5e-6240-d032-ad29-680cbf6552b3,134549,42
2732815,2019-01-06T01:00:52.061Z,19010601,XBTUSD,Buy,1000,3802,ZeroPlusTick,056010df-6382-17b0-4feb-43a77f46d0ad,135549,43
2732587,2019-01-06T01:00:10.473Z,19010601,XBTUSD,Buy,3935,3801.5,PlusTick,2de0311a-758b-7a57-22d0-d08fed7ca82d,139484,44
2732592,2019-01-06T01:00:11.691Z,19010601,XBTUSD,Sell,6000,3801,MinusTick,79077b10-cf8b-0142-bd4c-b5ab76cf7862,145484,45
2732609,2019-01-06T01:00:17.945Z,19010601,XBTUSD,Buy,50,3801.5,ZeroPlusTick,a9f6f2fc-8f8c-6c30-6f4a-fc2a4bc3ad7c,145534,46
2732639,2019-01-06T01:00:25.644Z,19010601,XBTUSD,Buy,223,3801.5,ZeroPlusTick,5a170700-9c19-8206-2aaf-56cb2840f1c9,145757,47
2732640,2019-01-06T01:00:25.775Z,19010601,XBTUSD,Buy,255,3801.5,ZeroPlusTick,8009b625-5712-cb10-cc87-8928c93caab9,146012,48
2732641,2019-01-06T01:00:25.785Z,19010601,XBTUSD,Buy,2000,3801.5,ZeroPlusTick,39b8e2fd-763d-9884-79ab-8f71b1bc734e,148012,49
2732744,2019-01-06T01:00:51.103Z,19010601,XBTUSD,Buy,10,3801.5,ZeroPlusTick,626fc533-1cc5-9254-575f-16ed53cbbacd,148022,50
2732752,2019-01-06T01:00:51.103Z,19010601,XBTUSD,Buy,3000,3801.5,ZeroPlusTick,c56b99da-17cc-8bde-c92e-52f2decc2b01,151022,51
2732765,2019-01-06T01:00:51.103Z,19010601,XBTUSD,Buy,50,3801.5,ZeroPlusTick,e8610c25-464c-1979-c414-27d0332a4e94,151072,52
2732778,2019-01-06T01:00:51.103Z,19010601,XBTUSD,Buy,50,3801.5,ZeroPlusTick,9d0400ae-0795-2ea3-747d-05302e151ade,151122,53
2732785,2019-01-06T01:00:51.103Z,19010601,XBTUSD,Buy,216,3801.5,ZeroPlusTick,baf2f02d-f3bb-590d-9a70-6ba3bf7f6a3e,151338,54
2732799,2019-01-06T01:00:52.061Z,19010601,XBTUSD,Buy,40,3801.5,ZeroPlusTick,1f29c0d2-5578-61b4-dbe3-ab027c37e4ad,151378,55
2732813,2019-01-06T01:00:52.061Z,19010601,XBTUSD,Buy,428,3802,ZeroPlusTick,88f8a3cb-3e1f-e63c-a3fb-35cd843d171d,151806,56
2732832,2019-01-06T01:00:53.438Z,19010601,XBTUSD,Buy,500,3802,ZeroPlusTick,fe26ea1f-34d7-e533-f582-ee2aab25e498,152306,57
2732840,2019-01-06T01:00:53.438Z,19010601,XBTUSD,Buy,24,3802,ZeroPlusTick,91a54c85-cb73-cddb-e9de-46c29d7eb38a,152330,58
2732852,2019-01-06T01:00:53.438Z,19010601,XBTUSD,Buy,1000,3802.5,ZeroPlusTick,3db8729e-9f75-648e-4a6e-65006ed3c049,153330,59
2732863,2019-01-06T01:00:53.438Z,19010601,XBTUSD,Buy,95,3802.5,ZeroPlusTick,938d3b9c-af9e-7385-9297-4cc43575738e,153425,60
2732869,2019-01-06T01:00:53.438Z,19010601,XBTUSD,Buy,1000,3803,ZeroPlusTick,2c2ea97a-7db4-a3e9-bea1-0cc9f2b0b7b9,154425,61
2732882,2019-01-06T01:00:53.438Z,19010601,XBTUSD,Buy,1587,3803,ZeroPlusTick,68548301-e6f8-2b98-0ec3-7d9abc0c1b03,156012,62
2732576,2019-01-06T01:00:05.438Z,19010601,XBTUSD,Buy,447,3801.5,ZeroPlusTick,2c585ddb-0096-eca0-37f8-8a3c62c461cf,156459,63
2732591,2019-01-06T01:00:11.431Z,19010601,XBTUSD,Buy,30,3801.5,ZeroPlusTick,0c37cad1-3ca2-57ba-de29-06d4eff593bf,156489,64
2732595,2019-01-06T01:00:14.866Z,19010601,XBTUSD,Buy,1374,3801.5,PlusTick,c8d34866-aae8-61bb-4a6b-7ba407032610,157863,65
2732645,2019-01-06T01:00:26.602Z,19010601,XBTUSD,Buy,23,3801.5,ZeroPlusTick,a286d23a-7485-ca5a-3a91-08fec7627ee4,157886,66
2732648,2019-01-06T01:00:27.730Z,19010601,XBTUSD,Buy,5000,3801.5,ZeroPlusTick,6d05be43-4f92-fc20-2d54-936d3fc4e6b3,162886,67
2732649,2019-01-06T01:00:28.018Z,19010601,XBTUSD,Buy,29,3801.5,ZeroPlusTick,d6f60b60-deab-d9df-2bad-2e16a40e2477,162915,68
2732723,2019-01-06T01:00:44.862Z,19010601,XBTUSD,Buy,10,3801.5,ZeroPlusTick,e42d3dd1-4cb6-b257-5acc-0a8e31aa9213,162925,69
2732748,2019-01-06T01:00:51.103Z,19010601,XBTUSD,Buy,124,3801.5,ZeroPlusTick,4fee59f2-0c1f-ce8b-343d-33c0c760c8d3,163049,70
2732754,2019-01-06T01:00:51.103Z,19010601,XBTUSD,Buy,2000,3801.5,ZeroPlusTick,f17ce3b7-46f6-077a-303c-9a64a4320028,165049,71
2732762,2019-01-06T01:00:51.103Z,19010601,XBTUSD,Buy,633,3801.5,ZeroPlusTick,be882982-99c1-6c90-5e7b-b8458c76f069,165682,72
2732774,2019-01-06T01:00:51.103Z,19010601,XBTUSD,Buy,2000,3801.5,ZeroPlusTick,425958ca-3b09-f79c-f41c-73c3c9c6b632,167682,73
2732796,2019-01-06T01:00:52.061Z,19010601,XBTUSD,Buy,80,3801.5,ZeroPlusTick,aee65cbd-05b9-c86d-eb6e-d9f1411eee7f,167762,74
2732807,2019-01-06T01:00:52.061Z,19010601,XBTUSD,Buy,10,3802,ZeroPlusTick,2211a1b3-92c2-30a2-54be-04ebb0a72100,167772,75
2732827,2019-01-06T01:00:53.438Z,19010601,XBTUSD,Buy,10,3802,ZeroPlusTick,92db4811-28aa-be0f-ce58-ae5e1c433fbe,167782,76
2732842,2019-01-06T01:00:53.438Z,19010601,XBTUSD,Buy,10,3802.5,PlusTick,94103e23-82bd-aa80-2dc9-9b791c602759,167792,77
2732845,2019-01-06T01:00:53.438Z,19010601,XBTUSD,Buy,28,3802.5,ZeroPlusTick,4f86d5f0-8798-bad2-13b9-2496d431a34b,167820,78
2732855,2019-01-06T01:00:53.438Z,19010601,XBTUSD,Buy,5000,3802.5,ZeroPlusTick,6b7d5db6-b284-0021-1246-dfef12f614e5,172820,79
2732583,2019-01-06T01:00:08.356Z,19010601,XBTUSD,Sell,426,3801,MinusTick,6b65cfbd-ad1a-3d5c-ebbf-1790c342773d,173246,80
2732584,2019-01-06T01:00:09.020Z,19010601,XBTUSD,Sell,839,3801,ZeroMinusTick,425125ea-eab2-820f-71fb-670073aaff22,174085,81
2732593,2019-01-06T01:00:13.968Z,19010601,XBTUSD,Sell,4,3801,ZeroMinusTick,fd74d534-d0ef-207f-21f1-ed412da2eba1,174089,82
2732622,2019-01-06T01:00:23.174Z,19010601,XBTUSD,Buy,259,3801.5,ZeroPlusTick,0a291429-71c0-8896-9514-f4546b61fe6c,174348,83
2732655,2019-01-06T01:00:28.958Z,19010601,XBTUSD,Sell,33000,3801,ZeroMinusTick,b4dbe825-f4ee-9543-97a0-7f9dd1ba362f,207348,84
2732664,2019-01-06T01:00:30.900Z,19010601,XBTUSD,Buy,4610,3801.5,ZeroPlusTick,5c3f93ad-b50e-2f4a-f727-313f3a0bf2a4,211958,85
2732665,2019-01-06T01:00:30.935Z,19010601,XBTUSD,Buy,1200,3801.5,ZeroPlusTick,f23b5470-5f1e-be5a-2788-4b57873ef330,213158,86
2732666,2019-01-06T01:00:30.972Z,19010601,XBTUSD,Sell,4350,3801,MinusTick,906a9595-15b0-4761-d4e1-802a9cba60a5,217508,87
2732667,2019-01-06T01:00:31.012Z,19010601,XBTUSD,Sell,26854,3801,ZeroMinusTick,68ab4b09-ab04-ac6c-8466-ca57882227df,244362,88
2732747,2019-01-06T01:00:51.103Z,19010601,XBTUSD,Buy,512,3801.5,ZeroPlusTick,4b08cc10-8a44-4f24-6729-e15d032dc425,244874,89
2732750,2019-01-06T01:00:51.103Z,19010601,XBTUSD,Buy,40,3801.5,ZeroPlusTick,2e0db58c-32c7-cdc7-3eef-749215ee49c2,244914,90
2732760,2019-01-06T01:00:51.103Z,19010601,XBTUSD,Buy,51,3801.5,ZeroPlusTick,28051d4b-00c9-db74-6ad1-324854a46dfe,244965,91
2732770,2019-01-06T01:00:51.103Z,19010601,XBTUSD,Buy,173,3801.5,ZeroPlusTick,92cc8b8e-8d00-6f05-40f2-f0fa263480ef,245138,92
2732777,2019-01-06T01:00:51.103Z,19010601,XBTUSD,Buy,30,3801.5,ZeroPlusTick,2cd44253-395d-6950-16f2-083a7ac4a47a,245168,93
2732784,2019-01-06T01:00:51.103Z,19010601,XBTUSD,Buy,3000,3801.5,ZeroPlusTick,fcc144eb-778a-1332-7704-82be3815915f,248168,94
2732794,2019-01-06T01:00:52.061Z,19010601,XBTUSD,Buy,4784,3801.5,ZeroPlusTick,b58db1d8-4bdb-8f98-5b30-e37cab3a2a3f,252952,95
2732804,2019-01-06T01:00:52.061Z,19010601,XBTUSD,Buy,11,3802,ZeroPlusTick,c6b8ab90-6116-498b-10b7-8c82259bfe99,252963,96
2732814,2019-01-06T01:00:52.061Z,19010601,XBTUSD,Buy,5,3802,ZeroPlusTick,5d963152-f57b-8256-dce3-afc9cb7e9359,252968,97
2732824,2019-01-06T01:00:53.438Z,19010601,XBTUSD,Buy,30,3802,ZeroPlusTick,839f45d1-79d7-191e-9f97-4edede16f81e,252998,98
2732838,2019-01-06T01:00:53.438Z,19010601,XBTUSD,Buy,68,3802,ZeroPlusTick,ca561417-4889-4f1a-56ae-6c479424231a,253066,99
2732850,2019-01-06T01:00:53.438Z,19010601,XBTUSD,Buy,190,3802.5,ZeroPlusTick,76f907e2-8260-ba2d-24f9-cbe0c1cd0e7d,253256,100
2732864,2019-01-06T01:00:53.438Z,19010601,XBTUSD,Buy,500,3803,PlusTick,3148e68b-8115-b111-2412-842028891fa0,253756,101
2732871,2019-01-06T01:00:53.438Z,19010601,XBTUSD,Buy,100,3803,ZeroPlusTick,7e948916-2102-f8da-19d9-6e5c65aea344,253856,102
2732879,2019-01-06T01:00:53.438Z,19010601,XBTUSD,Buy,4,3803,ZeroPlusTick,cbf3b366-36dc-6058-d5d7-4f790bed4163,253860,103
2732888,2019-01-06T01:00:53.438Z,19010601,XBTUSD,Buy,480,3803,ZeroPlusTick,f68763cf-9d05-7efb-68d4-aa7b0ad298e6,254340,104
2732910,2019-01-06T01:00:57.167Z,19010601,XBTUSD,Buy,100,3803.5,ZeroPlusTick,e4f110e4-6b31-e3d8-e0f5-c12592238286,254440,105
2732928,2019-01-06T01:00:58.376Z,19010601,XBTUSD,Sell,271,3803,ZeroMinusTick,ea4f7710-a21c-8526-9354-d7a5cda7e90a,254711,106
2732589,2019-01-06T01:00:10.473Z,19010601,XBTUSD,Buy,967,3801.5,ZeroPlusTick,9be84fe6-4840-44f4-6306-cef198224897,255678,107
2732610,2019-01-06T01:00:17.955Z,19010601,XBTUSD,Buy,4981,3801.5,ZeroPlusTick,1b226ec1-0642-ef90-3e4f-244f82c98607,260659,108
2732732,2019-01-06T01:00:48.434Z,19010601,XBTUSD,Sell,1200,3801,MinusTick,5c5b1aac-16f1-cf3d-f773-fc2a67093a84,261859,109
2732743,2019-01-06T01:00:51.103Z,19010601,XBTUSD,Buy,109,3801.5,ZeroPlusTick,86121650-7777-87b0-46e4-8c84af9a0081,261968,110
2732757,2019-01-06T01:00:51.103Z,19010601,XBTUSD,Buy,57,3801.5,ZeroPlusTick,3e822c52-16c5-ceea-a5be-d85cb1e70c19,262025,111
2732761,2019-01-06T01:00:51.103Z,19010601,XBTUSD,Buy,1725,3801.5,ZeroPlusTick,c48b6ed3-6272-a327-03b1-20695a427c34,263750,112
2732771,2019-01-06T01:00:51.103Z,19010601,XBTUSD,Buy,52,3801.5,ZeroPlusTick,69f20dc9-2285-6f4d-3429-f1a3d13c87f9,263802,113
2732781,2019-01-06T01:00:51.103Z,19010601,XBTUSD,Buy,5000,3801.5,ZeroPlusTick,da8e8e99-8a6f-dbe4-5cbe-716462c37243,268802,114
2732795,2019-01-06T01:00:52.061Z,19010601,XBTUSD,Buy,4000,3801.5,ZeroPlusTick,b824adce-9dd9-9638-25f9-1c0a54356805,272802,115
2732808,2019-01-06T01:00:52.061Z,19010601,XBTUSD,Buy,6,3802,ZeroPlusTick,46bb1c22-eed7-8fbd-cfc1-e442fe65721a,272808,116
2732830,2019-01-06T01:00:53.438Z,19010601,XBTUSD,Buy,20,3802,ZeroPlusTick,0b0279b8-21c6-c4c3-dff0-73f31a7699f8,272828,117
2732834,2019-01-06T01:00:53.438Z,19010601,XBTUSD,Buy,10000,3802,ZeroPlusTick,c7eab280-4cdc-a40d-3be0-dd20f17057d2,282828,118
2732844,2019-01-06T01:00:53.438Z,19010601,XBTUSD,Buy,16,3802.5,ZeroPlusTick,d49e8fde-eed8-f409-ff09-a0d245153d69,282844,119
2732854,2019-01-06T01:00:53.438Z,19010601,XBTUSD,Buy,30,3802.5,ZeroPlusTick,3950b772-7dc9-860c-183b-acc3d73e9c08,282874,120
2732862,2019-01-06T01:00:53.438Z,19010601,XBTUSD,Buy,1587,3802.5,ZeroPlusTick,6e09441e-311d-05ca-e787-1fbd34aaac73,284461,121
2732872,2019-01-06T01:00:53.438Z,19010601,XBTUSD,Buy,1230,3803,ZeroPlusTick,3059ff0a-e62e-4f19-5fa4-9bd79164d9ac,285691,122
2732885,2019-01-06T01:00:53.438Z,19010601,XBTUSD,Buy,2000,3803,ZeroPlusTick,7e3f13f3-2060-b2de-70db-2000664dc08a,287691,123
2732890,2019-01-06T01:00:53.438Z,19010601,XBTUSD,Buy,46000,3803,ZeroPlusTick,1fadcd65-3dc8-903f-9c70-7d4bbf0f206a,333691,124
2732906,2019-01-06T01:00:57.167Z,19010601,XBTUSD,Buy,11,3803.5,ZeroPlusTick,03195afc-8bd2-437b-4ed4-d5cc33e6e518,333702,125
2732920,2019-01-06T01:00:57.167Z,19010601,XBTUSD,Buy,30,3803.5,ZeroPlusTick,aaed4f03-83c5-79fb-36cc-7e361fcb89c7,333732,126
2732942,2019-01-06T01:01:04.691Z,19010601,XBTUSD,Buy,5000,3803.5,ZeroPlusTick,da6681aa-cef8-5ab6-9f30-18cb06f0b533,338732,127
2733076,2019-01-06T01:01:18.980Z,19010601,XBTUSD,Buy,760,3803.5,ZeroPlusTick,c5ab1c4c-3492-3815-6d17-e75e3848b7e8,339492,128
2733088,2019-01-06T01:01:18.980Z,19010601,XBTUSD,Buy,100,3803.5,ZeroPlusTick,7d748bda-7dc7-bddf-0ea5-cc8f2a9fe238,339592,129
2733099,2019-01-06T01:01:18.980Z,19010601,XBTUSD,Buy,2067,3803.5,ZeroPlusTick,0ea04c90-bcfc-1f18-b58e-1da6fa5b807f,341659,130
2733108,2019-01-06T01:01:19.416Z,19010601,XBTUSD,Buy,1257,3803.5,ZeroPlusTick,ee6d3d2f-fa8f-75d3-5178-a2a5dbe6ba86,342916,131
2733113,2019-01-06T01:01:19.455Z,19010601,XBTUSD,Buy,391,3803.5,ZeroPlusTick,406de2fe-54bd-1403-4140-fc12500e198b,343307,132
2733132,2019-01-06T01:01:19.455Z,19010601,XBTUSD,Buy,11,3804,PlusTick,7c4fd0dd-35c5-561c-6434-667c6aedd275,343318,133
2733135,2019-01-06T01:01:19.455Z,19010601,XBTUSD,Buy,11,3804,ZeroPlusTick,3238941c-bd62-3c32-7f98-bb6ace7c0913,343329,134
2733145,2019-01-06T01:01:19.455Z,19010601,XBTUSD,Buy,536,3804,ZeroPlusTick,13d9bccd-0323-bd2f-8ffe-93584db0391f,343865,135
2733155,2019-01-06T01:01:19.455Z,19010601,XBTUSD,Buy,407,3804,ZeroPlusTick,bf97a8f3-bedb-51e4-0dc9-abbe6a9eeee4,344272,136
2733161,2019-01-06T01:01:20.033Z,19010601,XBTUSD,Sell,10,3803.5,ZeroMinusTick,10418aab-a0d6-1e82-dee3-129f5224c8a7,344282,137
2732700,2019-01-06T01:00:37.247Z,19010601,XBTUSD,Sell,80,3801,ZeroMinusTick,0ebc94fd-24c2-9694-e6b6-91e032414aff,344362,138
2732740,2019-01-06T01:00:51.103Z,19010601,XBTUSD,Buy,19425,3801.5,ZeroPlusTick,c9a269c9-e5ea-240d-4532-621514d49cec,363787,139
2732755,2019-01-06T01:00:51.103Z,19010601,XBTUSD,Buy,480,3801.5,ZeroPlusTick,c8bbc0a0-686c-5005-1384-7e88b695adde,364267,140
2732768,2019-01-06T01:00:51.103Z,19010601,XBTUSD,Buy,1,3801.5,ZeroPlusTick,04e5243a-06e3-269b-c6d4-62233ae0b7fa,364268,141
2732772,2019-01-06T01:00:51.103Z,19010601,XBTUSD,Buy,180,3801.5,ZeroPlusTick,a132d9a4-04e9-c339-27f7-f9bd2f26b61b,364448,142
2732782,2019-01-06T01:00:51.103Z,19010601,XBTUSD,Buy,2000,3801.5,ZeroPlusTick,e80e6b02-2a4e-ef53-38ed-64def7865ca6,366448,143
2732797,2019-01-06T01:00:52.061Z,19010601,XBTUSD,Buy,34,3801.5,ZeroPlusTick,c7580be1-7f30-adc5-12fa-e7e2f11e4170,366482,144
2732805,2019-01-06T01:00:52.061Z,19010601,XBTUSD,Buy,126,3802,ZeroPlusTick,d7cbd252-cca7-006f-bc6f-b8b5d6801547,366608,145
2732828,2019-01-06T01:00:53.438Z,19010601,XBTUSD,Buy,50,3802,ZeroPlusTick,24b93fad-aec5-28ea-398d-22ec1bee087e,366658,146
2732837,2019-01-06T01:00:53.438Z,19010601,XBTUSD,Buy,120,3802,ZeroPlusTick,1ac9d748-7030-cf20-3cfa-fe0d0da8b0af,366778,147
2732847,2019-01-06T01:00:53.438Z,19010601,XBTUSD,Buy,11,3802.5,ZeroPlusTick,7b3a8bdf-522b-e452-b005-9ebde6f290d4,366789,148
2732856,2019-01-06T01:00:53.438Z,19010601,XBTUSD,Buy,480,3802.5,ZeroPlusTick,dee483bc-f57c-f482-6c49-6b60129cc205,367269,149
2732866,2019-01-06T01:00:53.438Z,19010601,XBTUSD,Buy,2000,3803,ZeroPlusTick,c7802e9e-e4c3-4fef-9eb2-a1f02d3b07c9,369269,150
2732876,2019-01-06T01:00:53.438Z,19010601,XBTUSD,Buy,11,3803,ZeroPlusTick,b3f05da3-a565-3669-ac23-4de3ab49eec5,369280,151
2732880,2019-01-06T01:00:53.438Z,19010601,XBTUSD,Buy,11,3803,ZeroPlusTick,b750178a-4b84-6ccb-9bef-317dc566d95b,369291,152
2732897,2019-01-06T01:00:53.438Z,19010601,XBTUSD,Buy,122,3803,ZeroPlusTick,e6d23340-30d9-bd7c-ec38-bc9d678d79b8,369413,153
2732909,2019-01-06T01:00:57.167Z,19010601,XBTUSD,Buy,26,3803.5,ZeroPlusTick,effc6591-05a9-d4b6-0875-f88eecf0da8a,369439,154
2732918,2019-01-06T01:00:57.167Z,19010601,XBTUSD,Buy,120,3803.5,ZeroPlusTick,9ab14ce3-46c6-1242-a74a-9ab9a5346fe5,369559,155
2732923,2019-01-06T01:00:57.373Z,19010601,XBTUSD,Sell,200,3803,MinusTick,021ea496-9af9-8a3e-5d24-949b9e0ffb32,369759,156
2733014,2019-01-06T01:01:12.689Z,19010601,XBTUSD,Buy,50,3803.5,PlusTick,317e3559-53dc-3cdc-98ae-ee46035cda73,369809,157
2733034,2019-01-06T01:01:15.627Z,19010601,XBTUSD,Buy,200,3803.5,ZeroPlusTick,4349e0dd-6148-495a-6f38-1a95911098fa,370009,158
2733054,2019-01-06T01:01:17.142Z,19010601,XBTUSD,Buy,166,3803.5,ZeroPlusTick,5052f57b-42d0-40ff-3b37-2cf7a39d08b1,370175,159
2733085,2019-01-06T01:01:18.980Z,19010601,XBTUSD,Buy,1000,3803.5,ZeroPlusTick,ad83e0d3-21b2-b768-7ad4-945a0cf3c6a1,371175,160
2733095,2019-01-06T01:01:18.980Z,19010601,XBTUSD,Buy,480,3803.5,ZeroPlusTick,10a524f5-1334-980b-46a5-a1cb2dd8931b,371655,161
2733104,2019-01-06T01:01:18.980Z,19010601,XBTUSD,Buy,810,3803.5,ZeroPlusTick,25035cc6-4c3b-a04e-9d50-85af592fe7f9,372465,162
2733119,2019-01-06T01:01:19.455Z,19010601,XBTUSD,Buy,620,3803.5,ZeroPlusTick,457ec15a-3a78-89c9-ce90-62ec65b5e185,373085,163
2733129,2019-01-06T01:01:19.455Z,19010601,XBTUSD,Buy,480,3803.5,ZeroPlusTick,a3e57d56-c575-3ad4-a2ea-93dcf8be02a0,373565,164
2733137,2019-01-06T01:01:19.455Z,19010601,XBTUSD,Buy,100,3804,ZeroPlusTick,e55276a6-4c8e-23e5-8456-41095548ebdc,373665,165
2733147,2019-01-06T01:01:19.455Z,19010601,XBTUSD,Buy,56,3804,ZeroPlusTick,89d4d73e-1824-55c3-e011-4f11eadf97f7,373721,166
2733160,2019-01-06T01:01:20.033Z,19010601,XBTUSD,Sell,90,3803.5,MinusTick,0f5ceac0-2a0d-16c8-69b2-d8dd6d7a76ee,373811,167
2733163,2019-01-06T01:01:20.762Z,19010601,XBTUSD,Sell,500,3803.5,ZeroMinusTick,a681508d-821c-cd7a-3c98-ccfd9402f11d,374311,168
2732693,2019-01-06T01:00:35.547Z,19010601,XBTUSD,Buy,2000,3801.5,ZeroPlusTick,158535bc-6371-4f4d-7da5-928f34047e2e,376311,169
2732746,2019-01-06T01:00:51.103Z,19010601,XBTUSD,Buy,120,3801.5,ZeroPlusTick,4db03082-7749-197b-9caf-b1d6ed9c09e4,376431,170
2732753,2019-01-06T01:00:51.103Z,19010601,XBTUSD,Buy,11,3801.5,ZeroPlusTick,39c65533-14c0-86de-b1b4-eac1111280a6,376442,171
2732763,2019-01-06T01:00:51.103Z,19010601,XBTUSD,Buy,63,3801.5,ZeroPlusTick,a275c49a-2f2f-26f6-ffb8-e3aca596f523,376505,172
2732776,2019-01-06T01:00:51.103Z,19010601,XBTUSD,Buy,30,3801.5,ZeroPlusTick,a3198d75-4fc1-1889-ba09-27fd381b5412,376535,173
2732802,2019-01-06T01:00:52.061Z,19010601,XBTUSD,Buy,10,3802,PlusTick,aa51c1cd-1905-160d-3e84-1732c648d182,376545,174
2732811,2019-01-06T01:00:52.061Z,19010601,XBTUSD,Buy,30,3802,ZeroPlusTick,3ebfd287-74f0-76e1-c610-0326eba36ac6,376575,175
2732818,2019-01-06T01:00:52.061Z,19010601,XBTUSD,Buy,2346,3802,ZeroPlusTick,a7cb4cb5-3d92-d232-ff98-675edab1eac4,378921,176
2732823,2019-01-06T01:00:53.438Z,19010601,XBTUSD,Buy,5454,3802,ZeroPlusTick,ba9440c5-7a6e-cf0a-f90a-2c4e28a225d6,384375,177
2732833,2019-01-06T01:00:53.438Z,19010601,XBTUSD,Buy,11839,3802,ZeroPlusTick,68abbb0d-d80a-f227-94a2-018a3a49f140,396214,178
2732843,2019-01-06T01:00:53.438Z,19010601,XBTUSD,Buy,15,3802.5,ZeroPlusTick,01e898c5-b5e0-a2bd-48f6-e85637e42190,396229,179
2732849,2019-01-06T01:00:53.438Z,19010601,XBTUSD,Buy,190,3802.5,ZeroPlusTick,c6bd2027-65ad-b623-af01-b81b50909df2,396419,180
2732861,2019-01-06T01:00:53.438Z,19010601,XBTUSD,Buy,3888,3802.5,ZeroPlusTick,2a54d897-d9d6-d2e3-ed90-c9e61253f438,400307,181
2732875,2019-01-06T01:00:53.438Z,19010601,XBTUSD,Buy,28,3803,ZeroPlusTick,b7964680-0536-2779-f568-5be966d9aa2a,400335,182
2732878,2019-01-06T01:00:53.438Z,19010601,XBTUSD,Buy,41,3803,ZeroPlusTick,400c377f-0077-3c78-5d33-5f58bf9bcaf2,400376,183
2732889,2019-01-06T01:00:53.438Z,19010601,XBTUSD,Buy,2000,3803,ZeroPlusTick,76991a5a-9072-be16-2657-c26657bf6652,402376,184
2732914,2019-01-06T01:00:57.167Z,19010601,XBTUSD,Buy,10,3803.5,ZeroPlusTick,de9b7ea9-397e-6872-9f32-44cc5b6e6d48,402386,185
2732919,2019-01-06T01:00:57.167Z,19010601,XBTUSD,Buy,30,3803.5,ZeroPlusTick,11a639f3-c599-cd53-2c19-4938fc0f3755,402416,186
2733009,2019-01-06T01:01:11.626Z,19010601,XBTUSD,Buy,48,3803.5,PlusTick,6a5f11d6-d5fb-7fce-c40a-d89a6b3a1477,402464,187
2733012,2019-01-06T01:01:11.984Z,19010601,XBTUSD,Sell,1007,3803,MinusTick,0a3505ee-e27c-2e84-31e1-229d9ce782dd,403471,188
2733026,2019-01-06T01:01:14.136Z,19010601,XBTUSD,Buy,1479,3803.5,ZeroPlusTick,4a39d542-032d-226e-acf2-a5711ceacdaa,404950,189
2733032,2019-01-06T01:01:15.510Z,19010601,XBTUSD,Buy,2500,3803.5,ZeroPlusTick,19471476-904f-95ec-8750-b81b0a2aed63,407450,190
2733055,2019-01-06T01:01:17.142Z,19010601,XBTUSD,Buy,389,3803.5,ZeroPlusTick,1be4b6a7-bbd5-838d-162b-561994b51a14,407839,191
2733062,2019-01-06T01:01:18.547Z,19010601,XBTUSD,Buy,3499,3803.5,ZeroPlusTick,36fe99a6-076d-fb6c-0242-ed40924aaf2e,411338,192
2733075,2019-01-06T01:01:18.980Z,19010601,XBTUSD,Buy,152,3803.5,ZeroPlusTick,1ce59ea8-3154-3b92-3df4-51892f18b634,411490,193
2733083,2019-01-06T01:01:18.980Z,19010601,XBTUSD,Buy,2000,3803.5,ZeroPlusTick,de374608-dc2d-3de7-188c-af2c18643846,413490,194
2733092,2019-01-06T01:01:18.980Z,19010601,XBTUSD,Buy,10,3803.5,ZeroPlusTick,f818494e-3ac6-eb9d-fbd4-8c21e16681db,413500,195
2733117,2019-01-06T01:01:19.455Z,19010601,XBTUSD,Buy,6250,3803.5,ZeroPlusTick,e37f4dff-d73f-9d11-50e0-6919880a0186,419750,196
2733125,2019-01-06T01:01:19.455Z,19010601,XBTUSD,Buy,620,3803.5,ZeroPlusTick,689e2f1a-53f4-0579-7137-d2816b7c66a3,420370,197
2733140,2019-01-06T01:01:19.455Z,19010601,XBTUSD,Buy,150,3804,ZeroPlusTick,87a632ae-f532-66c3-4d18-19e70fb47a47,420520,198
2733149,2019-01-06T01:01:19.455Z,19010601,XBTUSD,Buy,15,3804,ZeroPlusTick,9ce5eba8-dca0-17f2-d0ab-b89a2ebd087e,420535,199
2732716,2019-01-06T01:00:40.009Z,19010601,XBTUSD,Buy,29,3801.5,PlusTick,9424c58d-e3f9-bc4f-fb32-15c412d59769,420564,200
2732717,2019-01-06T01:00:40.316Z,19010601,XBTUSD,Buy,100,3801.5,ZeroPlusTick,625dfac2-e801-75e3-2622-f988661070be,420664,201
2732742,2019-01-06T01:00:51.103Z,19010601,XBTUSD,Buy,5000,3801.5,ZeroPlusTick,fe106dfe-42e8-f8fe-4aa5-3da3ea22d9d3,425664,202
2732751,2019-01-06T01:00:51.103Z,19010601,XBTUSD,Buy,75,3801.5,ZeroPlusTick,45668e12-f414-d7e9-5760-a6e3f1eafe42,425739,203
2732766,2019-01-06T01:00:51.103Z,19010601,XBTUSD,Buy,66,3801.5,ZeroPlusTick,a4276929-d746-ba5f-13f8-a6fa64cb1564,425805,204
2732775,2019-01-06T01:00:51.103Z,19010601,XBTUSD,Buy,1,3801.5,ZeroPlusTick,c31ce79a-8985-5a95-b638-4b398da10304,425806,205
2732801,2019-01-06T01:00:52.061Z,19010601,XBTUSD,Buy,367,3801.5,ZeroPlusTick,44ba37e7-56da-5ddc-08f2-9234770e312c,426173,206
2732812,2019-01-06T01:00:52.061Z,19010601,XBTUSD,Buy,30,3802,ZeroPlusTick,0b80eb16-7532-5006-bbe5-bea34bfa7d0c,426203,207
2732816,2019-01-06T01:00:52.061Z,19010601,XBTUSD,Buy,30,3802,ZeroPlusTick,5102aaa8-adf2-c62f-b224-5b574766461f,426233,208
2732825,2019-01-06T01:00:53.438Z,19010601,XBTUSD,Buy,30,3802,ZeroPlusTick,05031fb1-d855-2f27-54e4-31e6d3693310,426263,209
2732839,2019-01-06T01:00:53.438Z,19010601,XBTUSD,Buy,37,3802,ZeroPlusTick,2216a590-ac40-6b32-d443-7b2f033ce4c5,426300,210
2732851,2019-01-06T01:00:53.438Z,19010601,XBTUSD,Buy,190,3802.5,ZeroPlusTick,bd568ca9-9301-f790-c3c7-f3c45ebf71c9,426490,211
2732860,2019-01-06T01:00:53.438Z,19010601,XBTUSD,Buy,1000,3802.5,ZeroPlusTick,0a9d28ca-c2e7-b1a7-c1a3-a2c9f7310a32,427490,212
2732873,2019-01-06T01:00:53.438Z,19010601,XBTUSD,Buy,10,3803,ZeroPlusTick,7540a06e-2f3e-21c1-645a-f00454a86273,427500,213
2732886,2019-01-06T01:00:53.438Z,19010601,XBTUSD,Buy,428,3803,ZeroPlusTick,2550d2e8-d23e-66ec-a323-2bd931c6fdc7,427928,214
2732891,2019-01-06T01:00:53.438Z,19010601,XBTUSD,Buy,50,3803,ZeroPlusTick,9e44b5b1-b3a9-1aef-c80c-e8151cdd0903,427978,215
2732912,2019-01-06T01:00:57.167Z,19010601,XBTUSD,Buy,1000,3803.5,ZeroPlusTick,fdafb572-8852-1e12-d62a-038f8bfd7362,428978,216
2732917,2019-01-06T01:00:57.167Z,19010601,XBTUSD,Buy,30,3803.5,ZeroPlusTick,c5714675-a17e-c8e6-8fb7-2f6a7799767f,429008,217
2733020,2019-01-06T01:01:14.136Z,19010601,XBTUSD,Buy,8134,3803.5,PlusTick,17782f27-b1d4-36c2-4bfe-401eda33ced5,437142,218
2733033,2019-01-06T01:01:15.627Z,19010601,XBTUSD,Buy,1,3803.5,ZeroPlusTick,e714c2d7-09e3-26ee-8d6e-4b876b581a34,437143,219
2733081,2019-01-06T01:01:18.980Z,19010601,XBTUSD,Buy,2000,3803.5,ZeroPlusTick,4bca3449-70d2-8b8b-8f9a-4e957ca0b56b,439143,220
2733090,2019-01-06T01:01:18.980Z,19010601,XBTUSD,Buy,2,3803.5,ZeroPlusTick,ddef9a99-4ca0-13f4-a121-702257b49fa9,439145,221
2733096,2019-01-06T01:01:18.980Z,19010601,XBTUSD,Buy,634,3803.5,ZeroPlusTick,74092972-a0e7-5ff2-9824-5c191e3f75af,439779,222
2733109,2019-01-06T01:01:19.416Z,19010601,XBTUSD,Buy,2067,3803.5,ZeroPlusTick,7b27b93f-d837-e17e-588e-3bbed69ac57d,441846,223
2733114,2019-01-06T01:01:19.455Z,19010601,XBTUSD,Buy,12000,3803.5,ZeroPlusTick,a66af627-cebb-5d12-aa21-b0eeb5348bf0,453846,224
2733124,2019-01-06T01:01:19.455Z,19010601,XBTUSD,Buy,620,3803.5,ZeroPlusTick,42a7c72a-6391-7095-e0ae-1163ee0d4586,454466,225
2733134,2019-01-06T01:01:19.455Z,19010601,XBTUSD,Buy,125,3804,ZeroPlusTick,d31cb0e9-6ae6-684b-0a05-7bf1698efc65,454591,226
2733144,2019-01-06T01:01:19.455Z,19010601,XBTUSD,Buy,150,3804,ZeroPlusTick,6a01d1f1-277e-a147-9316-727996622a18,454741,227
2733153,2019-01-06T01:01:19.455Z,19010601,XBTUSD,Buy,1000,3804,ZeroPlusTick,973e06c2-32e3-be4a-d0bc-61f5661ff25e,455741,228
2732719,2019-01-06T01:00:41.457Z,19010601,XBTUSD,Buy,38,3801.5,ZeroPlusTick,edb3d5de-cf16-0c5e-1bec-9fd0b3304436,455779,229
2732720,2019-01-06T01:00:41.833Z,19010601,XBTUSD,Buy,10,3801.5,ZeroPlusTick,cdd01bba-1a7d-f303-796d-a7b72c6eb945,455789,230
2732745,2019-01-06T01:00:51.103Z,19010601,XBTUSD,Buy,5000,3801.5,ZeroPlusTick,1f560787-889b-ecc5-27e2-f739e780f525,460789,231
2732756,2019-01-06T01:00:51.103Z,19010601,XBTUSD,Buy,3888,3801.5,ZeroPlusTick,26b1f3f1-fee8-476a-0774-9b0f2e6c87d2,464677,232
2732769,2019-01-06T01:00:51.103Z,19010601,XBTUSD,Buy,50,3801.5,ZeroPlusTick,902804d9-964a-11d0-045e-6461bc8d63a7,464727,233
2732780,2019-01-06T01:00:51.103Z,19010601,XBTUSD,Buy,4000,3801.5,ZeroPlusTick,7d5571bc-0208-0304-1b24-88bfa3ac0b11,468727,234
2732783,2019-01-06T01:00:51.103Z,19010601,XBTUSD,Buy,5000,3801.5,ZeroPlusTick,57f82f79-418a-1f82-853e-1313890d32cc,473727,235
2732800,2019-01-06T01:00:52.061Z,19010601,XBTUSD,Buy,120,3801.5,ZeroPlusTick,557d0594-cd77-24e8-7ca0-43caa72f6e28,473847,236
2732809,2019-01-06T01:00:52.061Z,19010601,XBTUSD,Buy,3,3802,ZeroPlusTick,9b887e1e-732e-9970-751b-f44f529f984a,473850,237
2732826,2019-01-06T01:00:53.438Z,19010601,XBTUSD,Buy,2000,3802,ZeroPlusTick,a602c5d6-f154-f0ef-0a72-96e27476dfd6,475850,238
2732835,2019-01-06T01:00:53.438Z,19010601,XBTUSD,Buy,3000,3802,ZeroPlusTick,e66e3848-e5aa-9f95-0524-f4f680ce7ade,478850,239
2732846,2019-01-06T01:00:53.438Z,19010601,XBTUSD,Buy,11,3802.5,ZeroPlusTick,15bd8d0a-3fe2-80ce-9e21-73b884f3a7cb,478861,240
2732858,2019-01-06T01:00:53.438Z,19010601,XBTUSD,Buy,131,3802.5,ZeroPlusTick,c29766b6-be85-90a3-0ee9-f47c1bcd58dc,478992,241
2732874,2019-01-06T01:00:53.438Z,19010601,XBTUSD,Buy,900,3803,ZeroPlusTick,13abfb75-2bd6-09d5-6cde-3eb392449adc,479892,242
2732881,2019-01-06T01:00:53.438Z,19010601,XBTUSD,Buy,38000,3803,ZeroPlusTick,5f3da002-ea43-7047-fb45-6b4e17932f82,517892,243
2732893,2019-01-06T01:00:53.438Z,19010601,XBTUSD,Buy,39392,3803,ZeroPlusTick,f5bfb6bf-5b1b-6767-29a3-64c5533a5870,557284,244
2732905,2019-01-06T01:00:57.167Z,19010601,XBTUSD,Buy,28,3803.5,PlusTick,3e355a3a-4cc3-a2cc-5fde-5c2f53ad2ba0,557312,245
2732915,2019-01-06T01:00:57.167Z,19010601,XBTUSD,Buy,30,3803.5,ZeroPlusTick,576cef77-7fc3-e2c9-71ef-593101ef63bf,557342,246
2732933,2019-01-06T01:00:59.865Z,19010601,XBTUSD,Buy,5000,3803.5,ZeroPlusTick,fcbe5bc1-efc4-b8fc-2419-8a9457e9291b,562342,247
2732939,2019-01-06T01:01:02.266Z,19010601,XBTUSD,Sell,304,3803,ZeroMinusTick,592accb6-c5b1-8301-3177-d9b523d6dba6,562646,248
2732969,2019-01-06T01:01:07.130Z,19010601,XBTUSD,Buy,3800,3803.5,ZeroPlusTick,75e0e089-da41-14c2-c66d-fa27f6830573,566446,249
2732972,2019-01-06T01:01:08.138Z,19010601,XBTUSD,Sell,104,3803,MinusTick,cf98cc16-5665-659c-d858-490255ef2a58,566550,250
2733025,2019-01-06T01:01:14.136Z,19010601,XBTUSD,Buy,2,3803.5,ZeroPlusTick,599ce1a3-0277-0a40-91e7-8c40ff238c5d,566552,251
2733027,2019-01-06T01:01:15.510Z,19010601,XBTUSD,Buy,3521,3803.5,ZeroPlusTick,444cfc7e-2484-36e0-3238-c79deb5f1925,570073,252
2733053,2019-01-06T01:01:17.142Z,19010601,XBTUSD,Buy,445,3803.5,ZeroPlusTick,bcd3a573-57bd-ccb3-572f-e8bf31c9949b,570518,253
2733078,2019-01-06T01:01:18.980Z,19010601,XBTUSD,Buy,190,3803.5,ZeroPlusTick,a241902b-9f09-3f45-b78d-6aefd45589f9,570708,254
2733091,2019-01-06T01:01:18.980Z,19010601,XBTUSD,Buy,463,3803.5,ZeroPlusTick,6c2ea415-483b-f37f-4043-e03648940dca,571171,255
2733098,2019-01-06T01:01:18.980Z,19010601,XBTUSD,Buy,2067,3803.5,ZeroPlusTick,b3b62743-de48-78cc-8eab-198363849848,573238,256
2733116,2019-01-06T01:01:19.455Z,19010601,XBTUSD,Buy,158,3803.5,ZeroPlusTick,c6251071-9c32-dc8a-2083-03f4e6c78f13,573396,257
2733127,2019-01-06T01:01:19.455Z,19010601,XBTUSD,Buy,620,3803.5,ZeroPlusTick,01b87b15-0d04-9c22-9a04-1afe3d8d2fec,574016,258
2733143,2019-01-06T01:01:19.455Z,19010601,XBTUSD,Buy,10000,3804,ZeroPlusTick,69fefdb6-ec65-2077-a0a7-5943fe3db4f2,584016,259
2733152,2019-01-06T01:01:19.455Z,19010601,XBTUSD,Buy,10,3804,ZeroPlusTick,40a80c43-3c47-a64d-f6d8-e85e7024f598,584026,260
2733166,2019-01-06T01:01:22.048Z,19010601,XBTUSD,Sell,446,3803.5,MinusTick,02d9cd36-4a79-b4d9-ba5e-bda970975369,584472,261
2733218,2019-01-06T01:01:28.780Z,19010601,XBTUSD,Buy,5007,3804,ZeroPlusTick,5402a1d1-c8c8-9ba8-236f-d3cd1584a77a,589479,262
2732817,2019-01-06T01:00:52.061Z,19010601,XBTUSD,Buy,480,3802,ZeroPlusTick,446afd64-57e9-69cd-5fd2-0889c6f72728,589959,263
2732831,2019-01-06T01:00:53.438Z,19010601,XBTUSD,Buy,33,3802,ZeroPlusTick,48461590-f0c6-d974-4dde-484eb3bc72dd,589992,264
2732836,2019-01-06T01:00:53.438Z,19010601,XBTUSD,Buy,48,3802,ZeroPlusTick,e491586b-f727-9804-422f-e69e9adbed8e,590040,265
2732848,2019-01-06T01:00:53.438Z,19010601,XBTUSD,Buy,126,3802.5,ZeroPlusTick,6fcd069a-66cf-5e04-4cec-7101b6d8d029,590166,266
2732859,2019-01-06T01:00:53.438Z,19010601,XBTUSD,Buy,50,3802.5,ZeroPlusTick,72ba9426-f5a7-008f-c5ad-c3bcb159a56c,590216,267
2732867,2019-01-06T01:00:53.438Z,19010601,XBTUSD,Buy,1000,3803,ZeroPlusTick,1ffd9ceb-f0a3-62d4-8520-1ac197b4784b,591216,268
2732877,2019-01-06T01:00:53.438Z,19010601,XBTUSD,Buy,126,3803,ZeroPlusTick,3cd1d68e-fbde-6d65-e789-483a6e7fbfa0,591342,269
2732887,2019-01-06T01:00:53.438Z,19010601,XBTUSD,Buy,50000,3803,ZeroPlusTick,195f46d1-3fc4-86a6-cea7-032346fa2b6a,641342,270
2732896,2019-01-06T01:00:53.438Z,19010601,XBTUSD,Buy,1787,3803,ZeroPlusTick,748a0dec-6dfd-78a8-1626-601e7b3069d4,643129,271
2732913,2019-01-06T01:00:57.167Z,19010601,XBTUSD,Buy,100,3803.5,ZeroPlusTick,3349d761-9317-b848-0ba4-a98ae94b5618,643229,272
2732916,2019-01-06T01:00:57.167Z,19010601,XBTUSD,Buy,8944,3803.5,ZeroPlusTick,1338714b-95f9-4fed-f6cb-f5ef6c455ac1,652173,273
2732974,2019-01-06T01:01:08.767Z,19010601,XBTUSD,Buy,61,3803.5,PlusTick,b1ba7d31-46f0-f015-266d-5b1bdec1b374,652234,274
2733023,2019-01-06T01:01:14.136Z,19010601,XBTUSD,Buy,83,3803.5,ZeroPlusTick,92d5e69e-21e5-4610-f8da-59666e7caf13,652317,275
2733030,2019-01-06T01:01:15.510Z,19010601,XBTUSD,Buy,1000,3803.5,ZeroPlusTick,d3cdee33-c20d-7d61-2891-906947500e83,653317,276
2733048,2019-01-06T01:01:16.511Z,19010601,XBTUSD,Sell,200,3803,MinusTick,8d34c6d5-bd31-228a-7f47-8940591f1dd6,653517,277
2733049,2019-01-06T01:01:16.632Z,19010601,XBTUSD,Sell,2000,3803,ZeroMinusTick,3a80daa6-ef1a-8210-e8e7-7143e5efa942,655517,278
2733050,2019-01-06T01:01:16.747Z,19010601,XBTUSD,Sell,200,3803,ZeroMinusTick,1d001ac7-cd0e-6557-18ae-bd1890fbd2a6,655717,279
2733052,2019-01-06T01:01:17.067Z,19010601,XBTUSD,Buy,10000,3803.5,PlusTick,f21c6cb3-044e-0265-3381-08f35d674267,665717,280
2733079,2019-01-06T01:01:18.980Z,19010601,XBTUSD,Buy,190,3803.5,ZeroPlusTick,2cf13ef0-527d-31f6-ddd7-9e117b05afa4,665907,281
2733089,2019-01-06T01:01:18.980Z,19010601,XBTUSD,Buy,10,3803.5,ZeroPlusTick,7566d0c5-472e-6642-54fc-6c0bf5dec194,665917,282
2733097,2019-01-06T01:01:18.980Z,19010601,XBTUSD,Buy,2067,3803.5,ZeroPlusTick,6df74bd5-6531-bc0e-8551-6e4321e56e90,667984,283
2733121,2019-01-06T01:01:19.455Z,19010601,XBTUSD,Buy,120,3803.5,ZeroPlusTick,7553934e-9614-1622-cc89-598767ddbba6,668104,284
2733131,2019-01-06T01:01:19.455Z,19010601,XBTUSD,Buy,37,3803.5,ZeroPlusTick,53256917-a97d-95f6-1085-51008317523c,668141,285
2733142,2019-01-06T01:01:19.455Z,19010601,XBTUSD,Buy,142,3804,ZeroPlusTick,f3516147-4836-9c44-02bd-400c88abf42c,668283,286
2733146,2019-01-06T01:01:19.455Z,19010601,XBTUSD,Buy,980,3804,ZeroPlusTick,fa6b5810-8c4a-b545-68b1-7570f9f44f17,669263,287
2733266,2019-01-06T01:01:35.777Z,19010601,XBTUSD,Buy,500,3804,ZeroPlusTick,5dac9252-1f66-2514-0793-c1413cf88693,669763,288
2733278,2019-01-06T01:01:35.777Z,19010601,XBTUSD,Buy,40,3804,ZeroPlusTick,48501860-05ee-2a06-9cd5-6f5d1faa01c6,669803,289
2733306,2019-01-06T01:01:39.191Z,19010601,XBTUSD,Buy,18900,3804,ZeroPlusTick,84b1ed67-42c8-3258-61d1-2287502bb2be,688703,290
2733316,2019-01-06T01:01:41.343Z,19010601,XBTUSD,Buy,2067,3804,ZeroPlusTick,b87ed7db-0e1b-7f9f-2e6b-1a57ce19a3b3,690770,291
2733328,2019-01-06T01:01:41.343Z,19010601,XBTUSD,Buy,36,3804,ZeroPlusTick,8db0b8a2-04ff-75a4-bdf9-c79f1aff64d5,690806,292
2733332,2019-01-06T01:01:41.343Z,19010601,XBTUSD,Buy,9000,3804,ZeroPlusTick,d2b294ea-7575-a3fc-ade3-2ed35294610c,699806,293
2733334,2019-01-06T01:01:41.500Z,19010601,XBTUSD,Buy,78,3804,ZeroPlusTick,72ed542e-8291-ca89-d745-fc3d27c5167a,699884,294
2733355,2019-01-06T01:01:42.182Z,19010601,XBTUSD,Buy,11,3804.5,ZeroPlusTick,b6f7ddc0-4864-43ec-894a-46045bdcfda5,699895,295
2733377,2019-01-06T01:01:42.769Z,19010601,XBTUSD,Buy,3888,3804.5,ZeroPlusTick,0227a64d-dbc5-ed4f-26c1-024437f6e831,703783,296
2733379,2019-01-06T01:01:42.769Z,19010601,XBTUSD,Buy,5,3804.5,ZeroPlusTick,a2eb7586-1531-2a39-4855-135efb630a66,703788,297
2733399,2019-01-06T01:01:43.762Z,19010601,XBTUSD,Buy,2067,3804.5,ZeroPlusTick,b454ec67-f2c4-d9ad-e3ce-a09807efb1fb,705855,298
2732829,2019-01-06T01:00:53.438Z,19010601,XBTUSD,Buy,150,3802,ZeroPlusTick,39f17cb6-3539-f4df-d1a0-04820677f911,706005,299
2732841,2019-01-06T01:00:53.438Z,19010601,XBTUSD,Buy,4000,3802,ZeroPlusTick,49bc0201-96ef-10d8-9616-219fae546a4e,710005,300
2732853,2019-01-06T01:00:53.438Z,19010601,XBTUSD,Buy,30,3802.5,ZeroPlusTick,aa44f93f-322b-bb76-7c3e-c9069d7a6b1b,710035,301
2732857,2019-01-06T01:00:53.438Z,19010601,XBTUSD,Buy,50,3802.5,ZeroPlusTick,cac5f6b2-fd35-25ca-6343-201ec42f28cd,710085,302
2732870,2019-01-06T01:00:53.438Z,19010601,XBTUSD,Buy,2000,3803,ZeroPlusTick,0ca4788d-59bc-fbee-de5e-c0841b8d8ff9,712085,303
2732884,2019-01-06T01:00:53.438Z,19010601,XBTUSD,Buy,10,3803,ZeroPlusTick,13a5d86a-affd-48b2-064e-cddb8d4ba6db,712095,304
2732894,2019-01-06T01:00:53.438Z,19010601,XBTUSD,Buy,48621,3803,ZeroPlusTick,c0187103-054c-b938-5c26-d255a1392173,760716,305
2732908,2019-01-06T01:00:57.167Z,19010601,XBTUSD,Buy,11,3803.5,ZeroPlusTick,89efa22f-7690-c21f-aaaa-7141cdf84379,760727,306
2732965,2019-01-06T01:01:06.698Z,19010601,XBTUSD,Buy,1700,3803.5,ZeroPlusTick,62b88dd2-bb90-56d6-148f-0bc000566b6d,762427,307
2733022,2019-01-06T01:01:14.136Z,19010601,XBTUSD,Buy,267,3803.5,ZeroPlusTick,6ed220ca-76ed-c604-abb2-3bc7a8d8e4e9,762694,308
2733031,2019-01-06T01:01:15.510Z,19010601,XBTUSD,Buy,2854,3803.5,ZeroPlusTick,0ea84adc-6c6e-4744-e837-636dd4061fb4,765548,309
2733077,2019-01-06T01:01:18.980Z,19010601,XBTUSD,Buy,190,3803.5,ZeroPlusTick,efe79798-85e8-3509-4347-d1eccdd6eab6,765738,310
2733087,2019-01-06T01:01:18.980Z,19010601,XBTUSD,Buy,40,3803.5,ZeroPlusTick,b675cdb8-66ac-8d6e-34e4-141099b79116,765778,311
2733101,2019-01-06T01:01:18.980Z,19010601,XBTUSD,Buy,2067,3803.5,ZeroPlusTick,78400646-1d35-b74d-c598-8ff726aa7d25,767845,312
2733110,2019-01-06T01:01:19.416Z,19010601,XBTUSD,Buy,1676,3803.5,ZeroPlusTick,f80d1cd1-0758-6ecb-0670-13c60dbe8c60,769521,313
2733115,2019-01-06T01:01:19.455Z,19010601,XBTUSD,Buy,25000,3803.5,ZeroPlusTick,cfffa75f-2999-30b3-1259-a5b4b1ebc14c,794521,314
2733123,2019-01-06T01:01:19.455Z,19010601,XBTUSD,Buy,620,3803.5,ZeroPlusTick,6368096b-21d8-f619-fbac-4742ccebc42d,795141,315
2733133,2019-01-06T01:01:19.455Z,19010601,XBTUSD,Buy,28,3804,ZeroPlusTick,833b4eb9-25ac-7423-e8f9-1c33c7b77cca,795169,316
2733141,2019-01-06T01:01:19.455Z,19010601,XBTUSD,Buy,142,3804,ZeroPlusTick,5c656773-3406-916d-1744-92c1e492b0c2,795311,317
2733148,2019-01-06T01:01:19.455Z,19010601,XBTUSD,Buy,30,3804,ZeroPlusTick,08fab286-ff8f-acea-5cfe-874c4cccc0d7,795341,318
2733239,2019-01-06T01:01:30.854Z,19010601,XBTUSD,Buy,500,3804,ZeroPlusTick,548d5c8c-9e51-8863-31dc-f5a1ba4ba275,795841,319
2733265,2019-01-06T01:01:35.777Z,19010601,XBTUSD,Buy,1094,3804,PlusTick,8368956f-69b3-53e1-84e3-fc5986627727,796935,320
2733275,2019-01-06T01:01:35.777Z,19010601,XBTUSD,Buy,1,3804,ZeroPlusTick,7a37c4f4-a0d3-5d16-3cf1-3806df049619,796936,321
2733285,2019-01-06T01:01:35.777Z,19010601,XBTUSD,Buy,10,3804,ZeroPlusTick,252e096c-03cc-6cb9-9c9f-3d0ac8c09eeb,796946,322
2733289,2019-01-06T01:01:35.777Z,19010601,XBTUSD,Buy,28886,3804,ZeroPlusTick,9c794d16-e8bb-8080-e649-14c17c2fb0b9,825832,323
2733305,2019-01-06T01:01:38.825Z,19010601,XBTUSD,Buy,1,3804,ZeroPlusTick,cf5c5108-96cf-3522-5dfc-6edc1384695c,825833,324
2733314,2019-01-06T01:01:41.343Z,19010601,XBTUSD,Buy,10,3804,ZeroPlusTick,efa02583-8cad-62a1-f3af-2c9b9a9d15c0,825843,325
2733326,2019-01-06T01:01:41.343Z,19010601,XBTUSD,Buy,2000,3804,ZeroPlusTick,846ce0cd-810c-c4f1-1e4c-86ddcf0057c4,827843,326
2733338,2019-01-06T01:01:41.500Z,19010601,XBTUSD,Buy,38210,3804,ZeroPlusTick,17946536-6c99-5f7d-6ca2-a6fae373ce74,866053,327
2733345,2019-01-06T01:01:41.500Z,19010601,XBTUSD,Buy,10,3804,ZeroPlusTick,68ff976a-404f-65bf-268a-8d8ca4a5cc61,866063,328
2733351,2019-01-06T01:01:41.653Z,19010601,XBTUSD,Buy,9617,3804,ZeroPlusTick,b4ab18c9-73ed-4481-18d5-54b6b7685f51,875680,329
2733354,2019-01-06T01:01:42.182Z,19010601,XBTUSD,Buy,28,3804.5,ZeroPlusTick,d5af24fa-f971-3600-1be4-4103bdc9c8e5,875708,330
2733376,2019-01-06T01:01:42.769Z,19010601,XBTUSD,Buy,500,3804.5,ZeroPlusTick,0be519a3-3ca4-9d72-a8f9-66ae9b217d28,876208,331
2733387,2019-01-06T01:01:42.769Z,19010601,XBTUSD,Buy,2,3804.5,ZeroPlusTick,ec5320ae-bbeb-5bc0-7ce3-8c777e3fee34,876210,332
2732865,2019-01-06T01:00:53.438Z,19010601,XBTUSD,Buy,10,3803,ZeroPlusTick,7bd10e2f-1b3e-1187-f903-8410df645552,876220,333
2732868,2019-01-06T01:00:53.438Z,19010601,XBTUSD,Buy,100,3803,ZeroPlusTick,1ec226e1-f90e-28e3-21f9-692a6ce435f5,876320,334
2732883,2019-01-06T01:00:53.438Z,19010601,XBTUSD,Buy,100,3803,ZeroPlusTick,539839cd-6f4f-213e-8656-4d7fb1c3a1a9,876420,335
2732892,2019-01-06T01:00:53.438Z,19010601,XBTUSD,Buy,1587,3803,ZeroPlusTick,42c40d5b-5a9d-0baa-07fe-df21677763b4,878007,336
2732902,2019-01-06T01:00:55.522Z,19010601,XBTUSD,Sell,330,3803,ZeroPlusTick,9959e4c0-0cf7-9de2-5b94-34af4a82299c,878337,337
2732907,2019-01-06T01:00:57.167Z,19010601,XBTUSD,Buy,125,3803.5,ZeroPlusTick,3f1c7979-ea4c-acf0-e20c-11bbc0e7bcd1,878462,338
2732922,2019-01-06T01:00:57.167Z,19010601,XBTUSD,Buy,19348,3803.5,ZeroPlusTick,f4da4d2e-1948-5c66-f399-dad5bda12790,897810,339
2732978,2019-01-06T01:01:09.686Z,19010601,XBTUSD,Sell,10,3803,MinusTick,6f077b75-a2b3-2aa6-aa70-7f0976e2d3b2,897820,340
2733021,2019-01-06T01:01:14.136Z,19010601,XBTUSD,Buy,5,3803.5,ZeroPlusTick,f8158ea2-bebb-d904-68a5-b46810549034,897825,341
2733029,2019-01-06T01:01:15.510Z,19010601,XBTUSD,Buy,121,3803.5,ZeroPlusTick,8e3db5c0-8142-9434-381f-693dc423ba5d,897946,342
2733080,2019-01-06T01:01:18.980Z,19010601,XBTUSD,Buy,100,3803.5,ZeroPlusTick,ba93b705-a107-f5a4-e390-b67b085bb37a,898046,343
2733086,2019-01-06T01:01:18.980Z,19010601,XBTUSD,Buy,10,3803.5,ZeroPlusTick,1b764eed-318d-3f90-c0a5-b41fc7723392,898056,344
2733100,2019-01-06T01:01:18.980Z,19010601,XBTUSD,Buy,2067,3803.5,ZeroPlusTick,524134a9-e3ee-40ee-e0ca-b2179ce7685e,900123,345
2733118,2019-01-06T01:01:19.455Z,19010601,XBTUSD,Buy,10,3803.5,ZeroPlusTick,1cb8be94-a433-852d-d12d-75cf7f85aa00,900133,346
2733130,2019-01-06T01:01:19.455Z,19010601,XBTUSD,Buy,29,3803.5,ZeroPlusTick,f1bd3f3d-c375-1ae9-1b53-365ec87aa487,900162,347
2733139,2019-01-06T01:01:19.455Z,19010601,XBTUSD,Buy,20,3804,ZeroPlusTick,18806f87-6fd7-6d44-decf-1bad8be4ac56,900182,348
2733150,2019-01-06T01:01:19.455Z,19010601,XBTUSD,Buy,100,3804,ZeroPlusTick,90e18f88-f510-bfb9-8488-5fece8c5becb,900282,349
2733164,2019-01-06T01:01:21.478Z,19010601,XBTUSD,Buy,100,3804,PlusTick,ecab6895-4182-982b-88a9-a0b5464e3797,900382,350
2733269,2019-01-06T01:01:35.777Z,19010601,XBTUSD,Buy,10,3804,ZeroPlusTick,3838f7af-b2ee-941e-1053-f72d8f968fdb,900392,351
2733276,2019-01-06T01:01:35.777Z,19010601,XBTUSD,Buy,8703,3804,ZeroPlusTick,f2c108e2-f6c8-b643-2446-27a572fa31d3,909095,352
2733286,2019-01-06T01:01:35.777Z,19010601,XBTUSD,Buy,12,3804,ZeroPlusTick,561a9489-d3f3-9d32-2beb-01606782f60c,909107,353
2733318,2019-01-06T01:01:41.343Z,19010601,XBTUSD,Buy,12,3804,ZeroPlusTick,5f8fb604-a8f0-9650-e04b-2e7019385310,909119,354
2733322,2019-01-06T01:01:41.343Z,19010601,XBTUSD,Buy,10,3804,ZeroPlusTick,d24ca7fa-af80-f044-c925-d5d328e840d9,909129,355
2733340,2019-01-06T01:01:41.500Z,19010601,XBTUSD,Buy,120,3804,ZeroPlusTick,b23e8f8e-b069-7d41-3838-b07c87fe2149,909249,356
2733346,2019-01-06T01:01:41.500Z,19010601,XBTUSD,Buy,157,3804,ZeroPlusTick,31c1f52b-cef2-a80e-6f69-b49b608f1825,909406,357
2733363,2019-01-06T01:01:42.182Z,19010601,XBTUSD,Buy,34,3804.5,ZeroPlusTick,e21da019-5668-b3f3-1527-dfb23811ef56,909440,358
2733373,2019-01-06T01:01:42.769Z,19010601,XBTUSD,Buy,500,3804.5,ZeroPlusTick,1cfe5425-ef54-4daa-7b2a-a33ec4ffecc0,909940,359
2733382,2019-01-06T01:01:42.769Z,19010601,XBTUSD,Buy,18,3804.5,ZeroPlusTick,6cf7b0b6-1503-2923-85f8-dfe268084c91,909958,360
2733394,2019-01-06T01:01:43.762Z,19010601,XBTUSD,Buy,2067,3804.5,ZeroPlusTick,7446729f-cdce-ded8-69c1-ff2c9c5fed5e,912025,361
2733404,2019-01-06T01:01:45.447Z,19010601,XBTUSD,Buy,2067,3804.5,ZeroPlusTick,49dac613-5832-ea97-7407-21fa141a3a7d,914092,362
2733416,2019-01-06T01:01:45.447Z,19010601,XBTUSD,Buy,620,3804.5,ZeroPlusTick,0771ca68-e880-3fd9-8bd7-f3c5d780375b,914712,363
2733429,2019-01-06T01:01:45.447Z,19010601,XBTUSD,Buy,19304,3804.5,ZeroPlusTick,9a7021d3-9a8e-b781-0dcb-289b3a29946c,934016,364
2733434,2019-01-06T01:01:46.914Z,19010601,XBTUSD,Buy,480,3804.5,ZeroPlusTick,ce908ff9-33d0-041f-b529-6b85bfbf62fa,934496,365
2733445,2019-01-06T01:01:46.914Z,19010601,XBTUSD,Buy,2777,3804.5,ZeroPlusTick,8e586daa-0e99-22a9-b2c0-15dfa90d05af,937273,366
2733453,2019-01-06T01:01:50.412Z,19010601,XBTUSD,Buy,597,3804.5,ZeroPlusTick,3b3e698d-0baa-696f-8736-d611e4229fef,937870,367
2733471,2019-01-06T01:01:56.709Z,19010601,XBTUSD,Buy,1534,3804.5,PlusTick,f035cd04-fabf-d9cc-f068-b617ba9f348d,939404,368
2733478,2019-01-06T01:01:56.771Z,19010601,XBTUSD,Sell,6,3804,MinusTick,37768214-6b18-70d5-e803-819635af4fc3,939410,369
2732895,2019-01-06T01:00:53.438Z,19010601,XBTUSD,Buy,100,3803,ZeroPlusTick,d912f2f8-a449-337c-6de0-592d490491ef,939510,370
2732911,2019-01-06T01:00:57.167Z,19010601,XBTUSD,Buy,10,3803.5,ZeroPlusTick,284d9e60-4516-aecc-c1e8-de096d88845f,939520,371
2732921,2019-01-06T01:00:57.167Z,19010601,XBTUSD,Buy,47,3803.5,ZeroPlusTick,c62bee05-aa09-2dbf-268d-cdbc8782ec2b,939567,372
2732938,2019-01-06T01:01:00.929Z,19010601,XBTUSD,Sell,200,3803,MinusTick,cf409f51-d1ee-a76c-1cd9-8aae57c2e473,939767,373
2733063,2019-01-06T01:01:18.547Z,19010601,XBTUSD,Buy,120,3803.5,ZeroPlusTick,c14b67ba-cb86-947e-3eb6-da93650cd18b,939887,374
2733082,2019-01-06T01:01:18.980Z,19010601,XBTUSD,Buy,61,3803.5,ZeroPlusTick,33397651-04fe-2806-f588-5c345410353d,939948,375
2733093,2019-01-06T01:01:18.980Z,19010601,XBTUSD,Buy,50,3803.5,ZeroPlusTick,cfe6d5aa-f1d6-2f5d-b450-a50849ab3e90,939998,376
2733103,2019-01-06T01:01:18.980Z,19010601,XBTUSD,Buy,2067,3803.5,ZeroPlusTick,10bd82bb-c390-b55f-ddc2-037bd27a385a,942065,377
2733120,2019-01-06T01:01:19.455Z,19010601,XBTUSD,Buy,620,3803.5,ZeroPlusTick,5575a1fe-621a-8e4b-da2a-e16c5f07e862,942685,378
2733126,2019-01-06T01:01:19.455Z,19010601,XBTUSD,Buy,620,3803.5,ZeroPlusTick,aa3211ae-4c73-2551-aadd-5e7acae0543e,943305,379
2733136,2019-01-06T01:01:19.455Z,19010601,XBTUSD,Buy,16,3804,ZeroPlusTick,427ee61a-e7a2-1373-dd34-f7f1ce1f386f,943321,380
2733154,2019-01-06T01:01:19.455Z,19010601,XBTUSD,Buy,11,3804,ZeroPlusTick,bce7ad9b-5fdb-845f-55c7-f5c4d0c45ece,943332,381
2733268,2019-01-06T01:01:35.777Z,19010601,XBTUSD,Buy,5000,3804,ZeroPlusTick,97cfbaa0-263d-2909-e4b8-7c2c0b300704,948332,382
2733280,2019-01-06T01:01:35.777Z,19010601,XBTUSD,Buy,35,3804,ZeroPlusTick,14b5ecb1-5a4e-3dc2-dc49-625f4552c4ac,948367,383
2733315,2019-01-06T01:01:41.343Z,19010601,XBTUSD,Buy,11391,3804,ZeroPlusTick,738c25f0-3981-87bb-631e-d6616eb48fea,959758,384
2733324,2019-01-06T01:01:41.343Z,19010601,XBTUSD,Buy,90,3804,ZeroPlusTick,dcf9d957-9540-7055-3031-7e3cbd90e0df,959848,385
2733342,2019-01-06T01:01:41.500Z,19010601,XBTUSD,Buy,2067,3804,ZeroPlusTick,5943a781-4590-2229-0f06-15485026d177,961915,386
2733350,2019-01-06T01:01:41.500Z,19010601,XBTUSD,Buy,1121,3804,ZeroPlusTick,e3d6738f-8040-e5c7-0563-d81d47615b2e,963036,387
2733356,2019-01-06T01:01:42.182Z,19010601,XBTUSD,Buy,125,3804.5,ZeroPlusTick,e8d22e67-0595-808f-7d29-b415fe4dc777,963161,388
2733364,2019-01-06T01:01:42.182Z,19010601,XBTUSD,Buy,24,3804.5,ZeroPlusTick,3cbcee7c-7a3f-a84e-d365-61095f952895,963185,389
2733370,2019-01-06T01:01:42.769Z,19010601,XBTUSD,Buy,500,3804.5,ZeroPlusTick,4f53cc7c-85e2-3b08-713e-99d687a76519,963685,390
2733386,2019-01-06T01:01:42.769Z,19010601,XBTUSD,Buy,46234,3804.5,ZeroPlusTick,41335ce2-7809-2410-94d3-755ed9981897,1009919,391
2733389,2019-01-06T01:01:43.048Z,19010601,XBTUSD,Buy,5000,3804.5,ZeroPlusTick,2744fb4a-d20b-dd06-5830-f14abf2eb850,1014919,392
2733390,2019-01-06T01:01:43.048Z,19010601,XBTUSD,Buy,4000,3804.5,ZeroPlusTick,1c4f34f5-d563-02f2-4a86-23ed8b4edf7b,1018919,393
2733398,2019-01-06T01:01:43.762Z,19010601,XBTUSD,Buy,2067,3804.5,ZeroPlusTick,13b86eaa-4ce5-b8f0-4ea2-9b9b5a4b5d8a,1020986,394
2733407,2019-01-06T01:01:45.447Z,19010601,XBTUSD,Buy,2005,3804.5,ZeroPlusTick,97d3d5c3-1b91-ac9e-8df4-0443ea212616,1022991,395
2733414,2019-01-06T01:01:45.447Z,19010601,XBTUSD,Buy,620,3804.5,ZeroPlusTick,a4c3b566-bd15-1c25-ccae-6c32b86d3b83,1023611,396
2733424,2019-01-06T01:01:45.447Z,19010601,XBTUSD,Buy,190,3804.5,ZeroPlusTick,3faaf650-8a8f-a1fe-e2c5-b42d0cca778e,1023801,397
2733439,2019-01-06T01:01:46.914Z,19010601,XBTUSD,Buy,2068,3804.5,ZeroPlusTick,1ccb407f-d964-d794-9911-f74383714524,1025869,398
2733450,2019-01-06T01:01:50.412Z,19010601,XBTUSD,Buy,120,3804.5,ZeroPlusTick,d1fb5a21-af08-a662-dad5-e6e88272fb1d,1025989,399
2733499,2019-01-06T01:02:03.259Z,19010601,XBTUSD,Buy,10000,3804.5,ZeroPlusTick,5dcc3fec-145d-7eba-61c6-f2e2e09d759e,1035989,400
2733526,2019-01-06T01:02:04.357Z,19010601,XBTUSD,Buy,7542,3804.5,ZeroPlusTick,d3508bb2-dd37-1ced-43f9-33654746acb7,1043531,401
2733548,2019-01-06T01:02:05.532Z,19010601,XBTUSD,Sell,451,3804,ZeroMinusTick,280f1d8a-5fc9-0834-d9eb-31251e4173ee,1043982,402
2733556,2019-01-06T01:02:06.319Z,19010601,XBTUSD,Buy,190,3804.5,ZeroPlusTick,68e5b6ae-e258-bc0c-a2d1-aa5b09e7e93f,1044172,403
2732930,2019-01-06T01:00:58.903Z,19010601,XBTUSD,Buy,6000,3803.5,PlusTick,1a4b13cf-35cf-6c0f-3053-1c88e9572f9c,1050172,404
2732940,2019-01-06T01:01:02.304Z,19010601,XBTUSD,Buy,811,3803.5,PlusTick,b075e4ba-46e7-b465-328a-4160251b0844,1050983,405
2732963,2019-01-06T01:01:05.383Z,19010601,XBTUSD,Buy,48,3803.5,ZeroPlusTick,44169bad-3bc6-b5e8-8d1a-2ba48210e808,1051031,406
2733013,2019-01-06T01:01:12.071Z,19010601,XBTUSD,Sell,34112,3803,ZeroMinusTick,b8e20f79-db47-73a1-b594-752c4c0a1067,1085143,407
2733018,2019-01-06T01:01:14.008Z,19010601,XBTUSD,Sell,1007,3803,MinusTick,b8cfa1fa-8247-367d-ad1d-8748b4a701f6,1086150,408
2733024,2019-01-06T01:01:14.136Z,19010601,XBTUSD,Buy,30,3803.5,ZeroPlusTick,843283bc-6d03-d50c-f0ed-b47df0fb11d6,1086180,409
2733028,2019-01-06T01:01:15.510Z,19010601,XBTUSD,Buy,4,3803.5,ZeroPlusTick,df4a42a0-087a-ffef-1067-fd3984b627a0,1086184,410
2733064,2019-01-06T01:01:18.547Z,19010601,XBTUSD,Buy,6881,3803.5,ZeroPlusTick,9eaf203c-c718-fff7-6c58-81498e30ce41,1093065,411
2733074,2019-01-06T01:01:18.980Z,19010601,XBTUSD,Buy,5233,3803.5,ZeroPlusTick,7770ec2f-18c4-da7b-63f6-7287cb469ff3,1098298,412
2733084,2019-01-06T01:01:18.980Z,19010601,XBTUSD,Buy,1000,3803.5,ZeroPlusTick,fafd2d66-9dd5-1160-d1f4-9c30fbe12de6,1099298,413
2733094,2019-01-06T01:01:18.980Z,19010601,XBTUSD,Buy,46,3803.5,ZeroPlusTick,fa924e0e-2b79-5c0f-cec7-ce14a7e52871,1099344,414
2733102,2019-01-06T01:01:18.980Z,19010601,XBTUSD,Buy,2067,3803.5,ZeroPlusTick,d5b9eb3b-4b7f-89d8-7a7c-fd011665eb9a,1101411,415
2733122,2019-01-06T01:01:19.455Z,19010601,XBTUSD,Buy,620,3803.5,ZeroPlusTick,08800cdf-4f6f-f999-da85-f3b4b28e863e,1102031,416
2733128,2019-01-06T01:01:19.455Z,19010601,XBTUSD,Buy,11485,3803.5,ZeroPlusTick,53d29dde-ba92-a023-e4ef-341a8c776d13,1113516,417
2733138,2019-01-06T01:01:19.455Z,19010601,XBTUSD,Buy,40,3804,ZeroPlusTick,53f09bd1-cddf-31a5-1140-56c7c8e8757f,1113556,418
2733151,2019-01-06T01:01:19.455Z,19010601,XBTUSD,Buy,5000,3804,ZeroPlusTick,fe6d44f6-bb09-d2b4-a64a-0dd58cba5518,1118556,419
2733169,2019-01-06T01:01:22.787Z,19010601,XBTUSD,Buy,10000,3804,PlusTick,e9b45e72-c763-02ce-e0c9-55df677112de,1128556,420
2733238,2019-01-06T01:01:30.798Z,19010601,XBTUSD,Buy,1343,3804,ZeroPlusTick,8ffd37d8-8772-5ff0-d4f9-ee80b4293649,1129899,421
2733274,2019-01-06T01:01:35.777Z,19010601,XBTUSD,Buy,30000,3804,ZeroPlusTick,03ed648c-74e3-75e1-580d-2e98f9790cca,1159899,422
2733277,2019-01-06T01:01:35.777Z,19010601,XBTUSD,Buy,428,3804,ZeroPlusTick,e382428c-b93d-341e-c303-73f2e48f3432,1160327,423
2733309,2019-01-06T01:01:41.343Z,19010601,XBTUSD,Buy,27343,3804,ZeroPlusTick,e8e17152-ce18-2861-6c52-e98790505f05,1187670,424
2733319,2019-01-06T01:01:41.343Z,19010601,XBTUSD,Buy,190,3804,ZeroPlusTick,a77253a1-988d-40e4-fdee-40f9f30301bc,1187860,425
2733329,2019-01-06T01:01:41.343Z,19010601,XBTUSD,Buy,159,3804,ZeroPlusTick,b7182520-4109-8d77-1ab1-f76aaa76bf12,1188019,426
2733343,2019-01-06T01:01:41.500Z,19010601,XBTUSD,Buy,2067,3804,ZeroPlusTick,aada62dd-a5db-c830-9efd-eafeb3b17e49,1190086,427
2733347,2019-01-06T01:01:41.500Z,19010601,XBTUSD,Buy,6249,3804,ZeroPlusTick,f52aad0e-f191-e269-1c8d-f995d5e8dbce,1196335,428
2733353,2019-01-06T01:01:42.182Z,19010601,XBTUSD,Buy,1,3804.5,PlusTick,f4ab8887-4778-e89b-6a2f-9cbe29eeee45,1196336,429
2733361,2019-01-06T01:01:42.182Z,19010601,XBTUSD,Buy,10,3804.5,ZeroPlusTick,4c402ac6-0ae1-054d-c820-d6d64f2c38a9,1196346,430
2733371,2019-01-06T01:01:42.769Z,19010601,XBTUSD,Buy,83,3804.5,ZeroPlusTick,56557bb3-e35c-c6db-6030-74e983778d7c,1196429,431
2733381,2019-01-06T01:01:42.769Z,19010601,XBTUSD,Buy,30,3804.5,ZeroPlusTick,32a1a4e4-3e35-0b6f-a6c3-7d3c7f96e95d,1196459,432
2733401,2019-01-06T01:01:43.762Z,19010601,XBTUSD,Buy,1403,3804.5,ZeroPlusTick,94e2369c-118c-5d88-8ba9-4396e823679e,1197862,433
2733408,2019-01-06T01:01:45.447Z,19010601,XBTUSD,Buy,2005,3804.5,ZeroPlusTick,4bd8649b-c022-8208-6897-faf40bca561f,1199867,434
2733422,2019-01-06T01:01:45.447Z,19010601,XBTUSD,Buy,190,3804.5,ZeroPlusTick,ab809600-5dfe-d6d2-660e-1adabda9988b,1200057,435
2733436,2019-01-06T01:01:46.914Z,19010601,XBTUSD,Buy,2068,3804.5,ZeroPlusTick,00921295-a0bc-1959-19da-58ef9e315add,1202125,436
2733216,2019-01-06T01:01:28.780Z,19010601,XBTUSD,Buy,4493,3804,ZeroPlusTick,1258bc68-90aa-e302-30c5-301ad8ed51bf,1206618,437
2733262,2019-01-06T01:01:33.461Z,19010601,XBTUSD,Buy,1000,3804,ZeroPlusTick,5b114c82-6f59-ff91-7451-179bd044cade,1207618,438
2733272,2019-01-06T01:01:35.777Z,19010601,XBTUSD,Buy,86,3804,ZeroPlusTick,6d5723b4-5d3e-7a0a-1303-a8511139d103,1207704,439
2733282,2019-01-06T01:01:35.777Z,19010601,XBTUSD,Buy,1587,3804,ZeroPlusTick,f973e809-b480-fe9d-1a90-c4b2794783eb,1209291,440
2733287,2019-01-06T01:01:35.777Z,19010601,XBTUSD,Buy,50,3804,ZeroPlusTick,c72a0ee7-01ec-0dac-0f12-ab6382ff3172,1209341,441
2733313,2019-01-06T01:01:41.343Z,19010601,XBTUSD,Buy,4,3804,ZeroPlusTick,fc6b6fa6-78bc-d134-28d3-9c974320c70c,1209345,442
2733327,2019-01-06T01:01:41.343Z,19010601,XBTUSD,Buy,78,3804,ZeroPlusTick,98efa5f4-b86f-6e96-4e7b-1f1d0ffb93b6,1209423,443
2733341,2019-01-06T01:01:41.500Z,19010601,XBTUSD,Buy,2067,3804,ZeroPlusTick,a083dfd4-e827-b7e8-a70c-23db26a9a114,1211490,444
2733349,2019-01-06T01:01:41.500Z,19010601,XBTUSD,Buy,36,3804,ZeroPlusTick,34027fc2-d5f1-63b6-2ad1-52ec8b1b8474,1211526,445
2733357,2019-01-06T01:01:42.182Z,19010601,XBTUSD,Buy,11,3804.5,ZeroPlusTick,c5dedd1c-fb90-366a-9f2d-6e0082e30849,1211537,446
2733368,2019-01-06T01:01:42.769Z,19010601,XBTUSD,Buy,11,3804.5,ZeroPlusTick,a5c7a097-64a5-0675-153e-feb4fd51315e,1211548,447
2733385,2019-01-06T01:01:42.769Z,19010601,XBTUSD,Buy,166,3804.5,ZeroPlusTick,20fe6218-bd5b-5536-dc9e-9e26f2e574d5,1211714,448
2733392,2019-01-06T01:01:43.762Z,19010601,XBTUSD,Buy,7061,3804.5,ZeroPlusTick,43c2ccc9-3228-58fd-fb70-edda7afb1eaa,1218775,449
2733406,2019-01-06T01:01:45.447Z,19010601,XBTUSD,Buy,2005,3804.5,ZeroPlusTick,bac2e638-a4c0-cdf9-bb40-2de559915edc,1220780,450
2733420,2019-01-06T01:01:45.447Z,19010601,XBTUSD,Buy,190,3804.5,ZeroPlusTick,0eaedee6-fb40-b6ef-3e20-e1333919825e,1220970,451
2733425,2019-01-06T01:01:45.447Z,19010601,XBTUSD,Buy,120,3804.5,ZeroPlusTick,19a29778-4eb5-4cb6-e528-32c95c97570c,1221090,452
2733435,2019-01-06T01:01:46.914Z,19010601,XBTUSD,Buy,2068,3804.5,ZeroPlusTick,2431741d-ea67-d2e1-9f82-bfcf3a68b924,1223158,453
2733444,2019-01-06T01:01:46.914Z,19010601,XBTUSD,Buy,159,3804.5,ZeroPlusTick,bbb84c3b-0820-1d2a-3d65-58b7dc59d9ca,1223317,454
2733452,2019-01-06T01:01:50.412Z,19010601,XBTUSD,Buy,190,3804.5,ZeroPlusTick,acf024da-7a76-a705-3aa4-8dbcaa4e05a9,1223507,455
2733467,2019-01-06T01:01:54.951Z,19010601,XBTUSD,Buy,200,3804.5,ZeroPlusTick,f51a9a7e-6276-52c0-07d2-0c49b3ac6922,1223707,456
2733472,2019-01-06T01:01:56.709Z,19010601,XBTUSD,Buy,2000,3804.5,ZeroPlusTick,f2e2b437-7e43-7b68-b5c9-df29199967d7,1225707,457
2733483,2019-01-06T01:01:58.598Z,19010601,XBTUSD,Buy,1326,3804.5,ZeroPlusTick,31cd89db-5c88-6268-1bfd-096ce39f939a,1227033,458
2733484,2019-01-06T01:01:58.721Z,19010601,XBTUSD,Sell,2000,3804,MinusTick,68869646-f2b1-c0d6-8aec-913cffd79de0,1229033,459
2733544,2019-01-06T01:02:05.532Z,19010601,XBTUSD,Sell,7903,3804,ZeroMinusTick,c714001e-462e-3f80-959f-c31a45a953f2,1236936,460
2733555,2019-01-06T01:02:06.319Z,19010601,XBTUSD,Buy,190,3804.5,ZeroPlusTick,a8eb5008-92d8-4cd8-59da-dc7b4bcd3f07,1237126,461
2733606,2019-01-06T01:02:10.296Z,19010601,XBTUSD,Sell,330,3804,MinusTick,15d1d1c2-0646-b77e-4dbf-f4564be98f31,1237456,462
2733618,2019-01-06T01:02:13.450Z,19010601,XBTUSD,Sell,109,3804,ZeroMinusTick,3248200e-0a81-3dce-f422-fceeb1c7b239,1237565,463
2733635,2019-01-06T01:02:13.450Z,19010601,XBTUSD,Sell,480,3804,ZeroMinusTick,3f13a38e-9c57-6449-090e-7aaae0f070b5,1238045,464
2733639,2019-01-06T01:02:13.450Z,19010601,XBTUSD,Sell,5,3804,ZeroMinusTick,a8dd7747-5f57-416c-9184-f91e4f2b3201,1238050,465
2733649,2019-01-06T01:02:13.450Z,19010601,XBTUSD,Sell,10,3804,ZeroMinusTick,e70f3edf-f223-b482-fe6b-c2593f3d4d3a,1238060,466
2733659,2019-01-06T01:02:13.450Z,19010601,XBTUSD,Sell,6000,3804,ZeroMinusTick,e5a05a33-de11-25f7-9175-244b38682e9d,1244060,467
2733270,2019-01-06T01:01:35.777Z,19010601,XBTUSD,Buy,10,3804,ZeroPlusTick,803d9497-5a61-8ee7-0419-bf2efd03f61e,1244070,468
2733283,2019-01-06T01:01:35.777Z,19010601,XBTUSD,Buy,5000,3804,ZeroPlusTick,649392ad-e17a-bcd5-cb14-05cc30239ef6,1249070,469
2733288,2019-01-06T01:01:35.777Z,19010601,XBTUSD,Buy,480,3804,ZeroPlusTick,9569529e-bd02-0c50-10a6-3beec0455a13,1249550,470
2733317,2019-01-06T01:01:41.343Z,19010601,XBTUSD,Buy,190,3804,ZeroPlusTick,d081fd8e-1678-1a5b-87ae-534e2b956f03,1249740,471
2733320,2019-01-06T01:01:41.343Z,19010601,XBTUSD,Buy,190,3804,ZeroPlusTick,94ef0339-5557-497c-5dca-1a2a0cc3c62a,1249930,472
2733331,2019-01-06T01:01:41.343Z,19010601,XBTUSD,Buy,100,3804,ZeroPlusTick,2af479cf-b6db-6355-efaf-a42a08916fed,1250030,473
2733336,2019-01-06T01:01:41.500Z,19010601,XBTUSD,Buy,800,3804,ZeroPlusTick,c8e44788-4751-9b60-060f-731c336caa91,1250830,474
2733360,2019-01-06T01:01:42.182Z,19010601,XBTUSD,Buy,100,3804.5,ZeroPlusTick,9a6cd9c3-f530-3d90-6468-7fe7b20474b4,1250930,475
2733375,2019-01-06T01:01:42.769Z,19010601,XBTUSD,Buy,500,3804.5,ZeroPlusTick,638558b1-d7cc-e178-d2f1-5388e2353bde,1251430,476
2733380,2019-01-06T01:01:42.769Z,19010601,XBTUSD,Buy,480,3804.5,ZeroPlusTick,dcf72baf-35b8-3242-a352-52a98897f9b7,1251910,477
2733393,2019-01-06T01:01:43.762Z,19010601,XBTUSD,Buy,2067,3804.5,ZeroPlusTick,2711cd21-424b-0c8d-5695-fdac8b435593,1253977,478
2733403,2019-01-06T01:01:45.447Z,19010601,XBTUSD,Buy,659,3804.5,ZeroPlusTick,8945df88-d16a-c7fd-699a-d45326141c31,1254636,479
2733413,2019-01-06T01:01:45.447Z,19010601,XBTUSD,Buy,2005,3804.5,ZeroPlusTick,47f40974-91c5-38e7-67a6-6c977360ba5d,1256641,480
2733423,2019-01-06T01:01:45.447Z,19010601,XBTUSD,Buy,100,3804.5,ZeroPlusTick,04bd603c-de57-1f12-4a5d-c600427b6fbb,1256741,481
2733440,2019-01-06T01:01:46.914Z,19010601,XBTUSD,Buy,2068,3804.5,ZeroPlusTick,c54fa4d6-bdea-b95d-f81e-f5f9f9bd5b8a,1258809,482
2733447,2019-01-06T01:01:49.672Z,19010601,XBTUSD,Buy,1240,3804.5,ZeroPlusTick,887bf377-ee03-a945-4e70-fbe5746d3eab,1260049,483
2733475,2019-01-06T01:01:56.709Z,19010601,XBTUSD,Buy,1000,3804.5,ZeroPlusTick,dbe66fe2-3d31-9ac9-7850-e5cf0603a686,1261049,484
2733494,2019-01-06T01:02:01.717Z,19010601,XBTUSD,Sell,100,3804,MinusTick,d3263be9-6bf0-95ee-196e-ad2ed87f8bfb,1261149,485
2733496,2019-01-06T01:02:01.913Z,19010601,XBTUSD,Buy,10000,3804.5,PlusTick,b4e6efcf-0353-79b9-4d02-ec97dddc6c78,1271149,486
2733554,2019-01-06T01:02:06.319Z,19010601,XBTUSD,Buy,190,3804.5,ZeroPlusTick,32a7b212-b12f-a62c-3c7b-a2bad9f7a1c5,1271339,487
2733623,2019-01-06T01:02:13.450Z,19010601,XBTUSD,Sell,650,3804,ZeroMinusTick,ef4d8991-e7ee-eed8-97e7-b62bcdea05c8,1271989,488
2733630,2019-01-06T01:02:13.450Z,19010601,XBTUSD,Sell,126,3804,ZeroMinusTick,aba4723f-3956-555a-0ab5-a700ce667467,1272115,489
2733645,2019-01-06T01:02:13.450Z,19010601,XBTUSD,Sell,30,3804,ZeroMinusTick,e683e9cc-5e3e-8f2e-9a55-3efc41edb16f,1272145,490
2733656,2019-01-06T01:02:13.450Z,19010601,XBTUSD,Sell,30,3804,ZeroMinusTick,91bfa6dd-e6c1-e4cf-7db0-8c01518ab2d7,1272175,491
2733663,2019-01-06T01:02:13.450Z,19010601,XBTUSD,Sell,738,3804,ZeroMinusTick,1bbf6815-3444-e98b-bdbc-a47ecbbb3080,1272913,492
2733678,2019-01-06T01:02:13.450Z,19010601,XBTUSD,Sell,11,3803.5,ZeroMinusTick,97f2e521-7b30-7d37-110b-6425a12851b5,1272924,493
2733684,2019-01-06T01:02:13.450Z,19010601,XBTUSD,Sell,20,3803.5,ZeroMinusTick,7d75cfb4-1213-5af2-e501-e86ccd3adeb3,1272944,494
2733699,2019-01-06T01:02:13.450Z,19010601,XBTUSD,Sell,10,3803,MinusTick,500e9eba-725a-eff7-8e73-4c8a37090805,1272954,495
2733707,2019-01-06T01:02:13.450Z,19010601,XBTUSD,Sell,100,3803,ZeroMinusTick,6fbb6b07-e000-1b4d-7bb9-42d4ad98905a,1273054,496
2733719,2019-01-06T01:02:13.450Z,19010601,XBTUSD,Sell,190,3803,ZeroMinusTick,77ccc7bb-6d85-146a-38b8-212c250660e5,1273244,497
2733735,2019-01-06T01:02:14.015Z,19010601,XBTUSD,Sell,69,3802.5,ZeroMinusTick,1d6d5b43-a110-61f6-4856-c7c311ab9ac7,1273313,498
2733775,2019-01-06T01:02:24.091Z,19010601,XBTUSD,Sell,500,3802.5,ZeroMinusTick,2d3562b7-ad24-a763-abd2-f13682a11051,1273813,499
2733787,2019-01-06T01:02:24.091Z,19010601,XBTUSD,Sell,48,3802.5,ZeroMinusTick,13c1f1f9-139e-2c72-f7cc-0a219ac2826d,1273861,500
2733856,2019-01-06T01:02:29.722Z,19010601,XBTUSD,Sell,1000,3802.5,ZeroMinusTick,534146d3-8f3a-ca28-a178-08d265c84abc,1274861,501
2733868,2019-01-06T01:02:31.674Z,19010601,XBTUSD,Buy,8154,3802.5,ZeroMinusTick,8b945c4d-99a7-ad06-9c5e-9938c866854a,1283015,502
2733217,2019-01-06T01:01:28.780Z,19010601,XBTUSD,Buy,500,3804,ZeroPlusTick,a899fe16-d335-1aba-24ae-a20108526d34,1283515,503
2733263,2019-01-06T01:01:34.306Z,19010601,XBTUSD,Sell,172,3803.5,MinusTick,ea2c5dbd-6c06-e35c-1696-ed33a3ec9bd0,1283687,504
2733273,2019-01-06T01:01:35.777Z,19010601,XBTUSD,Buy,8000,3804,ZeroPlusTick,287cc94e-2ccc-9862-d9f7-c91ce3010f16,1291687,505
2733284,2019-01-06T01:01:35.777Z,19010601,XBTUSD,Buy,30,3804,ZeroPlusTick,b624e479-8a46-a2c9-35d1-3418eff1129f,1291717,506
2733311,2019-01-06T01:01:41.343Z,19010601,XBTUSD,Buy,16,3804,ZeroPlusTick,68db2f50-5533-1c5f-d384-b7ef0942b577,1291733,507
2733323,2019-01-06T01:01:41.343Z,19010601,XBTUSD,Buy,1000,3804,ZeroPlusTick,e086be92-c3a5-7b8a-fb43-3a4ff70de86c,1292733,508
2733333,2019-01-06T01:01:41.343Z,19010601,XBTUSD,Buy,19922,3804,ZeroPlusTick,2804ea1a-3d65-f6b0-3452-14040e040750,1312655,509
2733335,2019-01-06T01:01:41.500Z,19010601,XBTUSD,Buy,2067,3804,ZeroPlusTick,5e59fd95-86d7-a319-6b16-7788a27e45f7,1314722,510
2733344,2019-01-06T01:01:41.500Z,19010601,XBTUSD,Buy,10,3804,ZeroPlusTick,98bf7a94-4ea0-7faf-ffa0-d8beb7359729,1314732,511
2733362,2019-01-06T01:01:42.182Z,19010601,XBTUSD,Buy,11,3804.5,ZeroPlusTick,b17b2861-7b19-ddb8-69ba-7359cffd73c8,1314743,512
2733374,2019-01-06T01:01:42.769Z,19010601,XBTUSD,Buy,500,3804.5,ZeroPlusTick,ea902104-5f8b-5dae-7daf-79d6572bfc69,1315243,513
2733384,2019-01-06T01:01:42.769Z,19010601,XBTUSD,Buy,30,3804.5,ZeroPlusTick,ea778c89-2893-de30-6f0d-a5381bb53e27,1315273,514
2733400,2019-01-06T01:01:43.762Z,19010601,XBTUSD,Buy,2067,3804.5,ZeroPlusTick,02d5b121-465e-94ef-61d4-b59634fe6227,1317340,515
2733402,2019-01-06T01:01:44.664Z,19010601,XBTUSD,Buy,5,3804.5,ZeroPlusTick,5d408b01-94b0-5404-edb7-53078f787cb3,1317345,516
2733411,2019-01-06T01:01:45.447Z,19010601,XBTUSD,Buy,2005,3804.5,ZeroPlusTick,8ce91d26-547f-eb28-6502-e30d89803079,1319350,517
2733415,2019-01-06T01:01:45.447Z,19010601,XBTUSD,Buy,620,3804.5,ZeroPlusTick,82c9a41f-c2a2-4b84-f81f-9c8434fa9c6e,1319970,518
2733428,2019-01-06T01:01:45.447Z,19010601,XBTUSD,Buy,1,3804.5,ZeroPlusTick,40033f6e-7cc7-d52d-a43f-8eda0af2189e,1319971,519
2733437,2019-01-06T01:01:46.914Z,19010601,XBTUSD,Buy,2068,3804.5,ZeroPlusTick,47f1edf0-d0dd-129e-4473-4a7d2cda855c,1322039,520
2733458,2019-01-06T01:01:51.475Z,19010601,XBTUSD,Sell,365,3804,MinusTick,9f485f3b-cf45-411d-a27e-27b1ccf17fa9,1322404,521
2733476,2019-01-06T01:01:56.709Z,19010601,XBTUSD,Buy,1000,3804.5,ZeroPlusTick,faab5c0f-f41a-b158-7c53-43f92706821e,1323404,522
2733547,2019-01-06T01:02:05.532Z,19010601,XBTUSD,Sell,200,3804,ZeroMinusTick,e19335a9-86bd-9f57-7d06-aabf1e69276e,1323604,523
2733624,2019-01-06T01:02:13.450Z,19010601,XBTUSD,Sell,1000,3804,ZeroMinusTick,abadb5f2-ed47-11cd-c377-e234b1d26044,1324604,524
2733632,2019-01-06T01:02:13.450Z,19010601,XBTUSD,Sell,512,3804,ZeroMinusTick,0fa18735-75ab-8119-ccbe-1b24d796760d,1325116,525
2733644,2019-01-06T01:02:13.450Z,19010601,XBTUSD,Sell,30,3804,ZeroMinusTick,6891adef-c905-7406-c0ec-c86c967dac21,1325146,526
2733651,2019-01-06T01:02:13.450Z,19010601,XBTUSD,Sell,7608,3804,ZeroMinusTick,f73c72bf-7ab4-48f4-ded2-861df1cac305,1332754,527
2733668,2019-01-06T01:02:13.450Z,19010601,XBTUSD,Sell,40,3804,ZeroMinusTick,6c40f139-5dd5-57c7-c12c-5ed3eafc0002,1332794,528
2733677,2019-01-06T01:02:13.450Z,19010601,XBTUSD,Sell,112,3803.5,ZeroMinusTick,95795360-afc6-958b-1412-7346d254e8e3,1332906,529
2733689,2019-01-06T01:02:13.450Z,19010601,XBTUSD,Sell,50,3803.5,ZeroMinusTick,70dbb828-203c-70a2-45c6-e8b613e4c9e0,1332956,530
2733702,2019-01-06T01:02:13.450Z,19010601,XBTUSD,Sell,11,3803,ZeroMinusTick,8d5839ad-316c-d847-a24d-4f5957acee39,1332967,531
2733708,2019-01-06T01:02:13.450Z,19010601,XBTUSD,Sell,30,3803,ZeroMinusTick,0137cc9c-3fa0-c242-cb5c-05da73adb561,1332997,532
2733724,2019-01-06T01:02:13.450Z,19010601,XBTUSD,Sell,15212,3803,ZeroMinusTick,f2ea9ce7-8ab2-3f2c-a7c7-7e18393fa404,1348209,533
2733736,2019-01-06T01:02:14.015Z,19010601,XBTUSD,Sell,17,3802.5,ZeroMinusTick,02339aec-9cab-c21b-c256-0a08c257c3fb,1348226,534
2733779,2019-01-06T01:02:24.091Z,19010601,XBTUSD,Sell,5,3802.5,ZeroMinusTick,93a1329a-a5cc-6c9e-f03d-471135337d5f,1348231,535
2733786,2019-01-06T01:02:24.091Z,19010601,XBTUSD,Sell,11,3802.5,ZeroMinusTick,56e0531a-07b8-b8d4-cda9-51ce9b5037a7,1348242,536
2733271,2019-01-06T01:01:35.777Z,19010601,XBTUSD,Buy,5000,3804,ZeroPlusTick,ef73452d-c895-c472-579e-ed6b536ef2d4,1353242,537
2733281,2019-01-06T01:01:35.777Z,19010601,XBTUSD,Buy,3,3804,ZeroPlusTick,d9a73252-68e0-f737-99be-ad1272a38718,1353245,538
2733291,2019-01-06T01:01:36.514Z,19010601,XBTUSD,Buy,676,3804,ZeroPlusTick,c132681b-4ac6-58fa-1041-8d3d76eb0d1c,1353921,539
2733310,2019-01-06T01:01:41.343Z,19010601,XBTUSD,Buy,1,3804,ZeroPlusTick,a3a3a2f0-10cb-79d5-f101-5e2616b9fa14,1353922,540
2733325,2019-01-06T01:01:41.343Z,19010601,XBTUSD,Buy,121,3804,ZeroPlusTick,92f6fff4-6021-e06a-b9f1-1460fa287ee4,1354043,541
2733339,2019-01-06T01:01:41.500Z,19010601,XBTUSD,Buy,480,3804,ZeroPlusTick,8c75e255-9423-969b-89b6-f860958a7c9d,1354523,542
2733359,2019-01-06T01:01:42.182Z,19010601,XBTUSD,Buy,45,3804.5,ZeroPlusTick,a7648499-1c1f-8e93-657c-d7bb1b866b4e,1354568,543
2733372,2019-01-06T01:01:42.769Z,19010601,XBTUSD,Buy,500,3804.5,ZeroPlusTick,393886e9-a348-386e-6154-b33843f8982f,1355068,544
2733383,2019-01-06T01:01:42.769Z,19010601,XBTUSD,Buy,20000,3804.5,ZeroPlusTick,c25426d8-ef8a-8c59-f7db-5af4586d6d0b,1375068,545
2733396,2019-01-06T01:01:43.762Z,19010601,XBTUSD,Buy,2067,3804.5,ZeroPlusTick,cee54438-0266-745d-beab-51b464bbf0b9,1377135,546
2733405,2019-01-06T01:01:45.447Z,19010601,XBTUSD,Buy,2005,3804.5,ZeroPlusTick,4ca0e389-e9e6-bf84-d60a-1f304c269977,1379140,547
2733417,2019-01-06T01:01:45.447Z,19010601,XBTUSD,Buy,620,3804.5,ZeroPlusTick,634839c9-53d4-d5cb-d11f-dfdba1517211,1379760,548
2733441,2019-01-06T01:01:46.914Z,19010601,XBTUSD,Buy,2068,3804.5,ZeroPlusTick,517c537c-7d33-17fc-3567-909bb4cc445c,1381828,549
2733449,2019-01-06T01:01:50.412Z,19010601,XBTUSD,Buy,190,3804.5,ZeroPlusTick,c6854755-3322-b13f-aec6-b4dfc4b3c124,1382018,550
2733473,2019-01-06T01:01:56.709Z,19010601,XBTUSD,Buy,40,3804.5,ZeroPlusTick,36e5dd60-ec8e-2784-b470-a35a81976727,1382058,551
2733480,2019-01-06T01:01:58.553Z,19010601,XBTUSD,Buy,10000,3804.5,PlusTick,d53efa15-eb05-ced0-b22c-e39040a5e492,1392058,552
2733481,2019-01-06T01:01:58.598Z,19010601,XBTUSD,Buy,674,3804.5,ZeroPlusTick,554856c4-c2f7-b553-7d8c-fe931c5966c2,1392732,553
2733543,2019-01-06T01:02:05.532Z,19010601,XBTUSD,Sell,4646,3804,MinusTick,8bed92c8-c873-d578-be1f-81d02dff1259,1397378,554
2733549,2019-01-06T01:02:06.319Z,19010601,XBTUSD,Buy,1746,3804.5,PlusTick,cff3fc2e-b106-5e54-47c0-0f950682bec2,1399124,555
2733604,2019-01-06T01:02:09.734Z,19010601,XBTUSD,Buy,10000,3804.5,ZeroPlusTick,e41155cb-29f1-d1a1-b997-6c610c429410,1409124,556
2733617,2019-01-06T01:02:13.450Z,19010601,XBTUSD,Sell,3094,3804,ZeroMinusTick,7b03f182-eed4-e4b7-549f-61f6bbfc8405,1412218,557
2733627,2019-01-06T01:02:13.450Z,19010601,XBTUSD,Sell,28,3804,ZeroMinusTick,6fd5598d-c61f-de2b-7f4c-ca2d6aaa9980,1412246,558
2733637,2019-01-06T01:02:13.450Z,19010601,XBTUSD,Sell,500,3804,ZeroMinusTick,fdef4229-a440-c679-2a4d-7c69e1aa8d48,1412746,559
2733646,2019-01-06T01:02:13.450Z,19010601,XBTUSD,Sell,50,3804,ZeroMinusTick,d201e3ed-ca3e-1c81-a0db-ad3a3e73caa9,1412796,560
2733655,2019-01-06T01:02:13.450Z,19010601,XBTUSD,Sell,30,3804,ZeroMinusTick,78cad932-f419-10f2-dc0b-3e65e1e3faee,1412826,561
2733665,2019-01-06T01:02:13.450Z,19010601,XBTUSD,Sell,20,3804,ZeroMinusTick,474112e8-e4db-a7ba-2d21-680175e8f37c,1412846,562
2733676,2019-01-06T01:02:13.450Z,19010601,XBTUSD,Sell,61,3803.5,ZeroMinusTick,dac2e688-4785-95ec-b445-5626db24bb9e,1412907,563
2733690,2019-01-06T01:02:13.450Z,19010601,XBTUSD,Sell,35,3803.5,ZeroMinusTick,64ae9ea9-e415-9bf0-265f-413fe3256309,1412942,564
2733700,2019-01-06T01:02:13.450Z,19010601,XBTUSD,Sell,11,3803,ZeroMinusTick,ed0a4cde-983a-02f0-80e2-370e17d8f34b,1412953,565
2733713,2019-01-06T01:02:13.450Z,19010601,XBTUSD,Sell,16,3803,ZeroMinusTick,8c7f5c98-1c39-2844-c8a3-5aca2fee5cc5,1412969,566
2733717,2019-01-06T01:02:13.450Z,19010601,XBTUSD,Sell,190,3803,ZeroMinusTick,a1796091-4324-09db-58c8-b23875b591dc,1413159,567
2733738,2019-01-06T01:02:14.015Z,19010601,XBTUSD,Sell,16,3802.5,ZeroMinusTick,cbdb3e68-5676-ada4-3ebb-c215e0977769,1413175,568
2733740,2019-01-06T01:02:14.059Z,19010601,XBTUSD,Buy,200,3803,PlusTick,3aa2070e-b2ca-2809-2e30-52490cdacc37,1413375,569
2733743,2019-01-06T01:02:14.813Z,19010601,XBTUSD,Buy,100,3803,ZeroPlusTick,19d845d9-3564-934b-ea09-db29a6307585,1413475,570
2733756,2019-01-06T01:02:19.658Z,19010601,XBTUSD,Buy,268,3803,PlusTick,66046e16-d94b-8447-050b-cba165e49ab4,1413743,571
2733267,2019-01-06T01:01:35.777Z,19010601,XBTUSD,Buy,5000,3804,ZeroPlusTick,21230d07-7e44-8d87-06e5-cfecaf485ddd,1418743,572
2733279,2019-01-06T01:01:35.777Z,19010601,XBTUSD,Buy,35,3804,ZeroPlusTick,5bde1dfb-298d-96be-e28f-2d1965e9f80e,1418778,573
2733290,2019-01-06T01:01:36.514Z,19010601,XBTUSD,Buy,9324,3804,ZeroPlusTick,ceddd506-0db8-1de5-fb4e-bf4cfd82956b,1428102,574
2733312,2019-01-06T01:01:41.343Z,19010601,XBTUSD,Buy,30,3804,ZeroPlusTick,4b3d7670-93bb-edc3-c5e0-a5eb144f32e5,1428132,575
2733321,2019-01-06T01:01:41.343Z,19010601,XBTUSD,Buy,1000,3804,ZeroPlusTick,5473f602-d237-07af-4dfd-8abb644555ee,1429132,576
2733330,2019-01-06T01:01:41.343Z,19010601,XBTUSD,Buy,40,3804,ZeroPlusTick,c4c1ae5c-d745-f1ed-68d2-205cae43594f,1429172,577
2733337,2019-01-06T01:01:41.500Z,19010601,XBTUSD,Buy,10,3804,ZeroPlusTick,10c6c66e-b762-6121-9619-467ffd1d8aa6,1429182,578
2733348,2019-01-06T01:01:41.500Z,19010601,XBTUSD,Buy,24,3804,ZeroPlusTick,51276c5c-43af-fc1c-bc21-7fd7e32270e3,1429206,579
2733352,2019-01-06T01:01:41.653Z,19010601,XBTUSD,Buy,18,3804,ZeroPlusTick,b7fdd136-f26f-a039-4f6d-8cc16fe1ed42,1429224,580
2733358,2019-01-06T01:01:42.182Z,19010601,XBTUSD,Buy,100,3804.5,ZeroPlusTick,27b18674-ac44-2854-68ae-23465c03d4a3,1429324,581
2733369,2019-01-06T01:01:42.769Z,19010601,XBTUSD,Buy,5000,3804.5,ZeroPlusTick,1dde3298-946d-a4c1-41f3-1e0268e88a2b,1434324,582
2733378,2019-01-06T01:01:42.769Z,19010601,XBTUSD,Buy,50,3804.5,ZeroPlusTick,3c30851e-60be-b470-3fcb-0b8bf9f11677,1434374,583
2733388,2019-01-06T01:01:42.769Z,19010601,XBTUSD,Buy,21003,3804.5,ZeroPlusTick,db890ed9-e007-9904-dddb-326d39251aec,1455377,584
2733397,2019-01-06T01:01:43.762Z,19010601,XBTUSD,Buy,2067,3804.5,ZeroPlusTick,6b1627a9-e876-e2b9-a89e-1dbd28a5c049,1457444,585
2733410,2019-01-06T01:01:45.447Z,19010601,XBTUSD,Buy,2005,3804.5,ZeroPlusTick,822d6bab-0707-c6f1-b028-e8eaeed88a61,1459449,586
2733418,2019-01-06T01:01:45.447Z,19010601,XBTUSD,Buy,620,3804.5,ZeroPlusTick,0d91cac3-7bf8-b1f7-4670-0a961f7ed3b5,1460069,587
2733426,2019-01-06T01:01:45.447Z,19010601,XBTUSD,Buy,4,3804.5,ZeroPlusTick,fb7f2e71-02ca-d452-c6cf-cc785b49657a,1460073,588
2733438,2019-01-06T01:01:46.914Z,19010601,XBTUSD,Buy,2068,3804.5,ZeroPlusTick,68553a09-6c5c-fb9c-3581-2798f2f78cb0,1462141,589
2733448,2019-01-06T01:01:50.412Z,19010601,XBTUSD,Buy,8713,3804.5,ZeroPlusTick,f922b00d-d734-c9e9-cb56-29fbf3afb197,1470854,590
2733477,2019-01-06T01:01:56.709Z,19010601,XBTUSD,Buy,4326,3804.5,ZeroPlusTick,1eadee2f-104f-d499-8c44-fd7277c98bd0,1475180,591
2733488,2019-01-06T01:02:00.449Z,19010601,XBTUSD,Buy,10000,3804.5,PlusTick,33f67cc1-6f11-2a38-4f10-5f167ab7a6bc,1485180,592
2733492,2019-01-06T01:02:01.564Z,19010601,XBTUSD,Buy,500,3804.5,ZeroPlusTick,aabcfa19-02a5-9faf-7150-de86a2361f94,1485680,593
2733527,2019-01-06T01:02:04.492Z,19010601,XBTUSD,Buy,11,3804.5,ZeroPlusTick,0a79f77e-edb7-3536-4e69-5c53e46e500f,1485691,594
2733546,2019-01-06T01:02:05.532Z,19010601,XBTUSD,Sell,4000,3804,ZeroMinusTick,0f274804-0267-b65b-5ac7-10006a044c3a,1489691,595
2733557,2019-01-06T01:02:06.319Z,19010601,XBTUSD,Buy,7209,3804.5,ZeroPlusTick,63e2467a-6410-c3aa-6eb5-f4fee0ca6732,1496900,596
2733622,2019-01-06T01:02:13.450Z,19010601,XBTUSD,Sell,20136,3804,ZeroMinusTick,bf527669-b92e-32c9-8a46-ffe0f5d3152a,1517036,597
2733634,2019-01-06T01:02:13.450Z,19010601,XBTUSD,Sell,3222,3804,ZeroMinusTick,f219b18a-e475-b198-6036-d57e615e7f2b,1520258,598
2733641,2019-01-06T01:02:13.450Z,19010601,XBTUSD,Sell,10,3804,ZeroMinusTick,02f8997e-a62d-fa14-feeb-f481e93fe998,1520268,599
2733653,2019-01-06T01:02:13.450Z,19010601,XBTUSD,Sell,50,3804,ZeroMinusTick,bc74890c-53eb-7f9e-ff5b-297952ba391b,1520318,600
2733664,2019-01-06T01:02:13.450Z,19010601,XBTUSD,Sell,10,3804,ZeroMinusTick,466520db-74fd-6f28-1008-23819d2a2abe,1520328,601
2733679,2019-01-06T01:02:13.450Z,19010601,XBTUSD,Sell,30,3803.5,ZeroMinusTick,5abb5003-4833-18c2-f5e9-b61da52823fd,1520358,602
2733688,2019-01-06T01:02:13.450Z,19010601,XBTUSD,Sell,10000,3803.5,ZeroMinusTick,d1768ad4-9a59-5d16-c23c-0af43c21b7c4,1530358,603
2733701,2019-01-06T01:02:13.450Z,19010601,XBTUSD,Sell,28,3803,ZeroMinusTick,650fb0de-eaa8-0781-5ac9-7d5984b60e4d,1530386,604
2733705,2019-01-06T01:02:13.450Z,19010601,XBTUSD,Sell,10,3803,ZeroMinusTick,b806b7c9-697d-b7e7-a8e8-d86bf1c64e3e,1530396,605
2733715,2019-01-06T01:02:13.450Z,19010601,XBTUSD,Sell,70,3803,ZeroMinusTick,b7883110-2fca-3ab1-3c2e-ec594812c505,1530466,606
2733730,2019-01-06T01:02:14.015Z,19010601,XBTUSD,Sell,10,3802.5,ZeroMinusTick,79873cfe-2d94-8a14-45c1-049c426c3a49,1530476,607
2733395,2019-01-06T01:01:43.762Z,19010601,XBTUSD,Buy,2067,3804.5,ZeroPlusTick,dfbd9758-f269-7b7b-c67b-6c07f9eef410,1532543,608
2733409,2019-01-06T01:01:45.447Z,19010601,XBTUSD,Buy,2005,3804.5,ZeroPlusTick,054f77c4-0e47-7c96-141e-afe7c4f1aacb,1534548,609
2733419,2019-01-06T01:01:45.447Z,19010601,XBTUSD,Buy,620,3804.5,ZeroPlusTick,86022e98-8490-6fb1-f141-5f8c01a90e67,1535168,610
2733427,2019-01-06T01:01:45.447Z,19010601,XBTUSD,Buy,621,3804.5,ZeroPlusTick,81079147-76b2-842f-ef0a-83e5b4f588ed,1535789,611
2733443,2019-01-06T01:01:46.914Z,19010601,XBTUSD,Buy,40,3804.5,ZeroPlusTick,9afff501-7eff-7416-9391-af761cf6712a,1535829,612
2733463,2019-01-06T01:01:52.577Z,19010601,XBTUSD,Buy,210,3804.5,PlusTick,51942bf7-c087-261d-bc14-04e009081532,1536039,613
2733464,2019-01-06T01:01:53.327Z,19010601,XBTUSD,Sell,2,3804,MinusTick,d72e06d6-ada5-612c-ed20-843c91452d2b,1536041,614
2733465,2019-01-06T01:01:53.480Z,19010601,XBTUSD,Buy,56,3804.5,PlusTick,2149330e-4f11-c0c6-c616-c28ca146af4b,1536097,615
2733482,2019-01-06T01:01:58.598Z,19010601,XBTUSD,Buy,1000,3804.5,ZeroPlusTick,56a7516f-59e7-e2a5-c5cf-7d681a0bd888,1537097,616
2733525,2019-01-06T01:02:04.357Z,19010601,XBTUSD,Buy,480,3804.5,ZeroPlusTick,809d9aca-2c61-1901-0291-8bf550f7a1e6,1537577,617
2733550,2019-01-06T01:02:06.319Z,19010601,XBTUSD,Buy,121,3804.5,ZeroPlusTick,af7a0314-6654-1653-9265-507fcec0ae66,1537698,618
2733625,2019-01-06T01:02:13.450Z,19010601,XBTUSD,Sell,12,3804,ZeroMinusTick,345e3529-1ee2-4fdd-3ff7-a54ccabb84bc,1537710,619
2733629,2019-01-06T01:02:13.450Z,19010601,XBTUSD,Sell,11,3804,ZeroMinusTick,de73a71e-da07-3489-f32f-9e971870335d,1537721,620
2733643,2019-01-06T01:02:13.450Z,19010601,XBTUSD,Sell,10,3804,ZeroMinusTick,13487629-dbba-31b0-3b5a-7cebc2873fb9,1537731,621
2733654,2019-01-06T01:02:13.450Z,19010601,XBTUSD,Sell,20000,3804,ZeroMinusTick,e4beba7e-6c32-a5a9-2e7e-29ac3910830c,1557731,622
2733667,2019-01-06T01:02:13.450Z,19010601,XBTUSD,Sell,5000,3804,ZeroMinusTick,4126d1c0-01ca-c7c6-d170-63e4cb9ebccc,1562731,623
2733675,2019-01-06T01:02:13.450Z,19010601,XBTUSD,Sell,30,3803.5,ZeroMinusTick,02de3aab-652a-672b-8a1a-d61dc51242b5,1562761,624
2733686,2019-01-06T01:02:13.450Z,19010601,XBTUSD,Sell,20,3803.5,ZeroMinusTick,17dc24f2-474c-7116-a37c-f14ce399822b,1562781,625
2733696,2019-01-06T01:02:13.450Z,19010601,XBTUSD,Sell,50,3803.5,ZeroMinusTick,87cab55e-153e-f0f1-305c-dc700d00b692,1562831,626
2733712,2019-01-06T01:02:13.450Z,19010601,XBTUSD,Sell,3,3803,ZeroMinusTick,64958608-9c37-4453-c831-b36bc64d630b,1562834,627
2733721,2019-01-06T01:02:13.450Z,19010601,XBTUSD,Sell,3888,3803,ZeroMinusTick,da81d9c0-da45-b550-ca93-06574f7efd3e,1566722,628
2733734,2019-01-06T01:02:14.015Z,19010601,XBTUSD,Sell,200,3802.5,ZeroMinusTick,9fa41a5c-b8fe-8ecd-b616-3263d6227643,1566922,629
2733765,2019-01-06T01:02:20.704Z,19010601,XBTUSD,Sell,1,3802.5,MinusTick,effd7880-55ea-2e50-4ebe-560bbc0c8133,1566923,630
2733776,2019-01-06T01:02:24.091Z,19010601,XBTUSD,Sell,500,3802.5,ZeroMinusTick,7c3e8e5e-1c9b-f8d5-e931-0e786a797196,1567423,631
2733789,2019-01-06T01:02:24.091Z,19010601,XBTUSD,Sell,3390,3802.5,ZeroMinusTick,a4f1c65b-c991-904a-2ec7-d5c86afa6c59,1570813,632
2733790,2019-01-06T01:02:24.225Z,19010601,XBTUSD,Buy,10000,3803,PlusTick,d28f6f8c-fd8d-eb44-90b4-9bc3fff37391,1580813,633
2733851,2019-01-06T01:02:29.092Z,19010601,XBTUSD,Sell,281,3802.5,MinusTick,4887ac86-1a32-3d2a-48e9-fdee42a4986d,1581094,634
2733864,2019-01-06T01:02:29.722Z,19010601,XBTUSD,Sell,4800,3802.5,ZeroMinusTick,cc1c51d9-15d0-0ad6-78cc-b0e4a6eeed44,1585894,635
2733871,2019-01-06T01:02:33.680Z,19010601,XBTUSD,Sell,45,3802,ZeroMinusTick,0a7ec798-635d-ebed-8e63-911b060aaf64,1585939,636
2733975,2019-01-06T01:03:04.957Z,19010601,XBTUSD,Sell,2000,3802,ZeroMinusTick,842c894b-3610-3f57-1ae1-7363937862ab,1587939,637
2733412,2019-01-06T01:01:45.447Z,19010601,XBTUSD,Buy,2005,3804.5,ZeroPlusTick,78a185bc-cd68-e966-69fa-e9af98139e70,1589944,638
2733421,2019-01-06T01:01:45.447Z,19010601,XBTUSD,Buy,10362,3804.5,ZeroPlusTick,6c28ed73-2b58-5716-8a5a-145b571fcea7,1600306,639
2733442,2019-01-06T01:01:46.914Z,19010601,XBTUSD,Buy,2068,3804.5,ZeroPlusTick,984ca56f-b9b7-b9ce-d914-db18460c70d6,1602374,640
2733446,2019-01-06T01:01:49.672Z,19010601,XBTUSD,Buy,10,3804.5,ZeroPlusTick,df020a21-6719-9880-fa1a-fb501ad17daf,1602384,641
2733451,2019-01-06T01:01:50.412Z,19010601,XBTUSD,Buy,190,3804.5,ZeroPlusTick,5c8f54ff-3314-5d0a-5069-2d208cce4e88,1602574,642
2733459,2019-01-06T01:01:51.475Z,19010601,XBTUSD,Sell,1635,3804,ZeroMinusTick,877a0559-9976-aab2-7707-f119c3ffa298,1604209,643
2733469,2019-01-06T01:01:55.409Z,19010601,XBTUSD,Sell,1611,3804,MinusTick,cdc6f50c-b46f-3281-da56-d124cede9af2,1605820,644
2733493,2019-01-06T01:02:01.662Z,19010601,XBTUSD,Buy,1,3804.5,ZeroPlusTick,c942aaec-97ed-e50b-879b-6e3671c5d439,1605821,645
2733551,2019-01-06T01:02:06.319Z,19010601,XBTUSD,Buy,200,3804.5,ZeroPlusTick,45b02f45-8428-330a-aaf1-f205400c0396,1606021,646
2733619,2019-01-06T01:02:13.450Z,19010601,XBTUSD,Sell,10,3804,ZeroMinusTick,e9d6d250-a815-ae66-87ef-f52a22ca69a8,1606031,647
2733633,2019-01-06T01:02:13.450Z,19010601,XBTUSD,Sell,5000,3804,ZeroMinusTick,9721c4f9-9ef2-fbb8-990e-d79b73a88843,1611031,648
2733640,2019-01-06T01:02:13.450Z,19010601,XBTUSD,Sell,11,3804,ZeroMinusTick,1947fbae-b519-9ff5-179a-eb903f78f12a,1611042,649
2733657,2019-01-06T01:02:13.450Z,19010601,XBTUSD,Sell,10,3804,ZeroMinusTick,c98fe198-cd0a-f5bd-8e95-ba0f5793727e,1611052,650
2733669,2019-01-06T01:02:13.450Z,19010601,XBTUSD,Sell,28,3803.5,MinusTick,6a113c49-97b2-bdca-f81d-d4a08d5e51a9,1611080,651
2733672,2019-01-06T01:02:13.450Z,19010601,XBTUSD,Sell,11,3803.5,ZeroMinusTick,64e93781-5674-8351-fa1e-9f67142a321e,1611091,652
2733682,2019-01-06T01:02:13.450Z,19010601,XBTUSD,Sell,30,3803.5,ZeroMinusTick,e8eb6e90-3a6c-f725-ebee-c8d329097272,1611121,653
2733692,2019-01-06T01:02:13.450Z,19010601,XBTUSD,Sell,10,3803.5,ZeroMinusTick,c6f59471-ebf7-4be4-f0fe-d412178fbc79,1611131,654
2733697,2019-01-06T01:02:13.450Z,19010601,XBTUSD,Sell,40,3803.5,ZeroMinusTick,62ab50cc-a35a-921f-0214-238685e52ac6,1611171,655
2733711,2019-01-06T01:02:13.450Z,19010601,XBTUSD,Sell,10,3803,ZeroMinusTick,dee05ea4-4821-d04d-4354-084714b02dce,1611181,656
2733718,2019-01-06T01:02:13.450Z,19010601,XBTUSD,Sell,12,3803,ZeroMinusTick,96e97427-b634-00eb-087d-4179fa5039d0,1611193,657
2733732,2019-01-06T01:02:14.015Z,19010601,XBTUSD,Sell,126,3802.5,ZeroMinusTick,1b349ae4-b2d8-79b8-ef71-953a34302d3f,1611319,658
2733746,2019-01-06T01:02:15.378Z,19010601,XBTUSD,Buy,700,3803,ZeroPlusTick,dd648e74-a4fc-853e-f3e6-4db653e3d938,1612019,659
2733751,2019-01-06T01:02:16.901Z,19010601,XBTUSD,Sell,441,3802.5,MinusTick,5f0b8bf5-92c8-a119-bf9c-8c9dc66ce16c,1612460,660
2733766,2019-01-06T01:02:21.234Z,19010601,XBTUSD,Sell,900,3802.5,ZeroMinusTick,64f1eae2-abe3-b9d1-bc29-e19448b19716,1613360,661
2733780,2019-01-06T01:02:24.091Z,19010601,XBTUSD,Sell,190,3802.5,ZeroMinusTick,938f0484-001e-819b-6f87-61a2edb48181,1613550,662
2733861,2019-01-06T01:02:29.722Z,19010601,XBTUSD,Sell,10,3802.5,ZeroMinusTick,2521e55e-f1a3-e119-6a2a-d162276a5226,1613560,663
2733865,2019-01-06T01:02:30.704Z,19010601,XBTUSD,Buy,10000,3802.5,ZeroMinusTick,d7ec095e-65da-38ec-9c1e-0398bc747b8e,1623560,664
2733870,2019-01-06T01:02:32.218Z,19010601,XBTUSD,Sell,345,3802,ZeroMinusTick,e17714a2-f5fc-8d29-7c2b-43b63ac4eb88,1623905,665
2733896,2019-01-06T01:02:38.222Z,19010601,XBTUSD,Sell,314,3802,MinusTick,b9c57393-806b-f866-4ece-e50ee6e90326,1624219,666
2733897,2019-01-06T01:02:41.213Z,19010601,XBTUSD,Sell,130,3802,ZeroMinusTick,c0751785-644e-bae0-97f7-5d17b7beea63,1624349,667
2733898,2019-01-06T01:02:41.531Z,19010601,XBTUSD,Buy,61,3802.5,PlusTick,00c8ca5d-e898-8f70-6e6f-8fcf5f1025d1,1624410,668
2733899,2019-01-06T01:02:41.945Z,19010601,XBTUSD,Buy,10000,3802.5,ZeroPlusTick,0b9e3e16-7071-004a-683e-8c66a80f2af9,1634410,669
2733474,2019-01-06T01:01:56.709Z,19010601,XBTUSD,Buy,100,3804.5,ZeroPlusTick,44bd604c-dce6-9a69-bb80-3f1bd89b69d8,1634510,670
2733553,2019-01-06T01:02:06.319Z,19010601,XBTUSD,Buy,34,3804.5,ZeroPlusTick,722ac75f-54ac-f26f-e8dd-4940d4f717ad,1634544,671
2733615,2019-01-06T01:02:12.946Z,19010601,XBTUSD,Sell,1000,3804,MinusTick,42f46f8e-6f81-cfe1-c60f-3f5e6d353897,1635544,672
2733620,2019-01-06T01:02:13.450Z,19010601,XBTUSD,Sell,10,3804,ZeroMinusTick,69b84c3b-548e-2c71-e6a4-7f4cf792ee0f,1635554,673
2733628,2019-01-06T01:02:13.450Z,19010601,XBTUSD,Sell,10,3804,ZeroMinusTick,225295e8-6e25-a77d-efdc-b2fcf76ee30b,1635564,674
2733638,2019-01-06T01:02:13.450Z,19010601,XBTUSD,Sell,30,3804,ZeroMinusTick,8101564d-3fed-3341-195e-8b99f97eca4e,1635594,675
2733648,2019-01-06T01:02:13.450Z,19010601,XBTUSD,Sell,1000,3804,ZeroMinusTick,063ca6e1-b98c-ebf7-4ca0-ac5e66066620,1636594,676
2733650,2019-01-06T01:02:13.450Z,19010601,XBTUSD,Sell,3804,3804,ZeroMinusTick,597b376c-a2f2-7273-8040-cdb6a46a348b,1640398,677
2733660,2019-01-06T01:02:13.450Z,19010601,XBTUSD,Sell,16,3804,ZeroMinusTick,ca014182-c0e7-5355-7dec-85f8b654aeee,1640414,678
2733670,2019-01-06T01:02:13.450Z,19010601,XBTUSD,Sell,10,3803.5,ZeroMinusTick,4b22f25c-6853-c59e-eb89-3b235872c3fc,1640424,679
2733680,2019-01-06T01:02:13.450Z,19010601,XBTUSD,Sell,14,3803.5,ZeroMinusTick,d2111d94-ca08-b09e-0500-bd69fa610908,1640438,680
2733683,2019-01-06T01:02:13.450Z,19010601,XBTUSD,Sell,10,3803.5,ZeroMinusTick,6f543988-34bf-f02f-700f-48f684a7929e,1640448,681
2733693,2019-01-06T01:02:13.450Z,19010601,XBTUSD,Sell,10,3803.5,ZeroMinusTick,3547bbb8-dde5-5e39-9e56-c3cf82845707,1640458,682
2733703,2019-01-06T01:02:13.450Z,19010601,XBTUSD,Sell,126,3803,ZeroMinusTick,82baffd4-f503-44ed-ca6d-0a09368cf2da,1640584,683
2733709,2019-01-06T01:02:13.450Z,19010601,XBTUSD,Sell,10,3803,ZeroMinusTick,6cbf395e-6389-7fec-8335-3da5acb06d9b,1640594,684
2733722,2019-01-06T01:02:13.450Z,19010601,XBTUSD,Sell,10,3803,ZeroMinusTick,473bdc56-e112-c483-987c-637caf84effe,1640604,685
2733729,2019-01-06T01:02:14.015Z,19010601,XBTUSD,Sell,28,3802.5,MinusTick,559e8afd-b9f4-65af-4c3b-724ff792b318,1640632,686
2733739,2019-01-06T01:02:14.015Z,19010601,XBTUSD,Sell,12496,3802.5,ZeroMinusTick,6de9153e-c6e9-1b82-fc71-18b0f5c63c03,1653128,687
2733777,2019-01-06T01:02:24.091Z,19010601,XBTUSD,Sell,3000,3802.5,ZeroMinusTick,d5fa1288-e8c1-3f44-644d-99ba82bc40bf,1656128,688
2733784,2019-01-06T01:02:24.091Z,19010601,XBTUSD,Sell,34,3802.5,ZeroMinusTick,39ef60da-0e7c-3bac-14da-624f52c05a10,1656162,689
2733791,2019-01-06T01:02:24.478Z,19010601,XBTUSD,Sell,317,3802.5,MinusTick,864349ec-c5d3-ec6e-1b1e-16c49a04980b,1656479,690
2733850,2019-01-06T01:02:27.594Z,19010601,XBTUSD,Buy,10000,3803,ZeroPlusTick,b79f3b6d-7d07-c217-eeb0-301c6e60179d,1666479,691
2733857,2019-01-06T01:02:29.722Z,19010601,XBTUSD,Sell,142,3802.5,ZeroMinusTick,b15ed450-5a34-2bd1-2212-3b2801053126,1666621,692
2733874,2019-01-06T01:02:33.680Z,19010601,XBTUSD,Sell,126,3802,ZeroMinusTick,a9a03635-959b-d47d-b088-f8f9bb01b24d,1666747,693
2733900,2019-01-06T01:02:43.384Z,19010601,XBTUSD,Buy,10000,3802.5,ZeroPlusTick,389780d7-87c1-7f6f-b88d-a7a4a7ce64b7,1676747,694
2733522,2019-01-06T01:02:03.851Z,19010601,XBTUSD,Buy,1000,3804.5,ZeroPlusTick,b2f2ceb3-0c9d-aeca-689e-cb66a21b98cb,1677747,695
2733524,2019-01-06T01:02:04.357Z,19010601,XBTUSD,Buy,1978,3804.5,ZeroPlusTick,d96d2960-d1df-4887-7b35-c632e995867f,1679725,696
2733545,2019-01-06T01:02:05.532Z,19010601,XBTUSD,Sell,2800,3804,ZeroMinusTick,64ef2323-bd55-0da2-d0ba-27db8c58682e,1682525,697
2733552,2019-01-06T01:02:06.319Z,19010601,XBTUSD,Buy,120,3804.5,ZeroPlusTick,6096953a-5d41-bc2b-5d04-28d104dd1362,1682645,698
2733626,2019-01-06T01:02:13.450Z,19010601,XBTUSD,Sell,300,3804,ZeroMinusTick,082f60bd-1416-b716-2b6b-e3ab8045eb3c,1682945,699
2733636,2019-01-06T01:02:13.450Z,19010601,XBTUSD,Sell,12,3804,ZeroMinusTick,da891acb-48f2-0354-5c8c-cd974b4779c2,1682957,700
2733642,2019-01-06T01:02:13.450Z,19010601,XBTUSD,Sell,150,3804,ZeroMinusTick,a1efdf10-ddf9-b9b1-e0c4-65fea00aad8b,1683107,701
2733652,2019-01-06T01:02:13.450Z,19010601,XBTUSD,Sell,500,3804,ZeroMinusTick,3a8ba31d-dd95-1bdb-4d69-ca1e391f73bc,1683607,702
2733661,2019-01-06T01:02:13.450Z,19010601,XBTUSD,Sell,10,3804,ZeroMinusTick,d47d8e51-8461-e2d9-cfb3-b3ab78e55397,1683617,703
2733671,2019-01-06T01:02:13.450Z,19010601,XBTUSD,Sell,10,3803.5,ZeroMinusTick,61f1da6f-b713-ff0e-7c75-b0d52aa4a5ad,1683627,704
2733681,2019-01-06T01:02:13.450Z,19010601,XBTUSD,Sell,400,3803.5,ZeroMinusTick,21fa5797-384b-3707-3316-ee3a99f6b00f,1684027,705
2733685,2019-01-06T01:02:13.450Z,19010601,XBTUSD,Sell,500,3803.5,ZeroMinusTick,956e7de3-b65c-bb03-3fdb-073826d7faec,1684527,706
2733695,2019-01-06T01:02:13.450Z,19010601,XBTUSD,Sell,1,3803.5,ZeroMinusTick,446a4130-91f1-67e4-7f40-77b90924a682,1684528,707
2733710,2019-01-06T01:02:13.450Z,19010601,XBTUSD,Sell,10000,3803,ZeroMinusTick,724ceb6c-2640-1034-df84-01984e91c705,1694528,708
2733716,2019-01-06T01:02:13.450Z,19010601,XBTUSD,Sell,30,3803,ZeroMinusTick,33738760-f5f6-a08a-334a-1312c465fe67,1694558,709
2733731,2019-01-06T01:02:14.015Z,19010601,XBTUSD,Sell,11,3802.5,ZeroMinusTick,b515cc00-4c64-fb3c-b625-66336ca83c97,1694569,710
2733773,2019-01-06T01:02:24.091Z,19010601,XBTUSD,Sell,840,3802.5,ZeroMinusTick,b562e10a-5759-971b-4cd0-124749f8f255,1695409,711
2733793,2019-01-06T01:02:25.976Z,19010601,XBTUSD,Sell,1207,3802.5,ZeroMinusTick,274f3298-7380-91e3-adab-533c57176aee,1696616,712
2733794,2019-01-06T01:02:26.095Z,19010601,XBTUSD,Sell,2000,3802.5,ZeroMinusTick,9e75a918-edfa-e335-5d58-04d8fb4f09f8,1698616,713
2733795,2019-01-06T01:02:26.279Z,19010601,XBTUSD,Sell,340,3802.5,ZeroMinusTick,03bbb09d-0f47-db1f-0d82-c79994459714,1698956,714
2733797,2019-01-06T01:02:26.586Z,19010601,XBTUSD,Buy,10000,3803,PlusTick,8e25f769-f795-dac7-8071-30d430a16c78,1708956,715
2733852,2019-01-06T01:02:29.092Z,19010601,XBTUSD,Sell,50,3802.5,ZeroMinusTick,b2a028fa-bd10-3a58-3315-e75c8996843c,1709006,716
2733853,2019-01-06T01:02:29.117Z,19010601,XBTUSD,Buy,10000,3803,PlusTick,8120a1e7-818a-d3df-3d97-34001a1797d3,1719006,717
2733855,2019-01-06T01:02:29.722Z,19010601,XBTUSD,Sell,950,3802.5,MinusTick,4fb25fcf-1b94-4da1-69db-8fed7d6fa43a,1719956,718
2733878,2019-01-06T01:02:33.680Z,19010601,XBTUSD,Sell,404,3802,ZeroMinusTick,b4464b3b-bb55-079e-dbff-51e2fbed5dbc,1720360,719
2733946,2019-01-06T01:02:52.886Z,19010601,XBTUSD,Buy,10000,3802.5,ZeroPlusTick,f6a46843-4a09-578a-6f50-b5d33d7f46f3,1730360,720
2733607,2019-01-06T01:02:10.503Z,19010601,XBTUSD,Buy,100,3804.5,PlusTick,c1c1dba8-8171-7d72-87f3-85a45c23228b,1730460,721
2733621,2019-01-06T01:02:13.450Z,19010601,XBTUSD,Sell,20106,3804,ZeroMinusTick,7aa4c593-7dea-c974-3ca2-cc49275b8d46,1750566,722
2733631,2019-01-06T01:02:13.450Z,19010601,XBTUSD,Sell,124,3804,ZeroMinusTick,19a6f2ae-0cda-9d1b-5e99-150643dd315e,1750690,723
2733647,2019-01-06T01:02:13.450Z,19010601,XBTUSD,Sell,166,3804,ZeroMinusTick,b233f364-47f3-7277-627e-b456718d3513,1750856,724
2733658,2019-01-06T01:02:13.450Z,19010601,XBTUSD,Sell,255,3804,ZeroMinusTick,43fea105-67ef-5d26-0540-520f51a1467e,1751111,725
2733662,2019-01-06T01:02:13.450Z,19010601,XBTUSD,Sell,584,3804,ZeroMinusTick,e2b6e621-a631-b39c-1b1a-8a081398ff78,1751695,726
2733674,2019-01-06T01:02:13.450Z,19010601,XBTUSD,Sell,17,3803.5,ZeroMinusTick,01e24ab4-8803-0f20-9388-dbfbe8e0e88e,1751712,727
2733687,2019-01-06T01:02:13.450Z,19010601,XBTUSD,Sell,480,3803.5,ZeroMinusTick,2b4bb923-b469-6ccf-e554-72e79842c382,1752192,728
2733698,2019-01-06T01:02:13.450Z,19010601,XBTUSD,Sell,11,3803.5,ZeroMinusTick,0e1de432-6a27-4d8f-1b55-4a33430530fa,1752203,729
2733706,2019-01-06T01:02:13.450Z,19010601,XBTUSD,Sell,30,3803,ZeroMinusTick,3651d4aa-845b-1974-8ec7-9e0e82494c20,1752233,730
2733723,2019-01-06T01:02:13.450Z,19010601,XBTUSD,Sell,50,3803,ZeroMinusTick,e8723146-f17c-e8e9-df10-c0970162b2c1,1752283,731
2733737,2019-01-06T01:02:14.015Z,19010601,XBTUSD,Sell,16,3802.5,ZeroMinusTick,749083f7-5af4-bfc2-cc1f-f6dbddfac105,1752299,732
2733753,2019-01-06T01:02:18.318Z,19010601,XBTUSD,Sell,10000,3802.5,ZeroMinusTick,ab416dc5-c281-26ae-a9aa-f43c73ae51a2,1762299,733
2733769,2019-01-06T01:02:22.603Z,19010601,XBTUSD,Sell,312,3802.5,ZeroMinusTick,7512633f-37e8-d1c3-41a0-7a04171a80e4,1762611,734
2733770,2019-01-06T01:02:22.946Z,19010601,XBTUSD,Buy,10000,3803,PlusTick,2d45eb99-30f6-e983-ff21-64814e9d6d9c,1772611,735
2733772,2019-01-06T01:02:23.569Z,19010601,XBTUSD,Sell,10,3802.5,MinusTick,aeb3fb86-dde0-62af-69e4-565b92543539,1772621,736
2733782,2019-01-06T01:02:24.091Z,19010601,XBTUSD,Sell,33,3802.5,ZeroMinusTick,c8d51a3f-57ae-ad8d-e77f-8d8f1252c080,1772654,737
2733859,2019-01-06T01:02:29.722Z,19010601,XBTUSD,Sell,30,3802.5,ZeroMinusTick,95ff855b-e2ba-bbde-d278-53bef460af3d,1772684,738
2733866,2019-01-06T01:02:31.374Z,19010601,XBTUSD,Buy,1000,3802.5,ZeroMinusTick,14812297-9fd9-8893-239f-0958b588ea7e,1773684,739
2733867,2019-01-06T01:02:31.674Z,19010601,XBTUSD,Buy,1846,3802.5,ZeroMinusTick,89b09a28-a7c4-b9a6-ac4e-c888c3d314f8,1775530,740
2733872,2019-01-06T01:02:33.680Z,19010601,XBTUSD,Sell,28,3802,ZeroMinusTick,38e154cb-40b4-3fde-db11-890af2a790df,1775558,741
2733892,2019-01-06T01:02:36.711Z,19010601,XBTUSD,Buy,93,3802.5,PlusTick,a246d487-346a-6510-a67b-0cd60b252b94,1775651,742
2733968,2019-01-06T01:02:59.510Z,19010601,XBTUSD,Sell,538,3802,ZeroMinusTick,b30ab67b-066a-5334-d0c8-d46b1ebe7897,1776189,743
2733997,2019-01-06T01:03:07.763Z,19010601,XBTUSD,Buy,60,3802.5,PlusTick,6fd78c27-50ec-14fc-2bf4-82ba5750842d,1776249,744
2734082,2019-01-06T01:03:24.163Z,19010601,XBTUSD,Sell,3,3802,ZeroMinusTick,90e839ed-f72e-a965-1077-2248e6a14bef,1776252,745
2734087,2019-01-06T01:03:24.163Z,19010601,XBTUSD,Sell,4000,3802,ZeroMinusTick,290c4bb0-f21d-caef-f78a-4c5d69ff708b,1780252,746
2733666,2019-01-06T01:02:13.450Z,19010601,XBTUSD,Sell,22,3804,ZeroMinusTick,acab76f0-98ed-e146-a6fe-ee2921399a3a,1780274,747
2733673,2019-01-06T01:02:13.450Z,19010601,XBTUSD,Sell,126,3803.5,ZeroMinusTick,c2a6f6bc-2e34-eef1-2d10-3585656a36fb,1780400,748
2733691,2019-01-06T01:02:13.450Z,19010601,XBTUSD,Sell,12000,3803.5,ZeroMinusTick,12034aad-08ec-a5b8-57f3-6ded0316dd19,1792400,749
2733694,2019-01-06T01:02:13.450Z,19010601,XBTUSD,Sell,35,3803.5,ZeroMinusTick,6a0ce267-8501-d6bf-f9da-5f493a842ef4,1792435,750
2733704,2019-01-06T01:02:13.450Z,19010601,XBTUSD,Sell,500,3803,ZeroMinusTick,07b35bf2-b202-d412-ccb4-ab817d48c269,1792935,751
2733714,2019-01-06T01:02:13.450Z,19010601,XBTUSD,Sell,480,3803,ZeroMinusTick,ab75e124-dbc8-9e1f-c1c6-9cec7a19d1dd,1793415,752
2733720,2019-01-06T01:02:13.450Z,19010601,XBTUSD,Sell,26,3803,ZeroMinusTick,293c442d-8004-4852-8678-11591c4f6346,1793441,753
2733733,2019-01-06T01:02:14.015Z,19010601,XBTUSD,Sell,11,3802.5,ZeroMinusTick,8b67815a-ad6a-8cd2-80c0-794e4c4566b6,1793452,754
2733744,2019-01-06T01:02:15.312Z,19010601,XBTUSD,Buy,5000,3803,ZeroPlusTick,fac79330-2d1e-a1cf-fdf2-6fd45925a606,1798452,755
2733778,2019-01-06T01:02:24.091Z,19010601,XBTUSD,Sell,1000,3802.5,ZeroMinusTick,e18982da-16d0-342b-be30-977387684e71,1799452,756
2733783,2019-01-06T01:02:24.091Z,19010601,XBTUSD,Sell,50,3802.5,ZeroMinusTick,c1b4ba1f-da58-ebeb-c591-4805f7839d2f,1799502,757
2733792,2019-01-06T01:02:25.976Z,19010601,XBTUSD,Sell,293,3802.5,ZeroMinusTick,cf8215b7-5bbf-fc6c-5dd2-a3da9e5f559a,1799795,758
2733863,2019-01-06T01:02:29.722Z,19010601,XBTUSD,Sell,38,3802.5,ZeroMinusTick,4c6fc41e-eea3-5732-f16c-0aa7561e7f3f,1799833,759
2733890,2019-01-06T01:02:35.297Z,19010601,XBTUSD,Sell,312,3802,ZeroMinusTick,3870fab7-5498-cb8e-12b1-0b29766b1056,1800145,760
2733917,2019-01-06T01:02:45.199Z,19010601,XBTUSD,Buy,20,3802.5,ZeroPlusTick,7827c538-7d2a-7c40-e77f-e252db2d1243,1800165,761
2734083,2019-01-06T01:03:24.163Z,19010601,XBTUSD,Sell,50,3802,ZeroMinusTick,939c737e-674c-2714-3135-547b4c1ad2e0,1800215,762
2734095,2019-01-06T01:03:24.163Z,19010601,XBTUSD,Sell,45925,3802,ZeroMinusTick,76168232-5b4c-26f4-9bc4-13a068e784e1,1846140,763
2734131,2019-01-06T01:03:25.443Z,19010601,XBTUSD,Sell,16,3802,ZeroMinusTick,5f44a45f-2d92-9ad0-d70e-1d655695913e,1846156,764
2734133,2019-01-06T01:03:25.443Z,19010601,XBTUSD,Sell,1000,3802,ZeroMinusTick,88c5aa3b-a622-087b-216e-f017d479d716,1847156,765
2734148,2019-01-06T01:03:28.649Z,19010601,XBTUSD,Sell,10,3802,ZeroMinusTick,a4e5f320-5cad-39c2-d293-f7cb3dcdde05,1847166,766
2734155,2019-01-06T01:03:29.108Z,19010601,XBTUSD,Sell,34,3802,ZeroMinusTick,f3a7d219-29fc-6523-f030-fe624230258e,1847200,767
2734163,2019-01-06T01:03:29.108Z,19010601,XBTUSD,Sell,10,3802,ZeroMinusTick,8833864e-bc84-d2ff-e7f0-6d39a496046e,1847210,768
2734183,2019-01-06T01:03:29.861Z,19010601,XBTUSD,Sell,10,3801.5,ZeroMinusTick,ca70a011-639c-3b9c-ea0f-244e1420e5a4,1847220,769
2734190,2019-01-06T01:03:29.861Z,19010601,XBTUSD,Sell,14,3801.5,ZeroMinusTick,b234b279-a227-0a72-19bd-c0aab2f81449,1847234,770
2734201,2019-01-06T01:03:29.861Z,19010601,XBTUSD,Sell,10,3801.5,ZeroMinusTick,d635158f-bc7b-68c5-8921-5ec8cc12e97d,1847244,771
2734210,2019-01-06T01:03:29.861Z,19010601,XBTUSD,Sell,50,3801.5,ZeroMinusTick,dec0c55e-600e-3610-f9f2-9c3bc207213c,1847294,772
2734222,2019-01-06T01:03:29.861Z,19010601,XBTUSD,Sell,20,3801.5,ZeroMinusTick,8f2684e5-465a-6eb4-7764-9662fb074e35,1847314,773
2734230,2019-01-06T01:03:29.861Z,19010601,XBTUSD,Sell,2000,3801.5,ZeroMinusTick,d7a61745-1f03-b49b-83a1-cd43cb4bea76,1849314,774
2734241,2019-01-06T01:03:29.861Z,19010601,XBTUSD,Sell,11,3801,ZeroMinusTick,2c44f537-ff5f-91ef-69cc-09f22db1d4dc,1849325,775
2733774,2019-01-06T01:02:24.091Z,19010601,XBTUSD,Sell,169,3802.5,ZeroMinusTick,05c65988-c183-fc2c-b328-468020ce1616,1849494,776
2733788,2019-01-06T01:02:24.091Z,19010601,XBTUSD,Sell,100,3802.5,ZeroMinusTick,6b24f51c-e3d8-43ee-f0e2-d07991c6b77c,1849594,777
2733860,2019-01-06T01:02:29.722Z,19010601,XBTUSD,Sell,112,3802.5,ZeroMinusTick,6f252428-5127-90d9-9879-b4524c9a8ea6,1849706,778
2733876,2019-01-06T01:02:33.680Z,19010601,XBTUSD,Sell,65,3802,ZeroMinusTick,c3b55ac7-0a4b-3c84-0c61-106d5cb02806,1849771,779
2733918,2019-01-06T01:02:45.199Z,19010601,XBTUSD,Buy,20,3802.5,ZeroPlusTick,346690a1-c948-dd70-e2d0-c8f59d26b28e,1849791,780
2733940,2019-01-06T01:02:51.394Z,19010601,XBTUSD,Buy,5000,3802.5,ZeroPlusTick,9713213d-52ab-b5ff-01fb-b8d35de5b6e6,1854791,781
2734009,2019-01-06T01:03:14.635Z,19010601,XBTUSD,Sell,48,3802,ZeroMinusTick,ed427243-39fb-333f-312a-f7c150daf5a1,1854839,782
2734085,2019-01-06T01:03:24.163Z,19010601,XBTUSD,Sell,17,3802,ZeroMinusTick,b2b86f0f-6a7e-c609-daaf-eb6ad8b2e60f,1854856,783
2734088,2019-01-06T01:03:24.163Z,19010601,XBTUSD,Sell,2000,3802,ZeroMinusTick,faac9165-46b0-2187-6269-d4350aeb2ea0,1856856,784
2734157,2019-01-06T01:03:29.108Z,19010601,XBTUSD,Sell,20,3802,ZeroMinusTick,0bcf4e30-6bdc-4f32-4d5c-a72d9a22e0c5,1856876,785
2734167,2019-01-06T01:03:29.108Z,19010601,XBTUSD,Sell,32,3802,ZeroMinusTick,6c03152b-b6d4-c3e3-d03d-48336c6b0309,1856908,786
2734184,2019-01-06T01:03:29.861Z,19010601,XBTUSD,Sell,10,3801.5,ZeroMinusTick,9f82019e-7f54-6dbb-9045-d688353480e9,1856918,787
2734191,2019-01-06T01:03:29.861Z,19010601,XBTUSD,Sell,16,3801.5,ZeroMinusTick,8f978699-feba-2f81-000d-e1c25c4328c7,1856934,788
2734200,2019-01-06T01:03:29.861Z,19010601,XBTUSD,Sell,20,3801.5,ZeroMinusTick,1d63513b-94eb-a430-7831-ba543486ba7b,1856954,789
2734213,2019-01-06T01:03:29.861Z,19010601,XBTUSD,Sell,190,3801.5,ZeroMinusTick,3974f523-79ff-a003-bb0b-e9909b129c81,1857144,790
2734223,2019-01-06T01:03:29.861Z,19010601,XBTUSD,Sell,37,3801.5,ZeroMinusTick,083c9bf4-b1f4-a4a1-cced-3f16f45a06eb,1857181,791
2734231,2019-01-06T01:03:29.861Z,19010601,XBTUSD,Sell,33,3801.5,ZeroMinusTick,cc5d398c-912c-75d6-13ad-16152d54007f,1857214,792
2734242,2019-01-06T01:03:29.861Z,19010601,XBTUSD,Sell,11,3801,ZeroMinusTick,34e47c5b-e9b8-6ec2-7dbd-b9d2d9978eeb,1857225,793
2734250,2019-01-06T01:03:29.861Z,19010601,XBTUSD,Sell,11,3801,ZeroMinusTick,85e3d8cf-588a-9b04-fd89-d2880f73bb40,1857236,794
2734262,2019-01-06T01:03:29.861Z,19010601,XBTUSD,Sell,400,3801,ZeroMinusTick,aa4677b4-0ea1-537a-c83b-d841bc8a99c6,1857636,795
2734268,2019-01-06T01:03:29.861Z,19010601,XBTUSD,Sell,250,3801,ZeroMinusTick,58a96e1d-8e01-8674-e37e-903b5db9cbaf,1857886,796
2734280,2019-01-06T01:03:29.861Z,19010601,XBTUSD,Sell,11,3801,ZeroMinusTick,541d1797-e629-395e-ee03-9c0ae259234f,1857897,797
2734292,2019-01-06T01:03:29.861Z,19010601,XBTUSD,Sell,11,3801,ZeroMinusTick,44f279dd-7258-0360-2a12-2a8e6b416325,1857908,798
2734300,2019-01-06T01:03:29.861Z,19010601,XBTUSD,Sell,11,3801,ZeroMinusTick,1ab37dfc-0320-53df-2104-78d71b59325e,1857919,799
2734310,2019-01-06T01:03:29.861Z,19010601,XBTUSD,Sell,108,3801,ZeroMinusTick,f849deb1-b50d-5e43-e1da-e4e513f084b0,1858027,800
2734326,2019-01-06T01:03:29.861Z,19010601,XBTUSD,Sell,1500,3801,ZeroMinusTick,2d68be9f-cde5-eea7-acfa-ba1add9c05f5,1859527,801
