id,timestamp,hour,symbol,bidPrice,bidSize,askPrice,askSize,midPrice,microPrice
10280890,2019-01-06T10:00:03.833Z,19010610,XBTUSD,3795.5,1862700,3796,1758245,3795.75,3796
10280901,2019-01-06T10:00:03.945Z,19010610,XBTUSD,3795.5,1956827,3796,1777318,3795.75,3796
10280910,2019-01-06T10:00:04.607Z,19010610,XBTUSD,3795.5,2029980,3796,1781484,3795.75,3796
10280889,2019-01-06T10:00:03.789Z,19010610,XBTUSD,3795.5,1862700,3796,1764366,3795.75,3796
10280897,2019-01-06T10:00:03.921Z,19010610,XBTUSD,3795.5,1871995,3796,1777290,3795.75,3796
10280907,2019-01-06T10:00:04.292Z,19010610,XBTUSD,3795.5,2029979,3796,1781368,3795.75,3796
10280859,2019-01-06T10:00:02.531Z,19010610,XBTUSD,3795.5,1862699,3796,1764366,3795.75,3796
10280891,2019-01-06T10:00:03.841Z,19010610,XBTUSD,3795.5,1862700,3796,1780220,3795.75,3796
10280900,2019-01-06T10:00:03.936Z,19010610,XBTUSD,3795.5,1956826,3796,1777318,3795.75,3796
10280911,2019-01-06T10:00:04.610Z,19010610,XBTUSD,3795.5,2029981,3796,1781484,3795.75,3796
10280892,2019-01-06T10:00:03.879Z,19010610,XBTUSD,3795.5,1864599,3796,1780220,3795.75,3796
10280906,2019-01-06T10:00:04.283Z,19010610,XBTUSD,3795.5,2029929,3796,1781318,3795.75,3796
10280975,2019-01-06T10:00:07.899Z,19010610,XBTUSD,3795.5,1961773,3796,1722065,3795.75,3796
10280893,2019-01-06T10:00:03.890Z,19010610,XBTUSD,3795.5,1869299,3796,1780220,3795.75,3796
10280905,2019-01-06T10:00:04.026Z,19010610,XBTUSD,3795.5,2029929,3796,1777318,3795.75,3796
10280963,2019-01-06T10:00:05.753Z,19010610,XBTUSD,3795.5,2029983,3796,1723892,3795.75,3796
10280973,2019-01-06T10:00:07.193Z,19010610,XBTUSD,3795.5,1959985,3796,1723852,3795.75,3796
10281038,2019-01-06T10:00:10.864Z,19010610,XBTUSD,3795.5,1970480,3796,1721852,3795.75,3796
10280860,2019-01-06T10:00:03.277Z,19010610,XBTUSD,3795.5,1862700,3796,1764366,3795.75,3796
10280894,2019-01-06T10:00:03.900Z,19010610,XBTUSD,3795.5,1869299,3796,1780250,3795.75,3796
10280904,2019-01-06T10:00:04.024Z,19010610,XBTUSD,3795.5,1979929,3796,1777318,3795.75,3796
10280961,2019-01-06T10:00:05.459Z,19010610,XBTUSD,3795.5,2029981,3796,1723892,3795.75,3796
10280970,2019-01-06T10:00:06.870Z,19010610,XBTUSD,3795.5,1959983,3796,1723892,3795.75,3796
10280896,2019-01-06T10:00:03.913Z,19010610,XBTUSD,3795.5,1869299,3796,1777290,3795.75,3796
10280903,2019-01-06T10:00:03.999Z,19010610,XBTUSD,3795.5,1981828,3796,1777318,3795.75,3796
10280972,2019-01-06T10:00:07.035Z,19010610,XBTUSD,3795.5,1959984,3796,1723852,3795.75,3796
10281055,2019-01-06T10:00:12.619Z,19010610,XBTUSD,3795.5,1970484,3796,1729444,3795.75,3796
10281066,2019-01-06T10:00:13.364Z,19010610,XBTUSD,3795.5,1970449,3796,1729504,3795.75,3796
10281084,2019-01-06T10:00:14.922Z,19010610,XBTUSD,3795.5,2664184,3796,1804304,3795.75,3796
10281098,2019-01-06T10:00:16.006Z,19010610,XBTUSD,3795.5,2664184,3796,1804300,3795.75,3796
10281109,2019-01-06T10:00:16.640Z,19010610,XBTUSD,3795.5,2663683,3796,1804300,3795.75,3796
10281116,2019-01-06T10:00:16.909Z,19010610,XBTUSD,3795.5,2651703,3796,1788410,3795.75,3796
10281124,2019-01-06T10:00:17.632Z,19010610,XBTUSD,3795.5,2649655,3796,1738410,3795.75,3796
10281134,2019-01-06T10:00:18.178Z,19010610,XBTUSD,3795.5,2649954,3796,1740410,3795.75,3796
10281147,2019-01-06T10:00:19.687Z,19010610,XBTUSD,3795.5,2633731,3796,1740410,3795.75,3796
10281156,2019-01-06T10:00:20.664Z,19010610,XBTUSD,3795.5,2629374,3796,1740410,3795.75,3796
10281167,2019-01-06T10:00:21.210Z,19010610,XBTUSD,3795.5,2535687,3796,1790410,3795.75,3796
10281220,2019-01-06T10:00:23.688Z,19010610,XBTUSD,3795.5,1805964,3796,1800720,3795.75,3796
10281243,2019-01-06T10:00:24.803Z,19010610,XBTUSD,3795.5,1818102,3796,1813720,3795.75,3796
10281252,2019-01-06T10:00:25.799Z,19010610,XBTUSD,3795.5,1806068,3796,1793760,3795.75,3796
10281268,2019-01-06T10:00:26.501Z,19010610,XBTUSD,3795.5,1806058,3796,1799960,3795.75,3796
10281287,2019-01-06T10:00:28.650Z,19010610,XBTUSD,3795.5,1805863,3796,1799540,3795.75,3796
10280861,2019-01-06T10:00:03.318Z,19010610,XBTUSD,3795.5,1862700,3796,1764266,3795.75,3796
10280898,2019-01-06T10:00:03.924Z,19010610,XBTUSD,3795.5,1886826,3796,1777290,3795.75,3796
10280908,2019-01-06T10:00:04.411Z,19010610,XBTUSD,3795.5,2029979,3796,1781424,3795.75,3796
10280974,2019-01-06T10:00:07.338Z,19010610,XBTUSD,3795.5,1959986,3796,1723852,3795.75,3796
10281070,2019-01-06T10:00:13.811Z,19010610,XBTUSD,3795.5,1964430,3796,1729304,3795.75,3796
10281083,2019-01-06T10:00:14.917Z,19010610,XBTUSD,3795.5,2664184,3796,1779304,3795.75,3796
10281090,2019-01-06T10:00:15.252Z,19010610,XBTUSD,3795.5,2614184,3796,1800300,3795.75,3796
10281099,2019-01-06T10:00:16.009Z,19010610,XBTUSD,3795.5,2664185,3796,1804300,3795.75,3796
10281110,2019-01-06T10:00:16.660Z,19010610,XBTUSD,3795.5,2663683,3796,1804297,3795.75,3796
10281115,2019-01-06T10:00:16.837Z,19010610,XBTUSD,3795.5,2651703,3796,1788408,3795.75,3796
10281170,2019-01-06T10:00:21.366Z,19010610,XBTUSD,3795.5,2507978,3796,1790410,3795.75,3796
10281218,2019-01-06T10:00:23.656Z,19010610,XBTUSD,3795.5,1805964,3796,1800720,3795.75,3796
10281228,2019-01-06T10:00:23.810Z,19010610,XBTUSD,3795.5,1805866,3796,1807920,3795.75,3796
10281248,2019-01-06T10:00:25.360Z,19010610,XBTUSD,3795.5,1806066,3796,1793760,3795.75,3796
10281269,2019-01-06T10:00:26.603Z,19010610,XBTUSD,3795.5,1806059,3796,1799960,3795.75,3796
10280895,2019-01-06T10:00:03.907Z,19010610,XBTUSD,3795.5,1869299,3796,1777250,3795.75,3796
10280902,2019-01-06T10:00:03.948Z,19010610,XBTUSD,3795.5,1956828,3796,1777318,3795.75,3796
10281037,2019-01-06T10:00:10.783Z,19010610,XBTUSD,3795.5,1962220,3796,1721852,3795.75,3796
10281097,2019-01-06T10:00:15.988Z,19010610,XBTUSD,3795.5,2664183,3796,1804300,3795.75,3796
10281122,2019-01-06T10:00:17.192Z,19010610,XBTUSD,3795.5,2647590,3796,1742410,3795.75,3796
10281135,2019-01-06T10:00:18.203Z,19010610,XBTUSD,3795.5,2643759,3796,1740410,3795.75,3796
10281146,2019-01-06T10:00:19.285Z,19010610,XBTUSD,3795.5,2629719,3796,1740410,3795.75,3796
10281164,2019-01-06T10:00:20.883Z,19010610,XBTUSD,3795.5,2535686,3796,1744410,3795.75,3796
10281206,2019-01-06T10:00:22.472Z,19010610,XBTUSD,3795.5,1805973,3796,1790410,3795.75,3796
10281226,2019-01-06T10:00:23.756Z,19010610,XBTUSD,3795.5,1805866,3796,1806920,3795.75,3796
10281234,2019-01-06T10:00:24.190Z,19010610,XBTUSD,3795.5,1806066,3796,1817920,3795.75,3796
10281271,2019-01-06T10:00:26.975Z,19010610,XBTUSD,3795.5,1806060,3796,1793760,3795.75,3796
10281276,2019-01-06T10:00:27.518Z,19010610,XBTUSD,3795.5,1805860,3796,1800160,3795.75,3796
10281337,2019-01-06T10:00:31.215Z,19010610,XBTUSD,3795.5,1832866,3796,1807580,3795.75,3796
10281354,2019-01-06T10:00:32.707Z,19010610,XBTUSD,3795.5,1832879,3796,1809440,3795.75,3796
10281372,2019-01-06T10:00:34.007Z,19010610,XBTUSD,3795.5,1852881,3796,1812790,3795.75,3796
10281446,2019-01-06T10:00:38.477Z,19010610,XBTUSD,3795.5,1832906,3796,1808920,3795.75,3796
10281537,2019-01-06T10:00:44.602Z,19010610,XBTUSD,3795.5,1807884,3796,1910978,3795.75,3796
10281557,2019-01-06T10:00:48.879Z,19010610,XBTUSD,3795.5,1824942,3796,1927115,3795.75,3796
10281594,2019-01-06T10:00:50.434Z,19010610,XBTUSD,3795.5,1814915,3796,1921903,3795.75,3796
10281608,2019-01-06T10:00:51.583Z,19010610,XBTUSD,3795.5,1839919,3796,1931916,3795.75,3796
10280899,2019-01-06T10:00:03.929Z,19010610,XBTUSD,3795.5,1886826,3796,1777318,3795.75,3796
10280909,2019-01-06T10:00:04.535Z,19010610,XBTUSD,3795.5,2029979,3796,1781484,3795.75,3796
10280962,2019-01-06T10:00:05.738Z,19010610,XBTUSD,3795.5,2029982,3796,1723892,3795.75,3796
10280971,2019-01-06T10:00:06.964Z,19010610,XBTUSD,3795.5,1959983,3796,1723852,3795.75,3796
10281002,2019-01-06T10:00:08.323Z,19010610,XBTUSD,3795.5,1961773,3796,1722115,3795.75,3796
10281036,2019-01-06T10:00:10.392Z,19010610,XBTUSD,3795.5,1961710,3796,1721852,3795.75,3796
10281069,2019-01-06T10:00:13.808Z,19010610,XBTUSD,3795.5,1964450,3796,1729304,3795.75,3796
10281079,2019-01-06T10:00:14.520Z,19010610,XBTUSD,3795.5,2664213,3796,1729304,3795.75,3796
10281093,2019-01-06T10:00:15.533Z,19010610,XBTUSD,3795.5,2614183,3796,1804610,3795.75,3796
10281119,2019-01-06T10:00:17.140Z,19010610,XBTUSD,3795.5,2651704,3796,1742410,3795.75,3796
10281140,2019-01-06T10:00:19.077Z,19010610,XBTUSD,3795.5,2643760,3796,1740410,3795.75,3796
10281145,2019-01-06T10:00:19.217Z,19010610,XBTUSD,3795.5,2631725,3796,1740410,3795.75,3796
10281154,2019-01-06T10:00:20.629Z,19010610,XBTUSD,3795.5,2633586,3796,1740410,3795.75,3796
10281168,2019-01-06T10:00:21.213Z,19010610,XBTUSD,3795.5,2535688,3796,1790410,3795.75,3796
10281207,2019-01-06T10:00:22.517Z,19010610,XBTUSD,3795.5,1805974,3796,1790410,3795.75,3796
10281215,2019-01-06T10:00:23.591Z,19010610,XBTUSD,3795.5,1805964,3796,1790720,3795.75,3796
10281224,2019-01-06T10:00:23.734Z,19010610,XBTUSD,3795.5,1805866,3796,1790720,3795.75,3796
10281241,2019-01-06T10:00:24.735Z,19010610,XBTUSD,3795.5,1820108,3796,1811720,3795.75,3796
10281272,2019-01-06T10:00:27.017Z,19010610,XBTUSD,3795.5,1806060,3796,1793960,3795.75,3796
10281279,2019-01-06T10:00:28.040Z,19010610,XBTUSD,3795.5,1805862,3796,1795820,3795.75,3796
10281290,2019-01-06T10:00:28.804Z,19010610,XBTUSD,3795.5,1805865,3796,1811540,3795.75,3796
10281356,2019-01-06T10:00:32.920Z,19010610,XBTUSD,3795.5,1832879,3796,1810350,3795.75,3796
10281382,2019-01-06T10:00:34.478Z,19010610,XBTUSD,3795.5,1852881,3796,1802830,3795.75,3796
10281401,2019-01-06T10:00:35.711Z,19010610,XBTUSD,3795.5,1852896,3796,1809110,3795.75,3796
10281413,2019-01-06T10:00:36.148Z,19010610,XBTUSD,3795.5,1852900,3796,1810350,3795.75,3796
10281438,2019-01-06T10:00:37.400Z,19010610,XBTUSD,3795.5,1832904,3796,1810300,3795.75,3796
10281466,2019-01-06T10:00:39.707Z,19010610,XBTUSD,3795.5,1832908,3796,1907680,3795.75,3796
10281533,2019-01-06T10:00:44.483Z,19010610,XBTUSD,3795.5,1807872,3796,1912218,3795.75,3796
10281554,2019-01-06T10:00:48.602Z,19010610,XBTUSD,3795.5,1808894,3796,1922215,3795.75,3796
10281634,2019-01-06T10:00:54.459Z,19010610,XBTUSD,3795.5,1886909,3796,1950916,3795.75,3796
10281640,2019-01-06T10:00:54.693Z,19010610,XBTUSD,3795.5,1839903,3796,1951916,3795.75,3796
10281646,2019-01-06T10:00:55.145Z,19010610,XBTUSD,3795.5,1841909,3796,1956916,3795.75,3796
10281656,2019-01-06T10:00:55.432Z,19010610,XBTUSD,3795.5,1829905,3796,2050238,3795.75,3796
10281003,2019-01-06T10:00:08.887Z,19010610,XBTUSD,3795.5,1961973,3796,1722115,3795.75,3796
10281054,2019-01-06T10:00:12.438Z,19010610,XBTUSD,3795.5,1970484,3796,1721852,3795.75,3796
10281065,2019-01-06T10:00:13.283Z,19010610,XBTUSD,3795.5,1970469,3796,1729504,3795.75,3796
10281071,2019-01-06T10:00:13.915Z,19010610,XBTUSD,3795.5,1964415,3796,1729304,3795.75,3796
10281092,2019-01-06T10:00:15.480Z,19010610,XBTUSD,3795.5,2614183,3796,1804300,3795.75,3796
10281121,2019-01-06T10:00:17.186Z,19010610,XBTUSD,3795.5,2647575,3796,1742410,3795.75,3796
10281137,2019-01-06T10:00:18.475Z,19010610,XBTUSD,3795.5,2645825,3796,1740410,3795.75,3796
10281157,2019-01-06T10:00:20.672Z,19010610,XBTUSD,3795.5,2629389,3796,1740410,3795.75,3796
10281161,2019-01-06T10:00:20.680Z,19010610,XBTUSD,3795.5,2625377,3796,1740410,3795.75,3796
10281171,2019-01-06T10:00:21.443Z,19010610,XBTUSD,3795.5,2505972,3796,1790410,3795.75,3796
10281208,2019-01-06T10:00:22.741Z,19010610,XBTUSD,3795.5,1805974,3796,1790720,3795.75,3796
10281214,2019-01-06T10:00:23.544Z,19010610,XBTUSD,3795.5,1805974,3796,1790720,3795.75,3796
10281227,2019-01-06T10:00:23.798Z,19010610,XBTUSD,3795.5,1805866,3796,1810920,3795.75,3796
10281244,2019-01-06T10:00:24.823Z,19010610,XBTUSD,3795.5,1818102,3796,1817440,3795.75,3796
10281253,2019-01-06T10:00:25.904Z,19010610,XBTUSD,3795.5,1806068,3796,1799340,3795.75,3796
10281288,2019-01-06T10:00:28.706Z,19010610,XBTUSD,3795.5,1805864,3796,1799540,3795.75,3796
10281352,2019-01-06T10:00:32.656Z,19010610,XBTUSD,3795.5,1832877,3796,1809440,3795.75,3796
10281370,2019-01-06T10:00:33.979Z,19010610,XBTUSD,3795.5,1852879,3796,1812790,3795.75,3796
10281384,2019-01-06T10:00:35.005Z,19010610,XBTUSD,3795.5,1852894,3796,1812830,3795.75,3796
10281400,2019-01-06T10:00:35.703Z,19010610,XBTUSD,3795.5,1852895,3796,1809110,3795.75,3796
10281417,2019-01-06T10:00:36.812Z,19010610,XBTUSD,3795.5,1832902,3796,1810340,3795.75,3796
10281439,2019-01-06T10:00:37.748Z,19010610,XBTUSD,3795.5,1832904,3796,1809680,3795.75,3796
10281465,2019-01-06T10:00:39.705Z,19010610,XBTUSD,3795.5,1832907,3796,1907680,3795.75,3796
10281534,2019-01-06T10:00:44.503Z,19010610,XBTUSD,3795.5,1807873,3796,1912218,3795.75,3796
10281555,2019-01-06T10:00:48.750Z,19010610,XBTUSD,3795.5,1808894,3796,1919115,3795.75,3796
10281610,2019-01-06T10:00:51.751Z,19010610,XBTUSD,3795.5,1887913,3796,1931916,3795.75,3796
10281638,2019-01-06T10:00:54.580Z,19010610,XBTUSD,3795.5,1891909,3796,1951916,3795.75,3796
10281653,2019-01-06T10:00:55.271Z,19010610,XBTUSD,3795.5,1829903,3796,1981916,3795.75,3796
10280960,2019-01-06T10:00:05.309Z,19010610,XBTUSD,3795.5,2029981,3796,1731484,3795.75,3796
10281056,2019-01-06T10:00:12.668Z,19010610,XBTUSD,3795.5,1970484,3796,1729504,3795.75,3796
10281068,2019-01-06T10:00:13.807Z,19010610,XBTUSD,3795.5,1964449,3796,1729304,3795.75,3796
10281072,2019-01-06T10:00:14.006Z,19010610,XBTUSD,3795.5,1964215,3796,1729304,3795.75,3796
10281089,2019-01-06T10:00:15.095Z,19010610,XBTUSD,3795.5,2664184,3796,1800300,3795.75,3796
10281117,2019-01-06T10:00:17.092Z,19010610,XBTUSD,3795.5,2651703,3796,1792410,3795.75,3796
10281139,2019-01-06T10:00:18.756Z,19010610,XBTUSD,3795.5,2643760,3796,1744410,3795.75,3796
10281165,2019-01-06T10:00:21.029Z,19010610,XBTUSD,3795.5,2535686,3796,1740410,3795.75,3796
10281172,2019-01-06T10:00:21.645Z,19010610,XBTUSD,3795.5,1805972,3796,1790410,3795.75,3796
10281229,2019-01-06T10:00:23.882Z,19010610,XBTUSD,3795.5,1805866,3796,1817920,3795.75,3796
10281242,2019-01-06T10:00:24.790Z,19010610,XBTUSD,3795.5,1818102,3796,1811720,3795.75,3796
10281277,2019-01-06T10:00:27.607Z,19010610,XBTUSD,3795.5,1805861,3796,1800160,3795.75,3796
10281416,2019-01-06T10:00:36.666Z,19010610,XBTUSD,3795.5,1832902,3796,1810350,3795.75,3796
10281489,2019-01-06T10:00:40.918Z,19010610,XBTUSD,3795.5,1832910,3796,1912020,3795.75,3796
10281505,2019-01-06T10:00:42.009Z,19010610,XBTUSD,3795.5,1832890,3796,1908920,3795.75,3796
10281512,2019-01-06T10:00:42.971Z,19010610,XBTUSD,3795.5,1832870,3796,1912020,3795.75,3796
10281532,2019-01-06T10:00:44.467Z,19010610,XBTUSD,3795.5,1832872,3796,1912218,3795.75,3796
10281552,2019-01-06T10:00:48.268Z,19010610,XBTUSD,3795.5,1808894,3796,1929735,3795.75,3796
10281585,2019-01-06T10:00:49.386Z,19010610,XBTUSD,3795.5,1814914,3796,1930215,3795.75,3796
10281611,2019-01-06T10:00:51.940Z,19010610,XBTUSD,3795.5,1887913,3796,1939916,3795.75,3796
10281637,2019-01-06T10:00:54.493Z,19010610,XBTUSD,3795.5,1891909,3796,1955916,3795.75,3796
10281648,2019-01-06T10:00:55.156Z,19010610,XBTUSD,3795.5,1841909,3796,1968916,3795.75,3796
10281658,2019-01-06T10:00:55.897Z,19010610,XBTUSD,3795.5,1804905,3796,2073012,3795.75,3796
10281053,2019-01-06T10:00:12.435Z,19010610,XBTUSD,3795.5,1970483,3796,1721852,3795.75,3796
10281073,2019-01-06T10:00:14.013Z,19010610,XBTUSD,3795.5,1964213,3796,1729304,3795.75,3796
10281081,2019-01-06T10:00:14.908Z,19010610,XBTUSD,3795.5,2664183,3796,1729304,3795.75,3796
10281096,2019-01-06T10:00:15.911Z,19010610,XBTUSD,3795.5,2664183,3796,1804610,3795.75,3796
10281111,2019-01-06T10:00:16.686Z,19010610,XBTUSD,3795.5,2663683,3796,1804408,3795.75,3796
10281113,2019-01-06T10:00:16.721Z,19010610,XBTUSD,3795.5,2663703,3796,1804408,3795.75,3796
10281123,2019-01-06T10:00:17.273Z,19010610,XBTUSD,3795.5,2649655,3796,1742410,3795.75,3796
10281148,2019-01-06T10:00:19.707Z,19010610,XBTUSD,3795.5,2633732,3796,1740410,3795.75,3796
10281169,2019-01-06T10:00:21.254Z,19010610,XBTUSD,3795.5,2557978,3796,1790410,3795.75,3796
10281217,2019-01-06T10:00:23.624Z,19010610,XBTUSD,3795.5,1805964,3796,1790720,3795.75,3796
10281223,2019-01-06T10:00:23.711Z,19010610,XBTUSD,3795.5,1805966,3796,1790720,3795.75,3796
10281235,2019-01-06T10:00:24.273Z,19010610,XBTUSD,3795.5,1806066,3796,1811720,3795.75,3796
10281247,2019-01-06T10:00:25.303Z,19010610,XBTUSD,3795.5,1806066,3796,1797480,3795.75,3796
10281270,2019-01-06T10:00:26.609Z,19010610,XBTUSD,3795.5,1806060,3796,1799960,3795.75,3796
10281275,2019-01-06T10:00:27.334Z,19010610,XBTUSD,3795.5,1805860,3796,1793960,3795.75,3796
10281286,2019-01-06T10:00:28.173Z,19010610,XBTUSD,3795.5,1805863,3796,1795820,3795.75,3796
10281305,2019-01-06T10:00:29.412Z,19010610,XBTUSD,3795.5,1832865,3796,1811540,3795.75,3796
10281308,2019-01-06T10:00:30.511Z,19010610,XBTUSD,3795.5,1832865,3796,1806580,3795.75,3796
10281399,2019-01-06T10:00:35.697Z,19010610,XBTUSD,3795.5,1852894,3796,1809110,3795.75,3796
10281414,2019-01-06T10:00:36.182Z,19010610,XBTUSD,3795.5,1852901,3796,1810350,3795.75,3796
10281436,2019-01-06T10:00:37.355Z,19010610,XBTUSD,3795.5,1832902,3796,1810300,3795.75,3796
10281487,2019-01-06T10:00:40.806Z,19010610,XBTUSD,3795.5,1832908,3796,1912020,3795.75,3796
10281504,2019-01-06T10:00:41.897Z,19010610,XBTUSD,3795.5,1832910,3796,1908920,3795.75,3796
10281506,2019-01-06T10:00:42.011Z,19010610,XBTUSD,3795.5,1832870,3796,1908920,3795.75,3796
10281523,2019-01-06T10:00:43.475Z,19010610,XBTUSD,3795.5,1832872,3796,1912018,3795.75,3796
10281551,2019-01-06T10:00:48.178Z,19010610,XBTUSD,3795.5,1808894,3796,1919735,3795.75,3796
10281561,2019-01-06T10:00:49.022Z,19010610,XBTUSD,3795.5,1820932,3796,1930215,3795.75,3796
10281589,2019-01-06T10:00:50.034Z,19010610,XBTUSD,3795.5,1814915,3796,1920215,3795.75,3796
10281607,2019-01-06T10:00:51.512Z,19010610,XBTUSD,3795.5,1839918,3796,1931916,3795.75,3796
10281635,2019-01-06T10:00:54.480Z,19010610,XBTUSD,3795.5,1888909,3796,1952916,3795.75,3796
10281654,2019-01-06T10:00:55.302Z,19010610,XBTUSD,3795.5,1829904,3796,1981916,3795.75,3796
10281784,2019-01-06T10:00:59.704Z,19010610,XBTUSD,3795.5,1781472,3796,2117268,3795.75,3796
10281085,2019-01-06T10:00:14.955Z,19010610,XBTUSD,3795.5,2664184,3796,1800304,3795.75,3796
10281094,2019-01-06T10:00:15.734Z,19010610,XBTUSD,3795.5,2589183,3796,1804610,3795.75,3796
10281114,2019-01-06T10:00:16.729Z,19010610,XBTUSD,3795.5,2663703,3796,1800408,3795.75,3796
10281144,2019-01-06T10:00:19.155Z,19010610,XBTUSD,3795.5,2631724,3796,1740410,3795.75,3796
10281155,2019-01-06T10:00:20.650Z,19010610,XBTUSD,3795.5,2633386,3796,1740410,3795.75,3796
10281166,2019-01-06T10:00:21.198Z,19010610,XBTUSD,3795.5,2535687,3796,1740410,3795.75,3796
10281216,2019-01-06T10:00:23.611Z,19010610,XBTUSD,3795.5,1805964,3796,1800720,3795.75,3796
10281225,2019-01-06T10:00:23.739Z,19010610,XBTUSD,3795.5,1805866,3796,1800720,3795.75,3796
10281245,2019-01-06T10:00:25.199Z,19010610,XBTUSD,3795.5,1818102,3796,1817480,3795.75,3796
10281250,2019-01-06T10:00:25.574Z,19010610,XBTUSD,3795.5,1806068,3796,1793760,3795.75,3796
10281278,2019-01-06T10:00:27.711Z,19010610,XBTUSD,3795.5,1805862,3796,1800160,3795.75,3796
10281353,2019-01-06T10:00:32.705Z,19010610,XBTUSD,3795.5,1832878,3796,1809440,3795.75,3796
10281383,2019-01-06T10:00:34.691Z,19010610,XBTUSD,3795.5,1852881,3796,1812830,3795.75,3796
10281488,2019-01-06T10:00:40.911Z,19010610,XBTUSD,3795.5,1832909,3796,1912020,3795.75,3796
10281535,2019-01-06T10:00:44.505Z,19010610,XBTUSD,3795.5,1807874,3796,1912218,3795.75,3796
10281544,2019-01-06T10:00:48.011Z,19010610,XBTUSD,3795.5,1808894,3796,1920975,3795.75,3796
10281556,2019-01-06T10:00:48.848Z,19010610,XBTUSD,3795.5,1824942,3796,1919115,3795.75,3796
10281588,2019-01-06T10:00:49.921Z,19010610,XBTUSD,3795.5,1814914,3796,1920215,3795.75,3796
10281598,2019-01-06T10:00:50.978Z,19010610,XBTUSD,3795.5,1839917,3796,1931916,3795.75,3796
10281639,2019-01-06T10:00:54.607Z,19010610,XBTUSD,3795.5,1841909,3796,1951916,3795.75,3796
10281652,2019-01-06T10:00:55.174Z,19010610,XBTUSD,3795.5,1834903,3796,1981916,3795.75,3796
10281701,2019-01-06T10:00:56.438Z,19010610,XBTUSD,3795.5,1782617,3796,2095786,3795.75,3796
10281737,2019-01-06T10:00:57.592Z,19010610,XBTUSD,3795.5,1782619,3796,2119305,3795.75,3796
10281773,2019-01-06T10:00:58.609Z,19010610,XBTUSD,3795.5,1782621,3796,2135246,3795.75,3796
10281834,2019-01-06T10:01:01.664Z,19010610,XBTUSD,3795.5,1781412,3796,2123971,3795.75,3796
10281847,2019-01-06T10:01:02.060Z,19010610,XBTUSD,3795.5,1794102,3796,2104021,3795.75,3796
10281855,2019-01-06T10:01:02.869Z,19010610,XBTUSD,3795.5,1803102,3796,2070779,3795.75,3796
10281874,2019-01-06T10:01:03.425Z,19010610,XBTUSD,3795.5,1803104,3796,2084683,3795.75,3796
10281039,2019-01-06T10:00:11.073Z,19010610,XBTUSD,3795.5,1970481,3796,1721852,3795.75,3796
10281041,2019-01-06T10:00:11.177Z,19010610,XBTUSD,3795.5,1970482,3796,1721852,3795.75,3796
10281080,2019-01-06T10:00:14.830Z,19010610,XBTUSD,3795.5,2664203,3796,1729304,3795.75,3796
10281095,2019-01-06T10:00:15.910Z,19010610,XBTUSD,3795.5,2639183,3796,1804610,3795.75,3796
10281118,2019-01-06T10:00:17.129Z,19010610,XBTUSD,3795.5,2651703,3796,1742410,3795.75,3796
10281136,2019-01-06T10:00:18.442Z,19010610,XBTUSD,3795.5,2643760,3796,1740410,3795.75,3796
10281162,2019-01-06T10:00:20.705Z,19010610,XBTUSD,3795.5,2625387,3796,1740410,3795.75,3796
10281213,2019-01-06T10:00:23.512Z,19010610,XBTUSD,3795.5,1805974,3796,1800720,3795.75,3796
10281222,2019-01-06T10:00:23.708Z,19010610,XBTUSD,3795.5,1805965,3796,1790720,3795.75,3796
10281251,2019-01-06T10:00:25.717Z,19010610,XBTUSD,3795.5,1806068,3796,1783760,3795.75,3796
10281267,2019-01-06T10:00:26.435Z,19010610,XBTUSD,3795.5,1806068,3796,1799960,3795.75,3796
10281289,2019-01-06T10:00:28.708Z,19010610,XBTUSD,3795.5,1805865,3796,1799540,3795.75,3796
10281338,2019-01-06T10:00:31.249Z,19010610,XBTUSD,3795.5,1832867,3796,1807580,3795.75,3796
10281368,2019-01-06T10:00:33.278Z,19010610,XBTUSD,3795.5,1832879,3796,1810310,3795.75,3796
10281381,2019-01-06T10:00:34.314Z,19010610,XBTUSD,3795.5,1852881,3796,1812830,3795.75,3796
10281445,2019-01-06T10:00:38.442Z,19010610,XBTUSD,3795.5,1832905,3796,1808920,3795.75,3796
10281464,2019-01-06T10:00:39.632Z,19010610,XBTUSD,3795.5,1832906,3796,1907680,3795.75,3796
10281485,2019-01-06T10:00:40.309Z,19010610,XBTUSD,3795.5,1832908,3796,1912020,3795.75,3796
10281521,2019-01-06T10:00:43.209Z,19010610,XBTUSD,3795.5,1832870,3796,1912018,3795.75,3796
10281538,2019-01-06T10:00:44.771Z,19010610,XBTUSD,3795.5,1807894,3796,1910978,3795.75,3796
10281560,2019-01-06T10:00:48.986Z,19010610,XBTUSD,3795.5,1820931,3796,1930215,3795.75,3796
10281587,2019-01-06T10:00:49.682Z,19010610,XBTUSD,3795.5,1808896,3796,1920215,3795.75,3796
10281597,2019-01-06T10:00:50.783Z,19010610,XBTUSD,3795.5,1839916,3796,1931916,3795.75,3796
10281612,2019-01-06T10:00:52.059Z,19010610,XBTUSD,3795.5,1889919,3796,1939916,3795.75,3796
10281616,2019-01-06T10:00:52.199Z,19010610,XBTUSD,3795.5,1889919,3796,1949916,3795.75,3796
10281632,2019-01-06T10:00:54.321Z,19010610,XBTUSD,3795.5,1887915,3796,1949916,3795.75,3796
10281649,2019-01-06T10:00:55.161Z,19010610,XBTUSD,3795.5,1836909,3796,1968916,3795.75,3796
10281699,2019-01-06T10:00:56.306Z,19010610,XBTUSD,3795.5,1782616,3796,2073012,3795.75,3796
10281839,2019-01-06T10:01:01.722Z,19010610,XBTUSD,3795.5,1781452,3796,2104904,3795.75,3796
10281851,2019-01-06T10:01:02.309Z,19010610,XBTUSD,3795.5,1794102,3796,2074846,3795.75,3796
10281882,2019-01-06T10:01:04.032Z,19010610,XBTUSD,3795.5,1788106,3796,2082801,3795.75,3796
10281067,2019-01-06T10:00:13.715Z,19010610,XBTUSD,3795.5,1970449,3796,1729304,3795.75,3796
10281082,2019-01-06T10:00:14.914Z,19010610,XBTUSD,3795.5,2664183,3796,1779304,3795.75,3796
10281091,2019-01-06T10:00:15.411Z,19010610,XBTUSD,3795.5,2614183,3796,1800300,3795.75,3796
10281120,2019-01-06T10:00:17.145Z,19010610,XBTUSD,3795.5,2651705,3796,1742410,3795.75,3796
10281125,2019-01-06T10:00:18.083Z,19010610,XBTUSD,3795.5,2649954,3796,1738410,3795.75,3796
10281138,2019-01-06T10:00:18.535Z,19010610,XBTUSD,3795.5,2645825,3796,1744410,3795.75,3796
10281163,2019-01-06T10:00:20.725Z,19010610,XBTUSD,3795.5,2625387,3796,1744410,3795.75,3796
10281219,2019-01-06T10:00:23.672Z,19010610,XBTUSD,3795.5,1805964,3796,1790720,3795.75,3796
10281221,2019-01-06T10:00:23.704Z,19010610,XBTUSD,3795.5,1805964,3796,1790720,3795.75,3796
10281246,2019-01-06T10:00:25.204Z,19010610,XBTUSD,3795.5,1806066,3796,1817480,3795.75,3796
10281249,2019-01-06T10:00:25.570Z,19010610,XBTUSD,3795.5,1806067,3796,1793760,3795.75,3796
10281309,2019-01-06T10:00:30.876Z,19010610,XBTUSD,3795.5,1832865,3796,1807580,3795.75,3796
10281355,2019-01-06T10:00:32.917Z,19010610,XBTUSD,3795.5,1832879,3796,1810199,3795.75,3796
10281369,2019-01-06T10:00:33.939Z,19010610,XBTUSD,3795.5,1852879,3796,1810310,3795.75,3796
10281411,2019-01-06T10:00:35.777Z,19010610,XBTUSD,3795.5,1852896,3796,1810970,3795.75,3796
10281437,2019-01-06T10:00:37.357Z,19010610,XBTUSD,3795.5,1832903,3796,1810300,3795.75,3796
10281447,2019-01-06T10:00:38.662Z,19010610,XBTUSD,3795.5,1832906,3796,1807680,3795.75,3796
10281539,2019-01-06T10:00:44.837Z,19010610,XBTUSD,3795.5,1807894,3796,1920978,3795.75,3796
10281543,2019-01-06T10:00:47.905Z,19010610,XBTUSD,3795.5,1807894,3796,1920975,3795.75,3796
10281553,2019-01-06T10:00:48.318Z,19010610,XBTUSD,3795.5,1808894,3796,1932215,3795.75,3796
10281596,2019-01-06T10:00:50.446Z,19010610,XBTUSD,3795.5,1814916,3796,1931916,3795.75,3796
10281636,2019-01-06T10:00:54.487Z,19010610,XBTUSD,3795.5,1889909,3796,1953916,3795.75,3796
10281655,2019-01-06T10:00:55.308Z,19010610,XBTUSD,3795.5,1829905,3796,1981916,3795.75,3796
10281770,2019-01-06T10:00:58.492Z,19010610,XBTUSD,3795.5,1782619,3796,2129045,3795.75,3796
10281781,2019-01-06T10:00:59.121Z,19010610,XBTUSD,3795.5,1782471,3796,2129670,3795.75,3796
10281840,2019-01-06T10:01:01.727Z,19010610,XBTUSD,3795.5,1784452,3796,2104904,3795.75,3796
10281339,2019-01-06T10:00:31.270Z,19010610,XBTUSD,3795.5,1832867,3796,1809440,3795.75,3796
10281415,2019-01-06T10:00:36.187Z,19010610,XBTUSD,3795.5,1852902,3796,1810350,3795.75,3796
10281440,2019-01-06T10:00:37.869Z,19010610,XBTUSD,3795.5,1832904,3796,1807680,3795.75,3796
10281486,2019-01-06T10:00:40.343Z,19010610,XBTUSD,3795.5,1832908,3796,1907680,3795.75,3796
10281558,2019-01-06T10:00:48.881Z,19010610,XBTUSD,3795.5,1824942,3796,1930215,3795.75,3796
10281586,2019-01-06T10:00:49.538Z,19010610,XBTUSD,3795.5,1808896,3796,1930215,3795.75,3796
10281595,2019-01-06T10:00:50.437Z,19010610,XBTUSD,3795.5,1814916,3796,1921903,3795.75,3796
10281630,2019-01-06T10:00:54.261Z,19010610,XBTUSD,3795.5,1887913,3796,1949916,3795.75,3796
10281641,2019-01-06T10:00:54.760Z,19010610,XBTUSD,3795.5,1841909,3796,1951916,3795.75,3796
10281651,2019-01-06T10:00:55.167Z,19010610,XBTUSD,3795.5,1834903,3796,1971916,3795.75,3796
10281698,2019-01-06T10:00:56.276Z,19010610,XBTUSD,3795.5,1782615,3796,2073012,3795.75,3796
10281734,2019-01-06T10:00:57.421Z,19010610,XBTUSD,3795.5,1782618,3796,2106970,3795.75,3796
10281771,2019-01-06T10:00:58.591Z,19010610,XBTUSD,3795.5,1782619,3796,2135246,3795.75,3796
10281825,2019-01-06T10:01:00.886Z,19010610,XBTUSD,3795.5,1781423,3796,2117494,3795.75,3796
10281841,2019-01-06T10:01:01.731Z,19010610,XBTUSD,3795.5,1789452,3796,2104904,3795.75,3796
10281845,2019-01-06T10:01:01.810Z,19010610,XBTUSD,3795.5,1793852,3796,2103971,3795.75,3796
10281857,2019-01-06T10:01:02.926Z,19010610,XBTUSD,3795.5,1803103,3796,2075779,3795.75,3796
10281878,2019-01-06T10:01:03.712Z,19010610,XBTUSD,3795.5,1803104,3796,2082525,3795.75,3796
10281919,2019-01-06T10:01:06.591Z,19010610,XBTUSD,3795.5,1807026,3796,2067154,3795.75,3796
10281933,2019-01-06T10:01:08.008Z,19010610,XBTUSD,3795.5,1799242,3796,2072154,3795.75,3796
10281948,2019-01-06T10:01:08.210Z,19010610,XBTUSD,3795.5,1805243,3796,2065154,3795.75,3796
10281985,2019-01-06T10:01:09.120Z,19010610,XBTUSD,3795.5,1805199,3796,2067152,3795.75,3796
10282035,2019-01-06T10:01:12.132Z,19010610,XBTUSD,3795.5,1794863,3796,2046897,3795.75,3796
10282051,2019-01-06T10:01:13.608Z,19010610,XBTUSD,3795.5,1794479,3796,2047897,3795.75,3796
10281371,2019-01-06T10:00:34.004Z,19010610,XBTUSD,3795.5,1852880,3796,1812790,3795.75,3796
10281412,2019-01-06T10:00:35.787Z,19010610,XBTUSD,3795.5,1852900,3796,1810970,3795.75,3796
10281444,2019-01-06T10:00:38.151Z,19010610,XBTUSD,3795.5,1832904,3796,1808920,3795.75,3796
10281511,2019-01-06T10:00:42.458Z,19010610,XBTUSD,3795.5,1832870,3796,1908300,3795.75,3796
10281522,2019-01-06T10:00:43.459Z,19010610,XBTUSD,3795.5,1832871,3796,1912018,3795.75,3796
10281536,2019-01-06T10:00:44.563Z,19010610,XBTUSD,3795.5,1807884,3796,1912218,3795.75,3796
10281559,2019-01-06T10:00:48.981Z,19010610,XBTUSD,3795.5,1820930,3796,1930215,3795.75,3796
10281609,2019-01-06T10:00:51.644Z,19010610,XBTUSD,3795.5,1837913,3796,1931916,3795.75,3796
10281633,2019-01-06T10:00:54.366Z,19010610,XBTUSD,3795.5,1885909,3796,1949916,3795.75,3796
10281650,2019-01-06T10:00:55.162Z,19010610,XBTUSD,3795.5,1836909,3796,1971916,3795.75,3796
10281702,2019-01-06T10:00:57.020Z,19010610,XBTUSD,3795.5,1782617,3796,2097853,3795.75,3796
10281739,2019-01-06T10:00:58.057Z,19010610,XBTUSD,3795.5,1782619,3796,2127439,3795.75,3796
10281832,2019-01-06T10:01:01.616Z,19010610,XBTUSD,3795.5,1781424,3796,2123971,3795.75,3796
10281842,2019-01-06T10:01:01.735Z,19010610,XBTUSD,3795.5,1789452,3796,2101904,3795.75,3796
10281852,2019-01-06T10:01:02.403Z,19010610,XBTUSD,3795.5,1784102,3796,2072779,3795.75,3796
10281872,2019-01-06T10:01:03.038Z,19010610,XBTUSD,3795.5,1803104,3796,2007457,3795.75,3796
10281881,2019-01-06T10:01:03.996Z,19010610,XBTUSD,3795.5,1788105,3796,2082801,3795.75,3796
10281950,2019-01-06T10:01:08.968Z,19010610,XBTUSD,3795.5,1805199,3796,2065154,3795.75,3796
10282069,2019-01-06T10:01:14.238Z,19010610,XBTUSD,3795.5,1794479,3796,1993857,3795.75,3796
10282075,2019-01-06T10:01:14.963Z,19010610,XBTUSD,3795.5,1794185,3796,1985857,3795.75,3796
10282127,2019-01-06T10:01:16.411Z,19010610,XBTUSD,3795.5,1794187,3796,1981702,3795.75,3796
10282137,2019-01-06T10:01:17.709Z,19010610,XBTUSD,3795.5,1793693,3796,1976202,3795.75,3796
10281631,2019-01-06T10:00:54.319Z,19010610,XBTUSD,3795.5,1887914,3796,1949916,3795.75,3796
10281647,2019-01-06T10:00:55.151Z,19010610,XBTUSD,3795.5,1841909,3796,1966916,3795.75,3796
10281657,2019-01-06T10:00:55.763Z,19010610,XBTUSD,3795.5,1804905,3796,2050238,3795.75,3796
10281700,2019-01-06T10:00:56.407Z,19010610,XBTUSD,3795.5,1782617,3796,2073012,3795.75,3796
10281732,2019-01-06T10:00:57.243Z,19010610,XBTUSD,3795.5,1782617,3796,2109037,3795.75,3796
10281775,2019-01-06T10:00:58.838Z,19010610,XBTUSD,3795.5,1782471,3796,2135871,3795.75,3796
10281838,2019-01-06T10:01:01.716Z,19010610,XBTUSD,3795.5,1781452,3796,2114904,3795.75,3796
10281850,2019-01-06T10:01:02.326Z,19010610,XBTUSD,3795.5,1794102,3796,2072779,3795.75,3796
10281880,2019-01-06T10:01:03.752Z,19010610,XBTUSD,3795.5,1788104,3796,2082801,3795.75,3796
10281928,2019-01-06T10:01:07.012Z,19010610,XBTUSD,3795.5,1801028,3796,2067154,3795.75,3796
10281945,2019-01-06T10:01:08.116Z,19010610,XBTUSD,3795.5,1802242,3796,2065154,3795.75,3796
10281989,2019-01-06T10:01:09.809Z,19010610,XBTUSD,3795.5,1805161,3796,2068652,3795.75,3796
10282005,2019-01-06T10:01:10.941Z,19010610,XBTUSD,3795.5,1805163,3796,2068692,3795.75,3796
10282039,2019-01-06T10:01:12.447Z,19010610,XBTUSD,3795.5,1794519,3796,2046897,3795.75,3796
10282083,2019-01-06T10:01:15.103Z,19010610,XBTUSD,3795.5,1794185,3796,1985852,3795.75,3796
10282125,2019-01-06T10:01:16.367Z,19010610,XBTUSD,3795.5,1794185,3796,1981702,3795.75,3796
10282134,2019-01-06T10:01:17.097Z,19010610,XBTUSD,3795.5,1793842,3796,1980202,3795.75,3796
10282252,2019-01-06T10:01:19.661Z,19010610,XBTUSD,3795.5,1767350,3796,1942072,3795.75,3796
10282314,2019-01-06T10:01:22.020Z,19010610,XBTUSD,3795.5,1745058,3796,1936970,3795.75,3796
10282351,2019-01-06T10:01:23.159Z,19010610,XBTUSD,3795.5,1739887,3796,1911770,3795.75,3796
10282403,2019-01-06T10:01:26.555Z,19010610,XBTUSD,3795.5,1730589,3796,1918130,3795.75,3796
10282447,2019-01-06T10:01:30.788Z,19010610,XBTUSD,3795.5,1730609,3796,1917820,3795.75,3796
10281703,2019-01-06T10:00:57.062Z,19010610,XBTUSD,3795.5,1782617,3796,2113037,3795.75,3796
10281735,2019-01-06T10:00:57.520Z,19010610,XBTUSD,3795.5,1782618,3796,2108970,3795.75,3796
10281769,2019-01-06T10:00:58.490Z,19010610,XBTUSD,3795.5,1782619,3796,2128242,3795.75,3796
10281772,2019-01-06T10:00:58.607Z,19010610,XBTUSD,3795.5,1782620,3796,2135246,3795.75,3796
10281782,2019-01-06T10:00:59.173Z,19010610,XBTUSD,3795.5,1781471,3796,2129670,3795.75,3796
10281820,2019-01-06T10:01:00.028Z,19010610,XBTUSD,3795.5,1781423,3796,2117218,3795.75,3796
10281836,2019-01-06T10:01:01.674Z,19010610,XBTUSD,3795.5,1781452,3796,2121904,3795.75,3796
10281844,2019-01-06T10:01:01.748Z,19010610,XBTUSD,3795.5,1793852,3796,2101904,3795.75,3796
10281858,2019-01-06T10:01:02.942Z,19010610,XBTUSD,3795.5,1803104,3796,2075779,3795.75,3796
10281875,2019-01-06T10:01:03.629Z,19010610,XBTUSD,3795.5,1803104,3796,2083880,3795.75,3796
10281901,2019-01-06T10:01:04.254Z,19010610,XBTUSD,3795.5,1785606,3796,2083077,3795.75,3796
10281920,2019-01-06T10:01:06.603Z,19010610,XBTUSD,3795.5,1805026,3796,2067154,3795.75,3796
10281931,2019-01-06T10:01:07.914Z,19010610,XBTUSD,3795.5,1801028,3796,2072154,3795.75,3796
10282038,2019-01-06T10:01:12.438Z,19010610,XBTUSD,3795.5,1794665,3796,2046897,3795.75,3796
10282050,2019-01-06T10:01:13.306Z,19010610,XBTUSD,3795.5,1794499,3796,2047897,3795.75,3796
10282072,2019-01-06T10:01:14.853Z,19010610,XBTUSD,3795.5,1794329,3796,1985857,3795.75,3796
10282139,2019-01-06T10:01:17.821Z,19010610,XBTUSD,3795.5,1773694,3796,1956202,3795.75,3796
10282202,2019-01-06T10:01:19.076Z,19010610,XBTUSD,3795.5,1769348,3796,1956085,3795.75,3796
10282251,2019-01-06T10:01:19.620Z,19010610,XBTUSD,3795.5,1767350,3796,1938072,3795.75,3796
10282313,2019-01-06T10:01:21.952Z,19010610,XBTUSD,3795.5,1744858,3796,1936970,3795.75,3796
10282346,2019-01-06T10:01:23.005Z,19010610,XBTUSD,3795.5,1742887,3796,1911770,3795.75,3796
10282381,2019-01-06T10:01:24.611Z,19010610,XBTUSD,3795.5,1730603,3796,1918130,3795.75,3796
10282448,2019-01-06T10:01:30.801Z,19010610,XBTUSD,3795.5,1730610,3796,1917820,3795.75,3796
10282457,2019-01-06T10:01:31.812Z,19010610,XBTUSD,3795.5,1730672,3796,1914970,3795.75,3796
10281736,2019-01-06T10:00:57.521Z,19010610,XBTUSD,3795.5,1782619,3796,2108970,3795.75,3796
10281738,2019-01-06T10:00:57.777Z,19010610,XBTUSD,3795.5,1782619,3796,2123305,3795.75,3796
10281785,2019-01-06T10:00:59.706Z,19010610,XBTUSD,3795.5,1781473,3796,2117268,3795.75,3796
10281827,2019-01-06T10:01:00.901Z,19010610,XBTUSD,3795.5,1781423,3796,2123971,3795.75,3796
10281833,2019-01-06T10:01:01.618Z,19010610,XBTUSD,3795.5,1781425,3796,2123971,3795.75,3796
10281849,2019-01-06T10:01:02.142Z,19010610,XBTUSD,3795.5,1794102,3796,2097620,3795.75,3796
10281873,2019-01-06T10:01:03.120Z,19010610,XBTUSD,3795.5,1803104,3796,2107457,3795.75,3796
10281879,2019-01-06T10:01:03.721Z,19010610,XBTUSD,3795.5,1788104,3796,2082525,3795.75,3796
10281902,2019-01-06T10:01:04.694Z,19010610,XBTUSD,3795.5,1785606,3796,2056505,3795.75,3796
10281910,2019-01-06T10:01:05.598Z,19010610,XBTUSD,3795.5,1785627,3796,2055766,3795.75,3796
10281922,2019-01-06T10:01:06.608Z,19010610,XBTUSD,3795.5,1802026,3796,2067154,3795.75,3796
10281929,2019-01-06T10:01:07.208Z,19010610,XBTUSD,3795.5,1811058,3796,2067154,3795.75,3796
10281988,2019-01-06T10:01:09.745Z,19010610,XBTUSD,3795.5,1805160,3796,2068652,3795.75,3796
10282004,2019-01-06T10:01:10.932Z,19010610,XBTUSD,3795.5,1805162,3796,2068692,3795.75,3796
10282034,2019-01-06T10:01:12.020Z,19010610,XBTUSD,3795.5,1795063,3796,2046897,3795.75,3796
10282074,2019-01-06T10:01:14.935Z,19010610,XBTUSD,3795.5,1794184,3796,1985857,3795.75,3796
10282140,2019-01-06T10:01:17.860Z,19010610,XBTUSD,3795.5,1773694,3796,1956085,3795.75,3796
10282201,2019-01-06T10:01:19.069Z,19010610,XBTUSD,3795.5,1769548,3796,1956085,3795.75,3796
10282310,2019-01-06T10:01:21.183Z,19010610,XBTUSD,3795.5,1744857,3796,1940070,3795.75,3796
10282380,2019-01-06T10:01:24.603Z,19010610,XBTUSD,3795.5,1730602,3796,1918130,3795.75,3796
10282404,2019-01-06T10:01:26.895Z,19010610,XBTUSD,3795.5,1730755,3796,1918130,3795.75,3796
10282436,2019-01-06T10:01:29.607Z,19010610,XBTUSD,3795.5,1730757,3796,1918130,3795.75,3796
10282460,2019-01-06T10:01:32.031Z,19010610,XBTUSD,3795.5,1730672,3796,1917070,3795.75,3796
10282517,2019-01-06T10:01:36.846Z,19010610,XBTUSD,3795.5,1732964,3796,1908278,3795.75,3796
10282523,2019-01-06T10:01:37.372Z,19010610,XBTUSD,3795.5,1730958,3796,1908278,3795.75,3796
10282571,2019-01-06T10:01:44.699Z,19010610,XBTUSD,3795.5,1734169,3796,1908417,3795.75,3796
10281733,2019-01-06T10:00:57.335Z,19010610,XBTUSD,3795.5,1782617,3796,2106970,3795.75,3796
10281774,2019-01-06T10:00:58.810Z,19010610,XBTUSD,3795.5,1782471,3796,2135246,3795.75,3796
10281783,2019-01-06T10:00:59.659Z,19010610,XBTUSD,3795.5,1781471,3796,2117268,3795.75,3796
10281835,2019-01-06T10:01:01.667Z,19010610,XBTUSD,3795.5,1781452,3796,2123971,3795.75,3796
10281843,2019-01-06T10:01:01.736Z,19010610,XBTUSD,3795.5,1794452,3796,2101904,3795.75,3796
10281853,2019-01-06T10:01:02.560Z,19010610,XBTUSD,3795.5,1788102,3796,2072779,3795.75,3796
10281905,2019-01-06T10:01:05.025Z,19010610,XBTUSD,3795.5,1785607,3796,2055866,3795.75,3796
10281908,2019-01-06T10:01:05.293Z,19010610,XBTUSD,3795.5,1785608,3796,2055766,3795.75,3796
10281949,2019-01-06T10:01:08.427Z,19010610,XBTUSD,3795.5,1805244,3796,2065154,3795.75,3796
10281984,2019-01-06T10:01:09.110Z,19010610,XBTUSD,3795.5,1805199,3796,2067154,3795.75,3796
10282031,2019-01-06T10:01:11.610Z,19010610,XBTUSD,3795.5,1805063,3796,2068672,3795.75,3796
10282085,2019-01-06T10:01:15.743Z,19010610,XBTUSD,3795.5,1794185,3796,1982852,3795.75,3796
10282130,2019-01-06T10:01:16.929Z,19010610,XBTUSD,3795.5,1793841,3796,1980202,3795.75,3796
10282136,2019-01-06T10:01:17.664Z,19010610,XBTUSD,3795.5,1793692,3796,1976202,3795.75,3796
10282248,2019-01-06T10:01:19.223Z,19010610,XBTUSD,3795.5,1769350,3796,1956085,3795.75,3796
10282308,2019-01-06T10:01:21.094Z,19010610,XBTUSD,3795.5,1745203,3796,1940070,3795.75,3796
10282342,2019-01-06T10:01:22.134Z,19010610,XBTUSD,3795.5,1741059,3796,1936770,3795.75,3796
10282355,2019-01-06T10:01:23.890Z,19010610,XBTUSD,3795.5,1730601,3796,1917350,3795.75,3796
10282379,2019-01-06T10:01:24.538Z,19010610,XBTUSD,3795.5,1730601,3796,1918130,3795.75,3796
10282494,2019-01-06T10:01:33.601Z,19010610,XBTUSD,3795.5,1730965,3796,1910594,3795.75,3796
10282572,2019-01-06T10:01:44.962Z,19010610,XBTUSD,3795.5,1730157,3796,1908417,3795.75,3796
10281826,2019-01-06T10:01:00.891Z,19010610,XBTUSD,3795.5,1781423,3796,2117770,3795.75,3796
10281837,2019-01-06T10:01:01.713Z,19010610,XBTUSD,3795.5,1781452,3796,2116904,3795.75,3796
10281846,2019-01-06T10:01:02.015Z,19010610,XBTUSD,3795.5,1794052,3796,2103971,3795.75,3796
10281856,2019-01-06T10:01:02.902Z,19010610,XBTUSD,3795.5,1803102,3796,2075779,3795.75,3796
10281876,2019-01-06T10:01:03.658Z,19010610,XBTUSD,3795.5,1803104,3796,2083604,3795.75,3796
10281904,2019-01-06T10:01:05.009Z,19010610,XBTUSD,3795.5,1785607,3796,2055880,3795.75,3796
10281909,2019-01-06T10:01:05.296Z,19010610,XBTUSD,3795.5,1785640,3796,2055766,3795.75,3796
10281923,2019-01-06T10:01:06.626Z,19010610,XBTUSD,3795.5,1801026,3796,2067154,3795.75,3796
10281927,2019-01-06T10:01:07.009Z,19010610,XBTUSD,3795.5,1801027,3796,2067154,3795.75,3796
10281946,2019-01-06T10:01:08.126Z,19010610,XBTUSD,3795.5,1804242,3796,2065154,3795.75,3796
10281987,2019-01-06T10:01:09.352Z,19010610,XBTUSD,3795.5,1805200,3796,2068652,3795.75,3796
10282033,2019-01-06T10:01:11.935Z,19010610,XBTUSD,3795.5,1795063,3796,2046697,3795.75,3796
10282040,2019-01-06T10:01:12.508Z,19010610,XBTUSD,3795.5,1794519,3796,2047897,3795.75,3796
10282052,2019-01-06T10:01:13.826Z,19010610,XBTUSD,3795.5,1794479,3796,2047857,3795.75,3796
10282070,2019-01-06T10:01:14.830Z,19010610,XBTUSD,3795.5,1794479,3796,1985857,3795.75,3796
10282084,2019-01-06T10:01:15.111Z,19010610,XBTUSD,3795.5,1794185,3796,1983852,3795.75,3796
10282128,2019-01-06T10:01:16.540Z,19010610,XBTUSD,3795.5,1794187,3796,1980202,3795.75,3796
10282253,2019-01-06T10:01:19.809Z,19010610,XBTUSD,3795.5,1767350,3796,1942550,3795.75,3796
10282312,2019-01-06T10:01:21.697Z,19010610,XBTUSD,3795.5,1744857,3796,1936970,3795.75,3796
10282345,2019-01-06T10:01:22.944Z,19010610,XBTUSD,3795.5,1742886,3796,1911770,3795.75,3796
10282352,2019-01-06T10:01:23.214Z,19010610,XBTUSD,3795.5,1739888,3796,1911770,3795.75,3796
10282445,2019-01-06T10:01:30.363Z,19010610,XBTUSD,3795.5,1730758,3796,1917820,3795.75,3796
10282454,2019-01-06T10:01:31.510Z,19010610,XBTUSD,3795.5,1730670,3796,1915970,3795.75,3796
10282535,2019-01-06T10:01:38.862Z,19010610,XBTUSD,3795.5,1733758,3796,1907678,3795.75,3796
10282558,2019-01-06T10:01:43.438Z,19010610,XBTUSD,3795.5,1731861,3796,1907367,3795.75,3796
10282568,2019-01-06T10:01:44.407Z,19010610,XBTUSD,3795.5,1733867,3796,1908417,3795.75,3796
10281848,2019-01-06T10:01:02.136Z,19010610,XBTUSD,3795.5,1794102,3796,2097820,3795.75,3796
10281854,2019-01-06T10:01:02.610Z,19010610,XBTUSD,3795.5,1788102,3796,2070779,3795.75,3796
10281877,2019-01-06T10:01:03.662Z,19010610,XBTUSD,3795.5,1803104,3796,2083328,3795.75,3796
10281911,2019-01-06T10:01:05.702Z,19010610,XBTUSD,3795.5,1785627,3796,2067154,3795.75,3796
10281930,2019-01-06T10:01:07.751Z,19010610,XBTUSD,3795.5,1801028,3796,2067154,3795.75,3796
10281947,2019-01-06T10:01:08.131Z,19010610,XBTUSD,3795.5,1805242,3796,2065154,3795.75,3796
10282032,2019-01-06T10:01:11.639Z,19010610,XBTUSD,3795.5,1795063,3796,2068672,3795.75,3796
10282071,2019-01-06T10:01:14.834Z,19010610,XBTUSD,3795.5,1794279,3796,1985857,3795.75,3796
10282249,2019-01-06T10:01:19.549Z,19010610,XBTUSD,3795.5,1769350,3796,1948085,3795.75,3796
10282268,2019-01-06T10:01:20.629Z,19010610,XBTUSD,3795.5,1767350,3796,1940070,3795.75,3796
10282306,2019-01-06T10:01:20.906Z,19010610,XBTUSD,3795.5,1767177,3796,1940070,3795.75,3796
10282316,2019-01-06T10:01:22.060Z,19010610,XBTUSD,3795.5,1741059,3796,1936970,3795.75,3796
10282353,2019-01-06T10:01:23.586Z,19010610,XBTUSD,3795.5,1730588,3796,1911770,3795.75,3796
10282446,2019-01-06T10:01:30.731Z,19010610,XBTUSD,3795.5,1730759,3796,1917820,3795.75,3796
10282450,2019-01-06T10:01:30.983Z,19010610,XBTUSD,3795.5,1730570,3796,1917830,3795.75,3796
10282455,2019-01-06T10:01:31.766Z,19010610,XBTUSD,3795.5,1730670,3796,1914970,3795.75,3796
10282475,2019-01-06T10:01:32.420Z,19010610,XBTUSD,3795.5,1731042,3796,1917070,3795.75,3796
10282511,2019-01-06T10:01:35.760Z,19010610,XBTUSD,3795.5,1732962,3796,1910278,3795.75,3796
10282515,2019-01-06T10:01:36.408Z,19010610,XBTUSD,3795.5,1734970,3796,1910278,3795.75,3796
10282569,2019-01-06T10:01:44.502Z,19010610,XBTUSD,3795.5,1733868,3796,1908417,3795.75,3796
10282622,2019-01-06T10:01:48.813Z,19010610,XBTUSD,3795.5,1727729,3796,1907649,3795.75,3796
10281903,2019-01-06T10:01:04.953Z,19010610,XBTUSD,3795.5,1785606,3796,2055880,3795.75,3796
10281907,2019-01-06T10:01:05.162Z,19010610,XBTUSD,3795.5,1785608,3796,2055866,3795.75,3796
10281943,2019-01-06T10:01:08.085Z,19010610,XBTUSD,3795.5,1799242,3796,2065154,3795.75,3796
10282003,2019-01-06T10:01:10.787Z,19010610,XBTUSD,3795.5,1805161,3796,2068692,3795.75,3796
10282006,2019-01-06T10:01:10.952Z,19010610,XBTUSD,3795.5,1805163,3796,2068672,3795.75,3796
10282037,2019-01-06T10:01:12.260Z,19010610,XBTUSD,3795.5,1794865,3796,2046897,3795.75,3796
10282126,2019-01-06T10:01:16.406Z,19010610,XBTUSD,3795.5,1794186,3796,1981702,3795.75,3796
10282138,2019-01-06T10:01:17.712Z,19010610,XBTUSD,3795.5,1793694,3796,1976202,3795.75,3796
10282250,2019-01-06T10:01:19.555Z,19010610,XBTUSD,3795.5,1769350,3796,1938072,3795.75,3796
10282267,2019-01-06T10:01:20.477Z,19010610,XBTUSD,3795.5,1767350,3796,1941930,3795.75,3796
10282305,2019-01-06T10:01:20.880Z,19010610,XBTUSD,3795.5,1767176,3796,1940070,3795.75,3796
10282311,2019-01-06T10:01:21.235Z,19010610,XBTUSD,3795.5,1744857,3796,1938830,3795.75,3796
10282402,2019-01-06T10:01:26.536Z,19010610,XBTUSD,3795.5,1730588,3796,1918130,3795.75,3796
10282449,2019-01-06T10:01:30.886Z,19010610,XBTUSD,3795.5,1730610,3796,1917830,3795.75,3796
10282458,2019-01-06T10:01:32.016Z,19010610,XBTUSD,3795.5,1730672,3796,1915170,3795.75,3796
10282476,2019-01-06T10:01:32.543Z,19010610,XBTUSD,3795.5,1731042,3796,1910870,3795.75,3796
10282507,2019-01-06T10:01:34.889Z,19010610,XBTUSD,3795.5,1730954,3796,1910318,3795.75,3796
10282513,2019-01-06T10:01:36.305Z,19010610,XBTUSD,3795.5,1734968,3796,1910278,3795.75,3796
10282560,2019-01-06T10:01:43.954Z,19010610,XBTUSD,3795.5,1729855,3796,1908417,3795.75,3796
10282579,2019-01-06T10:01:45.542Z,19010610,XBTUSD,3795.5,1727137,3796,1908438,3795.75,3796
10282614,2019-01-06T10:01:47.707Z,19010610,XBTUSD,3795.5,1727728,3796,1909649,3795.75,3796
10281900,2019-01-06T10:01:04.189Z,19010610,XBTUSD,3795.5,1785606,3796,2082801,3795.75,3796
10281921,2019-01-06T10:01:06.607Z,19010610,XBTUSD,3795.5,1803026,3796,2067154,3795.75,3796
10281932,2019-01-06T10:01:07.930Z,19010610,XBTUSD,3795.5,1799241,3796,2072154,3795.75,3796
10281944,2019-01-06T10:01:08.115Z,19010610,XBTUSD,3795.5,1800242,3796,2065154,3795.75,3796
10281986,2019-01-06T10:01:09.205Z,19010610,XBTUSD,3795.5,1805200,3796,2067152,3795.75,3796
10282036,2019-01-06T10:01:12.247Z,19010610,XBTUSD,3795.5,1794864,3796,2046897,3795.75,3796
10282073,2019-01-06T10:01:14.911Z,19010610,XBTUSD,3795.5,1794183,3796,1985857,3795.75,3796
10282200,2019-01-06T10:01:19.034Z,19010610,XBTUSD,3795.5,1773548,3796,1956085,3795.75,3796
10282247,2019-01-06T10:01:19.111Z,19010610,XBTUSD,3795.5,1769349,3796,1956085,3795.75,3796
10282315,2019-01-06T10:01:22.032Z,19010610,XBTUSD,3795.5,1741058,3796,1936970,3795.75,3796
10282344,2019-01-06T10:01:22.904Z,19010610,XBTUSD,3795.5,1741099,3796,1911770,3795.75,3796
10282437,2019-01-06T10:01:29.609Z,19010610,XBTUSD,3795.5,1730758,3796,1918130,3795.75,3796
10282495,2019-01-06T10:01:33.611Z,19010610,XBTUSD,3795.5,1730966,3796,1910594,3795.75,3796
10282536,2019-01-06T10:01:38.904Z,19010610,XBTUSD,3795.5,1733759,3796,1907678,3795.75,3796
10282543,2019-01-06T10:01:40.705Z,19010610,XBTUSD,3795.5,1735767,3796,1907678,3795.75,3796
10282547,2019-01-06T10:01:41.252Z,19010610,XBTUSD,3795.5,1734657,3796,1907567,3795.75,3796
10282552,2019-01-06T10:01:42.134Z,19010610,XBTUSD,3795.5,1731859,3796,1907367,3795.75,3796
10282556,2019-01-06T10:01:43.332Z,19010610,XBTUSD,3795.5,1731859,3796,1907367,3795.75,3796
10282596,2019-01-06T10:01:46.741Z,19010610,XBTUSD,3795.5,1727025,3796,1909449,3795.75,3796
10282612,2019-01-06T10:01:47.645Z,19010610,XBTUSD,3795.5,1727726,3796,1909649,3795.75,3796
10282649,2019-01-06T10:01:50.007Z,19010610,XBTUSD,3795.5,1727730,3796,1907619,3795.75,3796
10282129,2019-01-06T10:01:16.917Z,19010610,XBTUSD,3795.5,1794041,3796,1980202,3795.75,3796
10282135,2019-01-06T10:01:17.639Z,19010610,XBTUSD,3795.5,1793692,3796,1980202,3795.75,3796
10282309,2019-01-06T10:01:21.164Z,19010610,XBTUSD,3795.5,1745057,3796,1940070,3795.75,3796
10282343,2019-01-06T10:01:22.875Z,19010610,XBTUSD,3795.5,1741059,3796,1911770,3795.75,3796
10282401,2019-01-06T10:01:26.415Z,19010610,XBTUSD,3795.5,1730587,3796,1918130,3795.75,3796
10282435,2019-01-06T10:01:29.559Z,19010610,XBTUSD,3795.5,1730756,3796,1918130,3795.75,3796
10282451,2019-01-06T10:01:31.028Z,19010610,XBTUSD,3795.5,1730670,3796,1917830,3795.75,3796
10282508,2019-01-06T10:01:34.909Z,19010610,XBTUSD,3795.5,1730955,3796,1910318,3795.75,3796
10282510,2019-01-06T10:01:35.265Z,19010610,XBTUSD,3795.5,1730956,3796,1910278,3795.75,3796
10282514,2019-01-06T10:01:36.404Z,19010610,XBTUSD,3795.5,1734969,3796,1910278,3795.75,3796
10282570,2019-01-06T10:01:44.504Z,19010610,XBTUSD,3795.5,1733869,3796,1908417,3795.75,3796
10282582,2019-01-06T10:01:45.763Z,19010610,XBTUSD,3795.5,1729329,3796,1909338,3795.75,3796
10282595,2019-01-06T10:01:46.669Z,19010610,XBTUSD,3795.5,1727025,3796,1909337,3795.75,3796
10282620,2019-01-06T10:01:48.373Z,19010610,XBTUSD,3795.5,1725722,3796,1907649,3795.75,3796
10282671,2019-01-06T10:01:50.890Z,19010610,XBTUSD,3795.5,1727732,3796,1907458,3795.75,3796
10282695,2019-01-06T10:01:51.489Z,19010610,XBTUSD,3795.5,1750726,3796,1907428,3795.75,3796
10282717,2019-01-06T10:01:52.234Z,19010610,XBTUSD,3795.5,1752734,3796,1902428,3795.75,3796
10282729,2019-01-06T10:01:52.889Z,19010610,XBTUSD,3795.5,1740541,3796,1923428,3795.75,3796
10282773,2019-01-06T10:01:55.270Z,19010610,XBTUSD,3795.5,1737319,3796,1933428,3795.75,3796
10282787,2019-01-06T10:01:56.253Z,19010610,XBTUSD,3795.5,1737321,3796,1937751,3795.75,3796
10282796,2019-01-06T10:01:58.006Z,19010610,XBTUSD,3795.5,1737325,3796,1937131,3795.75,3796
10282809,2019-01-06T10:01:58.634Z,19010610,XBTUSD,3795.5,1737225,3796,1932141,3795.75,3796
10282826,2019-01-06T10:02:00.031Z,19010610,XBTUSD,3795.5,1737227,3796,1986016,3795.75,3796
10282827,2019-01-06T10:02:00.034Z,19010610,XBTUSD,3795.5,1737177,3796,1985966,3795.75,3796
10282851,2019-01-06T10:02:02.125Z,19010610,XBTUSD,3795.5,1737229,3796,1985955,3795.75,3796
10282882,2019-01-06T10:02:03.932Z,19010610,XBTUSD,3795.5,1736333,3796,1742895,3795.75,3796
10282304,2019-01-06T10:01:20.794Z,19010610,XBTUSD,3795.5,1767326,3796,1940070,3795.75,3796
10282307,2019-01-06T10:01:20.908Z,19010610,XBTUSD,3795.5,1767178,3796,1940070,3795.75,3796
10282354,2019-01-06T10:01:23.649Z,19010610,XBTUSD,3795.5,1730601,3796,1911770,3795.75,3796
10282459,2019-01-06T10:01:32.019Z,19010610,XBTUSD,3795.5,1730672,3796,1915210,3795.75,3796
10282474,2019-01-06T10:01:32.166Z,19010610,XBTUSD,3795.5,1730472,3796,1917070,3795.75,3796
10282493,2019-01-06T10:01:33.580Z,19010610,XBTUSD,3795.5,1731042,3796,1910594,3795.75,3796
10282496,2019-01-06T10:01:33.614Z,19010610,XBTUSD,3795.5,1730967,3796,1910594,3795.75,3796
10282509,2019-01-06T10:01:34.911Z,19010610,XBTUSD,3795.5,1730956,3796,1910318,3795.75,3796
10282545,2019-01-06T10:01:40.711Z,19010610,XBTUSD,3795.5,1735657,3796,1907567,3795.75,3796
10282549,2019-01-06T10:01:42.016Z,19010610,XBTUSD,3795.5,1731857,3796,1907567,3795.75,3796
10282550,2019-01-06T10:01:42.104Z,19010610,XBTUSD,3795.5,1731858,3796,1907567,3795.75,3796
10282559,2019-01-06T10:01:43.928Z,19010610,XBTUSD,3795.5,1729855,3796,1907367,3795.75,3796
10282578,2019-01-06T10:01:45.493Z,19010610,XBTUSD,3795.5,1727157,3796,1908438,3795.75,3796
10282594,2019-01-06T10:01:46.606Z,19010610,XBTUSD,3795.5,1727025,3796,1909338,3795.75,3796
10282611,2019-01-06T10:01:47.574Z,19010610,XBTUSD,3795.5,1725720,3796,1909649,3795.75,3796
10282624,2019-01-06T10:01:49.014Z,19010610,XBTUSD,3795.5,1727730,3796,1907959,3795.75,3796
10282669,2019-01-06T10:01:50.452Z,19010610,XBTUSD,3795.5,1725726,3796,1907488,3795.75,3796
10282720,2019-01-06T10:01:52.264Z,19010610,XBTUSD,3795.5,1747734,3796,1917428,3795.75,3796
10282793,2019-01-06T10:01:57.515Z,19010610,XBTUSD,3795.5,1737323,3796,1934031,3795.75,3796
10282805,2019-01-06T10:01:58.194Z,19010610,XBTUSD,3795.5,1737325,3796,1933131,3795.75,3796
10282828,2019-01-06T10:02:00.367Z,19010610,XBTUSD,3795.5,1737177,3796,1989966,3795.75,3796
10282845,2019-01-06T10:02:01.668Z,19010610,XBTUSD,3795.5,1737229,3796,1984955,3795.75,3796
10282855,2019-01-06T10:02:02.706Z,19010610,XBTUSD,3795.5,1737231,3796,1990875,3795.75,3796
10282876,2019-01-06T10:02:03.410Z,19010610,XBTUSD,3795.5,1736331,3796,1752275,3795.75,3796
10282897,2019-01-06T10:02:05.062Z,19010610,XBTUSD,3795.5,1786336,3796,1742724,3795.75,3796
10282961,2019-01-06T10:02:08.575Z,19010610,XBTUSD,3795.5,1787372,3796,1745124,3795.75,3796
10282966,2019-01-06T10:02:09.098Z,19010610,XBTUSD,3795.5,1789378,3796,1745124,3795.75,3796
10282456,2019-01-06T10:01:31.810Z,19010610,XBTUSD,3795.5,1730671,3796,1914970,3795.75,3796
10282516,2019-01-06T10:01:36.798Z,19010610,XBTUSD,3795.5,1734970,3796,1908278,3795.75,3796
10282537,2019-01-06T10:01:38.906Z,19010610,XBTUSD,3795.5,1733760,3796,1907678,3795.75,3796
10282542,2019-01-06T10:01:40.636Z,19010610,XBTUSD,3795.5,1735766,3796,1907678,3795.75,3796
10282553,2019-01-06T10:01:42.788Z,19010610,XBTUSD,3795.5,1729853,3796,1907367,3795.75,3796
10282581,2019-01-06T10:01:45.575Z,19010610,XBTUSD,3795.5,1731129,3796,1908438,3795.75,3796
10282597,2019-01-06T10:01:46.777Z,19010610,XBTUSD,3795.5,1727026,3796,1909449,3795.75,3796
10282613,2019-01-06T10:01:47.705Z,19010610,XBTUSD,3795.5,1727727,3796,1909649,3795.75,3796
10282623,2019-01-06T10:01:48.816Z,19010610,XBTUSD,3795.5,1727730,3796,1907649,3795.75,3796
10282670,2019-01-06T10:01:50.851Z,19010610,XBTUSD,3795.5,1725726,3796,1907458,3795.75,3796
10282699,2019-01-06T10:01:52.009Z,19010610,XBTUSD,3795.5,1752734,3796,1897428,3795.75,3796
10282725,2019-01-06T10:01:52.609Z,19010610,XBTUSD,3795.5,1740729,3796,1923428,3795.75,3796
10282730,2019-01-06T10:01:52.929Z,19010610,XBTUSD,3795.5,1738754,3796,1923428,3795.75,3796
10282742,2019-01-06T10:01:53.583Z,19010610,XBTUSD,3795.5,1738754,3796,1927428,3795.75,3796
10282795,2019-01-06T10:01:58.002Z,19010610,XBTUSD,3795.5,1737324,3796,1937131,3795.75,3796
10282821,2019-01-06T10:01:59.472Z,19010610,XBTUSD,3795.5,1737225,3796,1932181,3795.75,3796
10282857,2019-01-06T10:02:02.876Z,19010610,XBTUSD,3795.5,1737231,3796,1961875,3795.75,3796
10282877,2019-01-06T10:02:03.463Z,19010610,XBTUSD,3795.5,1736332,3796,1752275,3795.75,3796
10282899,2019-01-06T10:02:05.156Z,19010610,XBTUSD,3795.5,1786336,3796,1741524,3795.75,3796
10283000,2019-01-06T10:02:10.576Z,19010610,XBTUSD,3795.5,1786934,3796,1745124,3795.75,3796
10283020,2019-01-06T10:02:12.082Z,19010610,XBTUSD,3795.5,1789142,3796,1749124,3795.75,3796
10283026,2019-01-06T10:02:12.827Z,19010610,XBTUSD,3795.5,1787136,3796,1738624,3795.75,3796
10283043,2019-01-06T10:02:13.370Z,19010610,XBTUSD,3795.5,1739144,3796,1738624,3795.75,3796
10283048,2019-01-06T10:02:14.495Z,19010610,XBTUSD,3795.5,1737088,3796,1735624,3795.75,3796
10283086,2019-01-06T10:02:16.481Z,19010610,XBTUSD,3795.5,1796058,3796,1735695,3795.75,3796
10283094,2019-01-06T10:02:17.558Z,19010610,XBTUSD,3795.5,1793854,3796,1735895,3795.75,3796
10283110,2019-01-06T10:02:18.243Z,19010610,XBTUSD,3795.5,1795863,3796,1728985,3795.75,3796
10283128,2019-01-06T10:02:19.726Z,19010610,XBTUSD,3795.5,1791865,3796,1738985,3795.75,3796
10283151,2019-01-06T10:02:21.833Z,19010610,XBTUSD,3795.5,1791867,3796,1721714,3795.75,3796
10283178,2019-01-06T10:02:24.005Z,19010610,XBTUSD,3795.5,1789864,3796,1740712,3795.75,3796
10283259,2019-01-06T10:02:28.782Z,19010610,XBTUSD,3795.5,1802841,3796,1761235,3795.75,3796
10283262,2019-01-06T10:02:29.202Z,19010610,XBTUSD,3795.5,1799843,3796,1761235,3795.75,3796
10282497,2019-01-06T10:01:34.021Z,19010610,XBTUSD,3795.5,1730967,3796,1910318,3795.75,3796
10282534,2019-01-06T10:01:38.834Z,19010610,XBTUSD,3795.5,1728958,3796,1908278,3795.75,3796
10282544,2019-01-06T10:01:40.708Z,19010610,XBTUSD,3795.5,1735768,3796,1907678,3795.75,3796
10282548,2019-01-06T10:01:41.276Z,19010610,XBTUSD,3795.5,1731657,3796,1907567,3795.75,3796
10282551,2019-01-06T10:01:42.107Z,19010610,XBTUSD,3795.5,1731859,3796,1907567,3795.75,3796
10282557,2019-01-06T10:01:43.431Z,19010610,XBTUSD,3795.5,1731860,3796,1907367,3795.75,3796
10282580,2019-01-06T10:01:45.556Z,19010610,XBTUSD,3795.5,1727117,3796,1908438,3795.75,3796
10282593,2019-01-06T10:01:46.572Z,19010610,XBTUSD,3795.5,1727024,3796,1909338,3795.75,3796
10282609,2019-01-06T10:01:47.120Z,19010610,XBTUSD,3795.5,1725020,3796,1909649,3795.75,3796
10282672,2019-01-06T10:01:50.994Z,19010610,XBTUSD,3795.5,1727732,3796,1907438,3795.75,3796
10282719,2019-01-06T10:01:52.261Z,19010610,XBTUSD,3795.5,1747734,3796,1912428,3795.75,3796
10282728,2019-01-06T10:01:52.652Z,19010610,XBTUSD,3795.5,1739541,3796,1923428,3795.75,3796
10282765,2019-01-06T10:01:54.631Z,19010610,XBTUSD,3795.5,1738754,3796,1927228,3795.75,3796
10282775,2019-01-06T10:01:55.716Z,19010610,XBTUSD,3795.5,1737319,3796,1934511,3795.75,3796
10282792,2019-01-06T10:01:57.153Z,19010610,XBTUSD,3795.5,1737323,3796,1930031,3795.75,3796
10282806,2019-01-06T10:01:58.433Z,19010610,XBTUSD,3795.5,1737325,3796,1933091,3795.75,3796
10282843,2019-01-06T10:02:01.210Z,19010610,XBTUSD,3795.5,1737179,3796,1989245,3795.75,3796
10282854,2019-01-06T10:02:02.523Z,19010610,XBTUSD,3795.5,1737231,3796,1985915,3795.75,3796
10282880,2019-01-06T10:02:03.577Z,19010610,XBTUSD,3795.5,1736332,3796,1742275,3795.75,3796
10282884,2019-01-06T10:02:04.014Z,19010610,XBTUSD,3795.5,1736333,3796,1742895,3795.75,3796
10282901,2019-01-06T10:02:05.995Z,19010610,XBTUSD,3795.5,1787166,3796,1740124,3795.75,3796
10282917,2019-01-06T10:02:07.233Z,19010610,XBTUSD,3795.5,1787369,3796,1740124,3795.75,3796
10282970,2019-01-06T10:02:09.788Z,19010610,XBTUSD,3795.5,1790946,3796,1745124,3795.75,3796
10283023,2019-01-06T10:02:12.125Z,19010610,XBTUSD,3795.5,1789142,3796,1748924,3795.75,3796
10283042,2019-01-06T10:02:13.309Z,19010610,XBTUSD,3795.5,1789144,3796,1738624,3795.75,3796
10283050,2019-01-06T10:02:14.508Z,19010610,XBTUSD,3795.5,1737090,3796,1735624,3795.75,3796
10283062,2019-01-06T10:02:15.805Z,19010610,XBTUSD,3795.5,1796058,3796,1735631,3795.75,3796
10283145,2019-01-06T10:02:20.796Z,19010610,XBTUSD,3795.5,1789859,3796,1729748,3795.75,3796
10283186,2019-01-06T10:02:24.672Z,19010610,XBTUSD,3795.5,1792865,3796,1740512,3795.75,3796
10282577,2019-01-06T10:01:45.221Z,19010610,XBTUSD,3795.5,1730157,3796,1908438,3795.75,3796
10282592,2019-01-06T10:01:46.489Z,19010610,XBTUSD,3795.5,1729030,3796,1909338,3795.75,3796
10282621,2019-01-06T10:01:48.745Z,19010610,XBTUSD,3795.5,1727728,3796,1907649,3795.75,3796
10282648,2019-01-06T10:01:49.484Z,19010610,XBTUSD,3795.5,1727730,3796,1907649,3795.75,3796
10282668,2019-01-06T10:01:50.450Z,19010610,XBTUSD,3795.5,1725726,3796,1907508,3795.75,3796
10282697,2019-01-06T10:01:51.508Z,19010610,XBTUSD,3795.5,1750728,3796,1907428,3795.75,3796
10282721,2019-01-06T10:01:52.266Z,19010610,XBTUSD,3795.5,1742734,3796,1917428,3795.75,3796
10282786,2019-01-06T10:01:56.245Z,19010610,XBTUSD,3795.5,1737321,3796,1935751,3795.75,3796
10282823,2019-01-06T10:01:59.503Z,19010610,XBTUSD,3795.5,1737226,3796,1932481,3795.75,3796
10282834,2019-01-06T10:02:00.853Z,19010610,XBTUSD,3795.5,1737179,3796,1989445,3795.75,3796
10282879,2019-01-06T10:02:03.564Z,19010610,XBTUSD,3795.5,1736332,3796,1752275,3795.75,3796
10282895,2019-01-06T10:02:04.964Z,19010610,XBTUSD,3795.5,1786335,3796,1742738,3795.75,3796
10282900,2019-01-06T10:02:05.227Z,19010610,XBTUSD,3795.5,1787136,3796,1740124,3795.75,3796
10282920,2019-01-06T10:02:08.010Z,19010610,XBTUSD,3795.5,1789376,3796,1745124,3795.75,3796
10283053,2019-01-06T10:02:14.849Z,19010610,XBTUSD,3795.5,1742056,3796,1735624,3795.75,3796
10283064,2019-01-06T10:02:15.994Z,19010610,XBTUSD,3795.5,1794052,3796,1735695,3795.75,3796
10283125,2019-01-06T10:02:19.311Z,19010610,XBTUSD,3795.5,1793859,3796,1728985,3795.75,3796
10283168,2019-01-06T10:02:22.699Z,19010610,XBTUSD,3795.5,1789862,3796,1721714,3795.75,3796
10283185,2019-01-06T10:02:24.644Z,19010610,XBTUSD,3795.5,1796865,3796,1740512,3795.75,3796
10283206,2019-01-06T10:02:26.910Z,19010610,XBTUSD,3795.5,1792939,3796,1739690,3795.75,3796
10283261,2019-01-06T10:02:28.812Z,19010610,XBTUSD,3795.5,1802843,3796,1761235,3795.75,3796
10283264,2019-01-06T10:02:29.988Z,19010610,XBTUSD,3795.5,1812233,3796,1761545,3795.75,3796
10283271,2019-01-06T10:02:30.518Z,19010610,XBTUSD,3795.5,1803975,3796,1762345,3795.75,3796
10283287,2019-01-06T10:02:32.069Z,19010610,XBTUSD,3795.5,1812237,3796,1710343,3795.75,3796
10283298,2019-01-06T10:02:32.845Z,19010610,XBTUSD,3795.5,1812181,3796,1715033,3795.75,3796
10283310,2019-01-06T10:02:33.252Z,19010610,XBTUSD,3795.5,1814307,3796,1713033,3795.75,3796
10283347,2019-01-06T10:02:36.298Z,19010610,XBTUSD,3795.5,1803925,3796,1713205,3795.75,3796
10283368,2019-01-06T10:02:37.595Z,19010610,XBTUSD,3795.5,1803946,3796,1713205,3795.75,3796
10282591,2019-01-06T10:01:46.193Z,19010610,XBTUSD,3795.5,1729330,3796,1909338,3795.75,3796
10282619,2019-01-06T10:01:48.216Z,19010610,XBTUSD,3795.5,1725722,3796,1909649,3795.75,3796
10282665,2019-01-06T10:01:50.319Z,19010610,XBTUSD,3795.5,1727732,3796,1907498,3795.75,3796
10282722,2019-01-06T10:01:52.275Z,19010610,XBTUSD,3795.5,1742734,3796,1927428,3795.75,3796
10282766,2019-01-06T10:01:54.707Z,19010610,XBTUSD,3795.5,1738755,3796,1927228,3795.75,3796
10282777,2019-01-06T10:01:55.808Z,19010610,XBTUSD,3795.5,1737321,3796,1934511,3795.75,3796
10282808,2019-01-06T10:01:58.627Z,19010610,XBTUSD,3795.5,1737225,3796,1932191,3795.75,3796
10282822,2019-01-06T10:01:59.476Z,19010610,XBTUSD,3795.5,1737225,3796,1932481,3795.75,3796
10282833,2019-01-06T10:02:00.728Z,19010610,XBTUSD,3795.5,1737178,3796,1989445,3795.75,3796
10282844,2019-01-06T10:02:01.402Z,19010610,XBTUSD,3795.5,1737229,3796,1989295,3795.75,3796
10282858,2019-01-06T10:02:02.884Z,19010610,XBTUSD,3795.5,1737231,3796,1960875,3795.75,3796
10282883,2019-01-06T10:02:03.991Z,19010610,XBTUSD,3795.5,1736333,3796,1752895,3795.75,3796
10282892,2019-01-06T10:02:04.630Z,19010610,XBTUSD,3795.5,1786334,3796,1742895,3795.75,3796
10282908,2019-01-06T10:02:06.624Z,19010610,XBTUSD,3795.5,1787167,3796,1740124,3795.75,3796
10282968,2019-01-06T10:02:09.459Z,19010610,XBTUSD,3795.5,1788939,3796,1745124,3795.75,3796
10283018,2019-01-06T10:02:12.013Z,19010610,XBTUSD,3795.5,1789182,3796,1749124,3795.75,3796
10283025,2019-01-06T10:02:12.809Z,19010610,XBTUSD,3795.5,1787136,3796,1748624,3795.75,3796
10283063,2019-01-06T10:02:15.866Z,19010610,XBTUSD,3795.5,1796058,3796,1735695,3795.75,3796
10283091,2019-01-06T10:02:17.108Z,19010610,XBTUSD,3795.5,1796059,3796,1735895,3795.75,3796
10283124,2019-01-06T10:02:19.308Z,19010610,XBTUSD,3795.5,1793858,3796,1728985,3795.75,3796
10283169,2019-01-06T10:02:22.779Z,19010610,XBTUSD,3795.5,1789863,3796,1721714,3795.75,3796
10283180,2019-01-06T10:02:24.012Z,19010610,XBTUSD,3795.5,1793865,3796,1740712,3795.75,3796
10283184,2019-01-06T10:02:24.143Z,19010610,XBTUSD,3795.5,1796865,3796,1740712,3795.75,3796
10283207,2019-01-06T10:02:27.029Z,19010610,XBTUSD,3795.5,1792939,3796,1741690,3795.75,3796
10283227,2019-01-06T10:02:27.275Z,19010610,XBTUSD,3795.5,1797839,3796,1739690,3795.75,3796
10283234,2019-01-06T10:02:27.945Z,19010610,XBTUSD,3795.5,1797841,3796,1763235,3795.75,3796
10283273,2019-01-06T10:02:30.985Z,19010610,XBTUSD,3795.5,1812235,3796,1760345,3795.75,3796
10283283,2019-01-06T10:02:31.464Z,19010610,XBTUSD,3795.5,1810172,3796,1760343,3795.75,3796
10283294,2019-01-06T10:02:32.208Z,19010610,XBTUSD,3795.5,1812240,3796,1710343,3795.75,3796
10283313,2019-01-06T10:02:34.075Z,19010610,XBTUSD,3795.5,1816254,3796,1713033,3795.75,3796
10283348,2019-01-06T10:02:36.373Z,19010610,XBTUSD,3795.5,1801919,3796,1713205,3795.75,3796
10282598,2019-01-06T10:01:47.055Z,19010610,XBTUSD,3795.5,1727026,3796,1909649,3795.75,3796
10282610,2019-01-06T10:01:47.182Z,19010610,XBTUSD,3795.5,1724820,3796,1909649,3795.75,3796
10282667,2019-01-06T10:01:50.354Z,19010610,XBTUSD,3795.5,1725726,3796,1907538,3795.75,3796
10282723,2019-01-06T10:01:52.291Z,19010610,XBTUSD,3795.5,1742734,3796,1923428,3795.75,3796
10282774,2019-01-06T10:01:55.271Z,19010610,XBTUSD,3795.5,1737319,3796,1936991,3795.75,3796
10282790,2019-01-06T10:01:56.909Z,19010610,XBTUSD,3795.5,1737323,3796,1934031,3795.75,3796
10282824,2019-01-06T10:01:59.507Z,19010610,XBTUSD,3795.5,1737227,3796,1932481,3795.75,3796
10282832,2019-01-06T10:02:00.583Z,19010610,XBTUSD,3795.5,1737177,3796,1989445,3795.75,3796
10282852,2019-01-06T10:02:02.206Z,19010610,XBTUSD,3795.5,1737230,3796,1985955,3795.75,3796
10282896,2019-01-06T10:02:05.009Z,19010610,XBTUSD,3795.5,1786336,3796,1742738,3795.75,3796
10282971,2019-01-06T10:02:09.865Z,19010610,XBTUSD,3795.5,1790946,3796,1744504,3795.75,3796
10282999,2019-01-06T10:02:10.569Z,19010610,XBTUSD,3795.5,1786934,3796,1744504,3795.75,3796
10283014,2019-01-06T10:02:11.010Z,19010610,XBTUSD,3795.5,1786935,3796,1749124,3795.75,3796
10283024,2019-01-06T10:02:12.681Z,19010610,XBTUSD,3795.5,1789142,3796,1748624,3795.75,3796
10283040,2019-01-06T10:02:13.209Z,19010610,XBTUSD,3795.5,1789142,3796,1738624,3795.75,3796
10283046,2019-01-06T10:02:14.155Z,19010610,XBTUSD,3795.5,1739094,3796,1738624,3795.75,3796
10283058,2019-01-06T10:02:15.096Z,19010610,XBTUSD,3795.5,1742056,3796,1735631,3795.75,3796
10283095,2019-01-06T10:02:17.724Z,19010610,XBTUSD,3795.5,1793854,3796,1733895,3795.75,3796
10283123,2019-01-06T10:02:19.274Z,19010610,XBTUSD,3795.5,1793857,3796,1728985,3795.75,3796
10283130,2019-01-06T10:02:19.919Z,19010610,XBTUSD,3795.5,1791865,3796,1726985,3795.75,3796
10283134,2019-01-06T10:02:20.655Z,19010610,XBTUSD,3795.5,1791865,3796,1729864,3795.75,3796
10283152,2019-01-06T10:02:21.875Z,19010610,XBTUSD,3795.5,1789861,3796,1721714,3795.75,3796
10283164,2019-01-06T10:02:22.316Z,19010610,XBTUSD,3795.5,1793804,3796,1721580,3795.75,3796
10283203,2019-01-06T10:02:26.345Z,19010610,XBTUSD,3795.5,1792866,3796,1739692,3795.75,3796
10283231,2019-01-06T10:02:27.612Z,19010610,XBTUSD,3795.5,1797841,3796,1735035,3795.75,3796
10283312,2019-01-06T10:02:33.691Z,19010610,XBTUSD,3795.5,1820384,3796,1713033,3795.75,3796
10283366,2019-01-06T10:02:37.504Z,19010610,XBTUSD,3795.5,1803945,3796,1711205,3795.75,3796
10282663,2019-01-06T10:01:50.233Z,19010610,XBTUSD,3795.5,1727731,3796,1907619,3795.75,3796
10282673,2019-01-06T10:01:51.069Z,19010610,XBTUSD,3795.5,1727732,3796,1907428,3795.75,3796
10282698,2019-01-06T10:01:51.980Z,19010610,XBTUSD,3795.5,1752734,3796,1907428,3795.75,3796
10282724,2019-01-06T10:01:52.536Z,19010610,XBTUSD,3795.5,1740728,3796,1923428,3795.75,3796
10282731,2019-01-06T10:01:53.034Z,19010610,XBTUSD,3795.5,1740760,3796,1923428,3795.75,3796
10282741,2019-01-06T10:01:53.195Z,19010610,XBTUSD,3795.5,1740760,3796,1927428,3795.75,3796
10282788,2019-01-06T10:01:56.800Z,19010610,XBTUSD,3795.5,1737321,3796,1934031,3795.75,3796
10282794,2019-01-06T10:01:57.904Z,19010610,XBTUSD,3795.5,1737323,3796,1937131,3795.75,3796
10282825,2019-01-06T10:01:59.811Z,19010610,XBTUSD,3795.5,1737227,3796,1932791,3795.75,3796
10282831,2019-01-06T10:02:00.428Z,19010610,XBTUSD,3795.5,1737177,3796,1989477,3795.75,3796
10282853,2019-01-06T10:02:02.215Z,19010610,XBTUSD,3795.5,1737231,3796,1985955,3795.75,3796
10282881,2019-01-06T10:02:03.911Z,19010610,XBTUSD,3795.5,1736332,3796,1742895,3795.75,3796
10282893,2019-01-06T10:02:04.709Z,19010610,XBTUSD,3795.5,1786335,3796,1742895,3795.75,3796
10282910,2019-01-06T10:02:06.641Z,19010610,XBTUSD,3795.5,1787368,3796,1740124,3795.75,3796
10282960,2019-01-06T10:02:08.417Z,19010610,XBTUSD,3795.5,1789378,3796,1745124,3795.75,3796
10283016,2019-01-06T10:02:11.082Z,19010610,XBTUSD,3795.5,1788942,3796,1749124,3795.75,3796
10283047,2019-01-06T10:02:14.399Z,19010610,XBTUSD,3795.5,1737088,3796,1738624,3795.75,3796
10283059,2019-01-06T10:02:15.728Z,19010610,XBTUSD,3795.5,1792056,3796,1735631,3795.75,3796
10283087,2019-01-06T10:02:17.017Z,19010610,XBTUSD,3795.5,1796058,3796,1735895,3795.75,3796
10283093,2019-01-06T10:02:17.132Z,19010610,XBTUSD,3795.5,1795860,3796,1735895,3795.75,3796
10283109,2019-01-06T10:02:18.205Z,19010610,XBTUSD,3795.5,1795862,3796,1728985,3795.75,3796
10283147,2019-01-06T10:02:21.236Z,19010610,XBTUSD,3795.5,1789860,3796,1726748,3795.75,3796
10283176,2019-01-06T10:02:23.108Z,19010610,XBTUSD,3795.5,1789863,3796,1740714,3795.75,3796
10283202,2019-01-06T10:02:26.245Z,19010610,XBTUSD,3795.5,1792865,3796,1739692,3795.75,3796
10283226,2019-01-06T10:02:27.252Z,19010610,XBTUSD,3795.5,1792939,3796,1739690,3795.75,3796
10283235,2019-01-06T10:02:28.036Z,19010610,XBTUSD,3795.5,1802841,3796,1763235,3795.75,3796
10283286,2019-01-06T10:02:31.883Z,19010610,XBTUSD,3795.5,1814243,3796,1710343,3795.75,3796
10283292,2019-01-06T10:02:32.110Z,19010610,XBTUSD,3795.5,1812238,3796,1710343,3795.75,3796
10283309,2019-01-06T10:02:33.238Z,19010610,XBTUSD,3795.5,1816313,3796,1713033,3795.75,3796
10283333,2019-01-06T10:02:34.307Z,19010610,XBTUSD,3795.5,1812244,3796,1713033,3795.75,3796
10283350,2019-01-06T10:02:36.561Z,19010610,XBTUSD,3795.5,1801921,3796,1713205,3795.75,3796
10283365,2019-01-06T10:02:37.459Z,19010610,XBTUSD,3795.5,1803945,3796,1713205,3795.75,3796
10283402,2019-01-06T10:02:39.308Z,19010610,XBTUSD,3795.5,1799937,3796,1711005,3795.75,3796
10283433,2019-01-06T10:02:42.569Z,19010610,XBTUSD,3795.5,1801904,3796,1685805,3795.75,3796
10282666,2019-01-06T10:01:50.345Z,19010610,XBTUSD,3795.5,1725726,3796,1907498,3795.75,3796
10282696,2019-01-06T10:01:51.504Z,19010610,XBTUSD,3795.5,1750727,3796,1907428,3795.75,3796
10282716,2019-01-06T10:01:52.216Z,19010610,XBTUSD,3795.5,1752734,3796,1899428,3795.75,3796
10282726,2019-01-06T10:01:52.619Z,19010610,XBTUSD,3795.5,1740730,3796,1923428,3795.75,3796
10282776,2019-01-06T10:01:55.804Z,19010610,XBTUSD,3795.5,1737320,3796,1934511,3795.75,3796
10282807,2019-01-06T10:01:58.598Z,19010610,XBTUSD,3795.5,1736325,3796,1933091,3795.75,3796
10282829,2019-01-06T10:02:00.409Z,19010610,XBTUSD,3795.5,1737177,3796,1989666,3795.75,3796
10282856,2019-01-06T10:02:02.713Z,19010610,XBTUSD,3795.5,1737231,3796,1986875,3795.75,3796
10282878,2019-01-06T10:02:03.547Z,19010610,XBTUSD,3795.5,1736332,3796,1742275,3795.75,3796
10282885,2019-01-06T10:02:04.027Z,19010610,XBTUSD,3795.5,1786333,3796,1742895,3795.75,3796
10282919,2019-01-06T10:02:07.750Z,19010610,XBTUSD,3795.5,1787370,3796,1745124,3795.75,3796
10282967,2019-01-06T10:02:09.245Z,19010610,XBTUSD,3795.5,1788938,3796,1745124,3795.75,3796
10283001,2019-01-06T10:02:10.720Z,19010610,XBTUSD,3795.5,1786934,3796,1749124,3795.75,3796
10283015,2019-01-06T10:02:11.013Z,19010610,XBTUSD,3795.5,1786936,3796,1749124,3795.75,3796
10283052,2019-01-06T10:02:14.639Z,19010610,XBTUSD,3795.5,1740050,3796,1735624,3795.75,3796
10283061,2019-01-06T10:02:15.803Z,19010610,XBTUSD,3795.5,1796057,3796,1735631,3795.75,3796
10283107,2019-01-06T10:02:18.092Z,19010610,XBTUSD,3795.5,1795860,3796,1728985,3795.75,3796
10283127,2019-01-06T10:02:19.708Z,19010610,XBTUSD,3795.5,1795865,3796,1738985,3795.75,3796
10283131,2019-01-06T10:02:19.938Z,19010610,XBTUSD,3795.5,1791865,3796,1729985,3795.75,3796
10283153,2019-01-06T10:02:22.044Z,19010610,XBTUSD,3795.5,1789804,3796,1721580,3795.75,3796
10283177,2019-01-06T10:02:23.979Z,19010610,XBTUSD,3795.5,1789863,3796,1740712,3795.75,3796
10283201,2019-01-06T10:02:25.957Z,19010610,XBTUSD,3795.5,1792865,3796,1740312,3795.75,3796
10283204,2019-01-06T10:02:26.370Z,19010610,XBTUSD,3795.5,1792867,3796,1739692,3795.75,3796
10283228,2019-01-06T10:02:27.513Z,19010610,XBTUSD,3795.5,1797839,3796,1734690,3795.75,3796
10283272,2019-01-06T10:02:30.934Z,19010610,XBTUSD,3795.5,1803975,3796,1760345,3795.75,3796
10283295,2019-01-06T10:02:32.428Z,19010610,XBTUSD,3795.5,1810175,3796,1710343,3795.75,3796
10283307,2019-01-06T10:02:33.222Z,19010610,XBTUSD,3795.5,1816311,3796,1713033,3795.75,3796
10283335,2019-01-06T10:02:34.757Z,19010610,XBTUSD,3795.5,1803925,3796,1713033,3795.75,3796
10283367,2019-01-06T10:02:37.533Z,19010610,XBTUSD,3795.5,1803945,3796,1713205,3795.75,3796
10282664,2019-01-06T10:01:50.236Z,19010610,XBTUSD,3795.5,1727732,3796,1907619,3795.75,3796
10282694,2019-01-06T10:01:51.418Z,19010610,XBTUSD,3795.5,1752732,3796,1907428,3795.75,3796
10282718,2019-01-06T10:01:52.251Z,19010610,XBTUSD,3795.5,1752734,3796,1912428,3795.75,3796
10282727,2019-01-06T10:01:52.627Z,19010610,XBTUSD,3795.5,1739730,3796,1923428,3795.75,3796
10282767,2019-01-06T10:01:54.711Z,19010610,XBTUSD,3795.5,1738756,3796,1927228,3795.75,3796
10282772,2019-01-06T10:01:55.262Z,19010610,XBTUSD,3795.5,1738756,3796,1933428,3795.75,3796
10282789,2019-01-06T10:01:56.905Z,19010610,XBTUSD,3795.5,1737322,3796,1934031,3795.75,3796
10282830,2019-01-06T10:02:00.420Z,19010610,XBTUSD,3795.5,1737177,3796,1989356,3795.75,3796
10282859,2019-01-06T10:02:02.909Z,19010610,XBTUSD,3795.5,1736331,3796,1962275,3795.75,3796
10282875,2019-01-06T10:02:03.309Z,19010610,XBTUSD,3795.5,1736331,3796,1762275,3795.75,3796
10282918,2019-01-06T10:02:07.239Z,19010610,XBTUSD,3795.5,1787370,3796,1740124,3795.75,3796
10282959,2019-01-06T10:02:08.345Z,19010610,XBTUSD,3795.5,1789377,3796,1745124,3795.75,3796
10282969,2019-01-06T10:02:09.620Z,19010610,XBTUSD,3795.5,1790945,3796,1745124,3795.75,3796
10283097,2019-01-06T10:02:17.892Z,19010610,XBTUSD,3795.5,1793854,3796,1728985,3795.75,3796
10283126,2019-01-06T10:02:19.313Z,19010610,XBTUSD,3795.5,1793859,3796,1738985,3795.75,3796
10283146,2019-01-06T10:02:21.183Z,19010610,XBTUSD,3795.5,1789859,3796,1726748,3795.75,3796
10283150,2019-01-06T10:02:21.779Z,19010610,XBTUSD,3795.5,1791867,3796,1721748,3795.75,3796
10283165,2019-01-06T10:02:22.336Z,19010610,XBTUSD,3795.5,1789804,3796,1721580,3795.75,3796
10283230,2019-01-06T10:02:27.604Z,19010610,XBTUSD,3795.5,1797840,3796,1735035,3795.75,3796
10283265,2019-01-06T10:02:30.006Z,19010610,XBTUSD,3795.5,1812234,3796,1761545,3795.75,3796
10283284,2019-01-06T10:02:31.536Z,19010610,XBTUSD,3795.5,1812178,3796,1760343,3795.75,3796
10283345,2019-01-06T10:02:36.229Z,19010610,XBTUSD,3795.5,1803925,3796,1713033,3795.75,3796
10283369,2019-01-06T10:02:37.614Z,19010610,XBTUSD,3795.5,1803946,3796,1711205,3795.75,3796
10283445,2019-01-06T10:02:43.249Z,19010610,XBTUSD,3795.5,1816301,3796,1695805,3795.75,3796
10283503,2019-01-06T10:02:48.654Z,19010610,XBTUSD,3795.5,1814414,3796,1692805,3795.75,3796
10282894,2019-01-06T10:02:04.858Z,19010610,XBTUSD,3795.5,1786335,3796,1742795,3795.75,3796
10282909,2019-01-06T10:02:06.629Z,19010610,XBTUSD,3795.5,1787168,3796,1740124,3795.75,3796
10283017,2019-01-06T10:02:11.601Z,19010610,XBTUSD,3795.5,1788982,3796,1749124,3795.75,3796
10283041,2019-01-06T10:02:13.305Z,19010610,XBTUSD,3795.5,1789143,3796,1738624,3795.75,3796
10283049,2019-01-06T10:02:14.506Z,19010610,XBTUSD,3795.5,1737089,3796,1735624,3795.75,3796
10283060,2019-01-06T10:02:15.763Z,19010610,XBTUSD,3795.5,1796056,3796,1735631,3795.75,3796
10283092,2019-01-06T10:02:17.110Z,19010610,XBTUSD,3795.5,1796060,3796,1735895,3795.75,3796
10283148,2019-01-06T10:02:21.325Z,19010610,XBTUSD,3795.5,1789861,3796,1726748,3795.75,3796
10283167,2019-01-06T10:02:22.394Z,19010610,XBTUSD,3795.5,1789861,3796,1721714,3795.75,3796
10283205,2019-01-06T10:02:26.437Z,19010610,XBTUSD,3795.5,1792867,3796,1739690,3795.75,3796
10283232,2019-01-06T10:02:27.707Z,19010610,XBTUSD,3795.5,1797841,3796,1760035,3795.75,3796
10283266,2019-01-06T10:02:30.010Z,19010610,XBTUSD,3795.5,1812235,3796,1761545,3795.75,3796
10283280,2019-01-06T10:02:31.007Z,19010610,XBTUSD,3795.5,1812236,3796,1760345,3795.75,3796
10283293,2019-01-06T10:02:32.113Z,19010610,XBTUSD,3795.5,1812239,3796,1710343,3795.75,3796
10283308,2019-01-06T10:02:33.232Z,19010610,XBTUSD,3795.5,1816312,3796,1713033,3795.75,3796
10283346,2019-01-06T10:02:36.248Z,19010610,XBTUSD,3795.5,1803925,3796,1713222,3795.75,3796
10283363,2019-01-06T10:02:37.124Z,19010610,XBTUSD,3795.5,1804004,3796,1713205,3795.75,3796
10283373,2019-01-06T10:02:38.010Z,19010610,XBTUSD,3795.5,1801941,3796,1713005,3795.75,3796
10283403,2019-01-06T10:02:39.622Z,19010610,XBTUSD,3795.5,1801943,3796,1711005,3795.75,3796
10283415,2019-01-06T10:02:41.800Z,19010610,XBTUSD,3795.5,1801903,3796,1685805,3795.75,3796
10283446,2019-01-06T10:02:43.389Z,19010610,XBTUSD,3795.5,1812289,3796,1695805,3795.75,3796
10283473,2019-01-06T10:02:45.681Z,19010610,XBTUSD,3795.5,1814311,3796,1695805,3795.75,3796
10283495,2019-01-06T10:02:47.729Z,19010610,XBTUSD,3795.5,1812408,3796,1683115,3795.75,3796
10283502,2019-01-06T10:02:48.359Z,19010610,XBTUSD,3795.5,1814414,3796,1694805,3795.75,3796
10283520,2019-01-06T10:02:49.331Z,19010610,XBTUSD,3795.5,1817990,3796,1694805,3795.75,3796
10283581,2019-01-06T10:02:54.005Z,19010610,XBTUSD,3795.5,1816374,3796,1692715,3795.75,3796
10283019,2019-01-06T10:02:12.055Z,19010610,XBTUSD,3795.5,1789162,3796,1749124,3795.75,3796
10283051,2019-01-06T10:02:14.560Z,19010610,XBTUSD,3795.5,1740090,3796,1735624,3795.75,3796
10283096,2019-01-06T10:02:17.802Z,19010610,XBTUSD,3795.5,1793854,3796,1728935,3795.75,3796
10283108,2019-01-06T10:02:18.203Z,19010610,XBTUSD,3795.5,1795861,3796,1728985,3795.75,3796
10283129,2019-01-06T10:02:19.912Z,19010610,XBTUSD,3795.5,1791865,3796,1728985,3795.75,3796
10283135,2019-01-06T10:02:20.681Z,19010610,XBTUSD,3795.5,1791865,3796,1729748,3795.75,3796
10283149,2019-01-06T10:02:21.338Z,19010610,XBTUSD,3795.5,1791867,3796,1726748,3795.75,3796
10283166,2019-01-06T10:02:22.364Z,19010610,XBTUSD,3795.5,1789804,3796,1721714,3795.75,3796
10283179,2019-01-06T10:02:24.010Z,19010610,XBTUSD,3795.5,1789865,3796,1740712,3795.75,3796
10283229,2019-01-06T10:02:27.516Z,19010610,XBTUSD,3795.5,1797839,3796,1735035,3795.75,3796
10283233,2019-01-06T10:02:27.910Z,19010610,XBTUSD,3795.5,1797841,3796,1763435,3795.75,3796
10283285,2019-01-06T10:02:31.722Z,19010610,XBTUSD,3795.5,1812178,3796,1710343,3795.75,3796
10283299,2019-01-06T10:02:32.982Z,19010610,XBTUSD,3795.5,1816311,3796,1715033,3795.75,3796
10283311,2019-01-06T10:02:33.526Z,19010610,XBTUSD,3795.5,1816372,3796,1713033,3795.75,3796
10283331,2019-01-06T10:02:34.209Z,19010610,XBTUSD,3795.5,1812242,3796,1713033,3795.75,3796
10283344,2019-01-06T10:02:36.191Z,19010610,XBTUSD,3795.5,1801919,3796,1713033,3795.75,3796
10283372,2019-01-06T10:02:38.001Z,19010610,XBTUSD,3795.5,1803947,3796,1713005,3795.75,3796
10283388,2019-01-06T10:02:38.288Z,19010610,XBTUSD,3795.5,1801941,3796,1711005,3795.75,3796
10283404,2019-01-06T10:02:39.637Z,19010610,XBTUSD,3795.5,1801943,3796,1686005,3795.75,3796
10283412,2019-01-06T10:02:41.234Z,19010610,XBTUSD,3795.5,1801943,3796,1686005,3795.75,3796
10283460,2019-01-06T10:02:44.633Z,19010610,XBTUSD,3795.5,1814310,3796,1695805,3795.75,3796
10283491,2019-01-06T10:02:47.629Z,19010610,XBTUSD,3795.5,1814412,3796,1682805,3795.75,3796
10283504,2019-01-06T10:02:48.974Z,19010610,XBTUSD,3795.5,1814414,3796,1694805,3795.75,3796
10283519,2019-01-06T10:02:49.214Z,19010610,XBTUSD,3795.5,1815984,3796,1694805,3795.75,3796
10283567,2019-01-06T10:02:52.606Z,19010610,XBTUSD,3795.5,1816434,3796,1692805,3795.75,3796
10283688,2019-01-06T10:03:01.604Z,19010610,XBTUSD,3795.5,1817346,3796,1692565,3795.75,3796
10283715,2019-01-06T10:03:02.131Z,19010610,XBTUSD,3795.5,1817548,3796,1692365,3795.75,3796
10283733,2019-01-06T10:03:03.367Z,19010610,XBTUSD,3795.5,1803877,3796,1719576,3795.75,3796
10283260,2019-01-06T10:02:28.807Z,19010610,XBTUSD,3795.5,1802842,3796,1761235,3795.75,3796
10283263,2019-01-06T10:02:29.721Z,19010610,XBTUSD,3795.5,1812233,3796,1761235,3795.75,3796
10283282,2019-01-06T10:02:31.365Z,19010610,XBTUSD,3795.5,1810172,3796,1760345,3795.75,3796
10283296,2019-01-06T10:02:32.613Z,19010610,XBTUSD,3795.5,1812181,3796,1710343,3795.75,3796
10283334,2019-01-06T10:02:34.609Z,19010610,XBTUSD,3795.5,1801919,3796,1713033,3795.75,3796
10283351,2019-01-06T10:02:36.939Z,19010610,XBTUSD,3795.5,1803927,3796,1713205,3795.75,3796
10283370,2019-01-06T10:02:37.653Z,19010610,XBTUSD,3795.5,1803947,3796,1711205,3795.75,3796
10283400,2019-01-06T10:02:39.207Z,19010610,XBTUSD,3795.5,1799935,3796,1711005,3795.75,3796
10283414,2019-01-06T10:02:41.326Z,19010610,XBTUSD,3795.5,1801903,3796,1686005,3795.75,3796
10283434,2019-01-06T10:02:42.615Z,19010610,XBTUSD,3795.5,1801904,3796,1695805,3795.75,3796
10283447,2019-01-06T10:02:43.985Z,19010610,XBTUSD,3795.5,1814295,3796,1695805,3795.75,3796
10283472,2019-01-06T10:02:45.561Z,19010610,XBTUSD,3795.5,1814310,3796,1695805,3795.75,3796
10283496,2019-01-06T10:02:47.836Z,19010610,XBTUSD,3795.5,1812408,3796,1693115,3795.75,3796
10283506,2019-01-06T10:02:49.006Z,19010610,XBTUSD,3795.5,1814414,3796,1694805,3795.75,3796
10283518,2019-01-06T10:02:49.210Z,19010610,XBTUSD,3795.5,1815984,3796,1692805,3795.75,3796
10283536,2019-01-06T10:02:51.003Z,19010610,XBTUSD,3795.5,1820006,3796,1692805,3795.75,3796
10283579,2019-01-06T10:02:53.835Z,19010610,XBTUSD,3795.5,1816475,3796,1692805,3795.75,3796
10283652,2019-01-06T10:02:58.103Z,19010610,XBTUSD,3795.5,1833342,3796,1692665,3795.75,3796
10283690,2019-01-06T10:03:01.921Z,19010610,XBTUSD,3795.5,1817348,3796,1692565,3795.75,3796
10283802,2019-01-06T10:03:07.035Z,19010610,XBTUSD,3795.5,1800000,3796,1763935,3795.75,3796
10283821,2019-01-06T10:03:08.384Z,19010610,XBTUSD,3795.5,1789000,3796,1766135,3795.75,3796
10283860,2019-01-06T10:03:10.907Z,19010610,XBTUSD,3795.5,1739006,3796,1766094,3795.75,3796
10283865,2019-01-06T10:03:11.127Z,19010610,XBTUSD,3795.5,1738894,3796,1765982,3795.75,3796
10283897,2019-01-06T10:03:13.656Z,19010610,XBTUSD,3795.5,1789708,3796,1698587,3795.75,3796
10283906,2019-01-06T10:03:14.906Z,19010610,XBTUSD,3795.5,1786238,3796,1700587,3795.75,3796
10283942,2019-01-06T10:03:16.438Z,19010610,XBTUSD,3795.5,1785240,3796,1703665,3795.75,3796
10283984,2019-01-06T10:03:18.906Z,19010610,XBTUSD,3795.5,1799823,3796,1746723,3795.75,3796
10284035,2019-01-06T10:03:22.605Z,19010610,XBTUSD,3795.5,1854827,3796,1744960,3795.75,3796
10283270,2019-01-06T10:02:30.508Z,19010610,XBTUSD,3795.5,1812235,3796,1762345,3795.75,3796
10283281,2019-01-06T10:02:31.070Z,19010610,XBTUSD,3795.5,1812237,3796,1760345,3795.75,3796
10283297,2019-01-06T10:02:32.830Z,19010610,XBTUSD,3795.5,1812181,3796,1715343,3795.75,3796
10283306,2019-01-06T10:02:33.098Z,19010610,XBTUSD,3795.5,1816311,3796,1710033,3795.75,3796
10283332,2019-01-06T10:02:34.304Z,19010610,XBTUSD,3795.5,1812243,3796,1713033,3795.75,3796
10283349,2019-01-06T10:02:36.558Z,19010610,XBTUSD,3795.5,1801920,3796,1713205,3795.75,3796
10283364,2019-01-06T10:02:37.300Z,19010610,XBTUSD,3795.5,1801939,3796,1713205,3795.75,3796
10283435,2019-01-06T10:02:42.642Z,19010610,XBTUSD,3795.5,1801905,3796,1695805,3795.75,3796
10283474,2019-01-06T10:02:45.687Z,19010610,XBTUSD,3795.5,1814312,3796,1695805,3795.75,3796
10283494,2019-01-06T10:02:47.710Z,19010610,XBTUSD,3795.5,1814414,3796,1683115,3795.75,3796
10283500,2019-01-06T10:02:48.161Z,19010610,XBTUSD,3795.5,1812408,3796,1692805,3795.75,3796
10283512,2019-01-06T10:02:49.105Z,19010610,XBTUSD,3795.5,1814414,3796,1694805,3795.75,3796
10283533,2019-01-06T10:02:50.725Z,19010610,XBTUSD,3795.5,1819984,3796,1692805,3795.75,3796
10283543,2019-01-06T10:02:51.091Z,19010610,XBTUSD,3795.5,1818438,3796,1692805,3795.75,3796
10283566,2019-01-06T10:02:52.602Z,19010610,XBTUSD,3795.5,1816433,3796,1692805,3795.75,3796
10283653,2019-01-06T10:02:58.204Z,19010610,XBTUSD,3795.5,1833343,3796,1692665,3795.75,3796
10283689,2019-01-06T10:03:01.906Z,19010610,XBTUSD,3795.5,1817347,3796,1692565,3795.75,3796
10283716,2019-01-06T10:03:02.302Z,19010610,XBTUSD,3795.5,1817548,3796,1692486,3795.75,3796
10283752,2019-01-06T10:03:04.937Z,19010610,XBTUSD,3795.5,1801879,3796,1769576,3795.75,3796
10283796,2019-01-06T10:03:06.408Z,19010610,XBTUSD,3795.5,1799977,3796,1763770,3795.75,3796
10283859,2019-01-06T10:03:10.904Z,19010610,XBTUSD,3795.5,1739005,3796,1766094,3795.75,3796
10283891,2019-01-06T10:03:13.405Z,19010610,XBTUSD,3795.5,1739107,3796,1760822,3795.75,3796
10283902,2019-01-06T10:03:14.174Z,19010610,XBTUSD,3795.5,1785708,3796,1698587,3795.75,3796
10283944,2019-01-06T10:03:16.456Z,19010610,XBTUSD,3795.5,1785240,3796,1751185,3795.75,3796
10283371,2019-01-06T10:02:37.752Z,19010610,XBTUSD,3795.5,1803947,3796,1713205,3795.75,3796
10283401,2019-01-06T10:02:39.306Z,19010610,XBTUSD,3795.5,1799936,3796,1711005,3795.75,3796
10283413,2019-01-06T10:02:41.321Z,19010610,XBTUSD,3795.5,1801923,3796,1686005,3795.75,3796
10283459,2019-01-06T10:02:44.440Z,19010610,XBTUSD,3795.5,1814309,3796,1695805,3795.75,3796
10283509,2019-01-06T10:02:49.068Z,19010610,XBTUSD,3795.5,1814414,3796,1692805,3795.75,3796
10283514,2019-01-06T10:02:49.132Z,19010610,XBTUSD,3795.5,1815982,3796,1692805,3795.75,3796
10283535,2019-01-06T10:02:50.981Z,19010610,XBTUSD,3795.5,1820005,3796,1692805,3795.75,3796
10283580,2019-01-06T10:02:53.843Z,19010610,XBTUSD,3795.5,1816476,3796,1692805,3795.75,3796
10283632,2019-01-06T10:02:56.804Z,19010610,XBTUSD,3795.5,1831316,3796,1692715,3795.75,3796
10283654,2019-01-06T10:02:58.206Z,19010610,XBTUSD,3795.5,1833344,3796,1692665,3795.75,3796
10283687,2019-01-06T10:03:01.536Z,19010610,XBTUSD,3795.5,1817296,3796,1692515,3795.75,3796
10283756,2019-01-06T10:03:05.029Z,19010610,XBTUSD,3795.5,1801891,3796,1773576,3795.75,3796
10283757,2019-01-06T10:03:05.147Z,19010610,XBTUSD,3795.5,1801891,3796,1773570,3795.75,3796
10283799,2019-01-06T10:03:06.540Z,19010610,XBTUSD,3795.5,1799980,3796,1763770,3795.75,3796
10283820,2019-01-06T10:03:08.346Z,19010610,XBTUSD,3795.5,1789800,3796,1763935,3795.75,3796
10283870,2019-01-06T10:03:12.017Z,19010610,XBTUSD,3795.5,1739106,3796,1766022,3795.75,3796
10283894,2019-01-06T10:03:13.535Z,19010610,XBTUSD,3795.5,1739708,3796,1748622,3795.75,3796
10283907,2019-01-06T10:03:14.933Z,19010610,XBTUSD,3795.5,1786238,3796,1700547,3795.75,3796
10283921,2019-01-06T10:03:15.909Z,19010610,XBTUSD,3795.5,1786239,3796,1703665,3795.75,3796
10283950,2019-01-06T10:03:17.011Z,19010610,XBTUSD,3795.5,1784821,3796,1750565,3795.75,3796
10283996,2019-01-06T10:03:19.650Z,19010610,XBTUSD,3795.5,1799824,3796,1747343,3795.75,3796
10284005,2019-01-06T10:03:20.206Z,19010610,XBTUSD,3795.5,1869826,3796,1746723,3795.75,3796
10284047,2019-01-06T10:03:24.176Z,19010610,XBTUSD,3795.5,1854828,3796,1746697,3795.75,3796
10284071,2019-01-06T10:03:27.068Z,19010610,XBTUSD,3795.5,1734872,3796,1748137,3795.75,3796
10284087,2019-01-06T10:03:27.411Z,19010610,XBTUSD,3795.5,1734674,3796,1750617,3795.75,3796
10284104,2019-01-06T10:03:28.835Z,19010610,XBTUSD,3795.5,1732676,3796,1752437,3795.75,3796
10284125,2019-01-06T10:03:30.453Z,19010610,XBTUSD,3795.5,1707639,3796,1750057,3795.75,3796
10283411,2019-01-06T10:02:40.745Z,19010610,XBTUSD,3795.5,1799937,3796,1686005,3795.75,3796
10283436,2019-01-06T10:02:42.845Z,19010610,XBTUSD,3795.5,1803911,3796,1695805,3795.75,3796
10283483,2019-01-06T10:02:46.334Z,19010610,XBTUSD,3795.5,1814312,3796,1682805,3795.75,3796
10283492,2019-01-06T10:02:47.702Z,19010610,XBTUSD,3795.5,1814412,3796,1683115,3795.75,3796
10283501,2019-01-06T10:02:48.247Z,19010610,XBTUSD,3795.5,1814414,3796,1692805,3795.75,3796
10283515,2019-01-06T10:02:49.149Z,19010610,XBTUSD,3795.5,1815982,3796,1694805,3795.75,3796
10283532,2019-01-06T10:02:50.453Z,19010610,XBTUSD,3795.5,1819984,3796,1694805,3795.75,3796
10283578,2019-01-06T10:02:53.771Z,19010610,XBTUSD,3795.5,1816474,3796,1692805,3795.75,3796
10283686,2019-01-06T10:03:01.454Z,19010610,XBTUSD,3795.5,1817296,3796,1692615,3795.75,3796
10283718,2019-01-06T10:03:02.465Z,19010610,XBTUSD,3795.5,1817548,3796,1719486,3795.75,3796
10283754,2019-01-06T10:03:05.005Z,19010610,XBTUSD,3795.5,1801880,3796,1773576,3795.75,3796
10283759,2019-01-06T10:03:05.792Z,19010610,XBTUSD,3795.5,1801881,3796,1773770,3795.75,3796
10283797,2019-01-06T10:03:06.473Z,19010610,XBTUSD,3795.5,1799978,3796,1763770,3795.75,3796
10283822,2019-01-06T10:03:08.391Z,19010610,XBTUSD,3795.5,1739000,3796,1766135,3795.75,3796
10283896,2019-01-06T10:03:13.566Z,19010610,XBTUSD,3795.5,1789708,3796,1698622,3795.75,3796
10283920,2019-01-06T10:03:15.882Z,19010610,XBTUSD,3795.5,1786238,3796,1703665,3795.75,3796
10283948,2019-01-06T10:03:16.964Z,19010610,XBTUSD,3795.5,1785320,3796,1750565,3795.75,3796
10284004,2019-01-06T10:03:20.203Z,19010610,XBTUSD,3795.5,1869825,3796,1746723,3795.75,3796
10284036,2019-01-06T10:03:22.609Z,19010610,XBTUSD,3795.5,1854828,3796,1744960,3795.75,3796
10284048,2019-01-06T10:03:24.210Z,19010610,XBTUSD,3795.5,1854829,3796,1746697,3795.75,3796
10284068,2019-01-06T10:03:26.330Z,19010610,XBTUSD,3795.5,1734832,3796,1746697,3795.75,3796
10284088,2019-01-06T10:03:27.497Z,19010610,XBTUSD,3795.5,1732674,3796,1750617,3795.75,3796
10284118,2019-01-06T10:03:29.742Z,19010610,XBTUSD,3795.5,1707677,3796,1743857,3795.75,3796
10284126,2019-01-06T10:03:30.462Z,19010610,XBTUSD,3795.5,1707652,3796,1750057,3795.75,3796
10284147,2019-01-06T10:03:32.066Z,19010610,XBTUSD,3795.5,1707606,3796,1754057,3795.75,3796
10284169,2019-01-06T10:03:33.807Z,19010610,XBTUSD,3795.5,1710607,3796,1753857,3795.75,3796
10283508,2019-01-06T10:02:49.036Z,19010610,XBTUSD,3795.5,1814414,3796,1694805,3795.75,3796
10283517,2019-01-06T10:02:49.207Z,19010610,XBTUSD,3795.5,1815983,3796,1692805,3795.75,3796
10283534,2019-01-06T10:02:50.801Z,19010610,XBTUSD,3795.5,1820004,3796,1692805,3795.75,3796
10283589,2019-01-06T10:02:54.514Z,19010610,XBTUSD,3795.5,1833380,3796,1692715,3795.75,3796
10283634,2019-01-06T10:02:56.808Z,19010610,XBTUSD,3795.5,1831277,3796,1692715,3795.75,3796
10283635,2019-01-06T10:02:57.141Z,19010610,XBTUSD,3795.5,1833342,3796,1692715,3795.75,3796
10283684,2019-01-06T10:03:00.755Z,19010610,XBTUSD,3795.5,1818295,3796,1692615,3795.75,3796
10283720,2019-01-06T10:03:02.573Z,19010610,XBTUSD,3795.5,1807223,3796,1719486,3795.75,3796
10283731,2019-01-06T10:03:03.217Z,19010610,XBTUSD,3795.5,1805158,3796,1719576,3795.75,3796
10283760,2019-01-06T10:03:05.826Z,19010610,XBTUSD,3795.5,1799875,3796,1773770,3795.75,3796
10283801,2019-01-06T10:03:06.790Z,19010610,XBTUSD,3795.5,1800000,3796,1763735,3795.75,3796
10283852,2019-01-06T10:03:09.605Z,19010610,XBTUSD,3795.5,1739004,3796,1766115,3795.75,3796
10283857,2019-01-06T10:03:10.361Z,19010610,XBTUSD,3795.5,1739004,3796,1765994,3795.75,3796
10283873,2019-01-06T10:03:12.129Z,19010610,XBTUSD,3795.5,1739106,3796,1765822,3795.75,3796
10283899,2019-01-06T10:03:13.716Z,19010610,XBTUSD,3795.5,1786708,3796,1704787,3795.75,3796
10283946,2019-01-06T10:03:16.763Z,19010610,XBTUSD,3795.5,1785320,3796,1751185,3795.75,3796
10283986,2019-01-06T10:03:18.916Z,19010610,XBTUSD,3795.5,1784824,3796,1746723,3795.75,3796
10284100,2019-01-06T10:03:28.446Z,19010610,XBTUSD,3795.5,1732674,3796,1752477,3795.75,3796
10284116,2019-01-06T10:03:29.514Z,19010610,XBTUSD,3795.5,1707676,3796,1744477,3795.75,3796
10284128,2019-01-06T10:03:30.809Z,19010610,XBTUSD,3795.5,1707402,3796,1753057,3795.75,3796
10284143,2019-01-06T10:03:31.670Z,19010610,XBTUSD,3795.5,1707404,3796,1753057,3795.75,3796
10284223,2019-01-06T10:03:39.549Z,19010610,XBTUSD,3795.5,1761036,3796,1753997,3795.75,3796
10284230,2019-01-06T10:03:39.985Z,19010610,XBTUSD,3795.5,1819943,3796,1703997,3795.75,3796
10284241,2019-01-06T10:03:40.622Z,19010610,XBTUSD,3795.5,1819943,3796,1703380,3795.75,3796
10283461,2019-01-06T10:02:45.002Z,19010610,XBTUSD,3795.5,1812304,3796,1695805,3795.75,3796
10283507,2019-01-06T10:02:49.020Z,19010610,XBTUSD,3795.5,1814414,3796,1692805,3795.75,3796
10283521,2019-01-06T10:02:49.457Z,19010610,XBTUSD,3795.5,1821990,3796,1694805,3795.75,3796
10283565,2019-01-06T10:02:52.556Z,19010610,XBTUSD,3795.5,1816432,3796,1692805,3795.75,3796
10283631,2019-01-06T10:02:56.707Z,19010610,XBTUSD,3795.5,1831315,3796,1692715,3795.75,3796
10283678,2019-01-06T10:03:00.033Z,19010610,XBTUSD,3795.5,1833294,3796,1692615,3795.75,3796
10283683,2019-01-06T10:03:00.702Z,19010610,XBTUSD,3795.5,1818294,3796,1692615,3795.75,3796
10283717,2019-01-06T10:03:02.334Z,19010610,XBTUSD,3795.5,1817548,3796,1694486,3795.75,3796
10283735,2019-01-06T10:03:03.495Z,19010610,XBTUSD,3795.5,1803878,3796,1769576,3795.75,3796
10283800,2019-01-06T10:03:06.754Z,19010610,XBTUSD,3795.5,1799980,3796,1763735,3795.75,3796
10283851,2019-01-06T10:03:09.602Z,19010610,XBTUSD,3795.5,1739003,3796,1766115,3795.75,3796
10283858,2019-01-06T10:03:10.821Z,19010610,XBTUSD,3795.5,1739004,3796,1766094,3795.75,3796
10283866,2019-01-06T10:03:11.361Z,19010610,XBTUSD,3795.5,1738904,3796,1765982,3795.75,3796
10283898,2019-01-06T10:03:13.683Z,19010610,XBTUSD,3795.5,1786708,3796,1698587,3795.75,3796
10283919,2019-01-06T10:03:15.370Z,19010610,XBTUSD,3795.5,1786238,3796,1706765,3795.75,3796
10283951,2019-01-06T10:03:17.014Z,19010610,XBTUSD,3795.5,1784822,3796,1750565,3795.75,3796
10283955,2019-01-06T10:03:17.612Z,19010610,XBTUSD,3795.5,1799822,3796,1750787,3795.75,3796
10283995,2019-01-06T10:03:19.517Z,19010610,XBTUSD,3795.5,1799824,3796,1746723,3795.75,3796
10284007,2019-01-06T10:03:20.446Z,19010610,XBTUSD,3795.5,1869826,3796,1746960,3795.75,3796
10284085,2019-01-06T10:03:27.369Z,19010610,XBTUSD,3795.5,1734672,3796,1750617,3795.75,3796
10284102,2019-01-06T10:03:28.818Z,19010610,XBTUSD,3795.5,1732676,3796,1752477,3795.75,3796
10284124,2019-01-06T10:03:30.437Z,19010610,XBTUSD,3795.5,1707679,3796,1750057,3795.75,3796
10284189,2019-01-06T10:03:35.694Z,19010610,XBTUSD,3795.5,1754077,3796,1753857,3795.75,3796
10284200,2019-01-06T10:03:36.804Z,19010610,XBTUSD,3795.5,1758092,3796,1753857,3795.75,3796
10284210,2019-01-06T10:03:38.815Z,19010610,XBTUSD,3795.5,1759030,3796,1747657,3795.75,3796
10284239,2019-01-06T10:03:40.511Z,19010610,XBTUSD,3795.5,1819943,3796,1703617,3795.75,3796
10284260,2019-01-06T10:03:41.633Z,19010610,XBTUSD,3795.5,1821844,3796,1675280,3795.75,3796
10284265,2019-01-06T10:03:42.013Z,19010610,XBTUSD,3795.5,1891846,3796,1673480,3795.75,3796
10284280,2019-01-06T10:03:42.642Z,19010610,XBTUSD,3795.5,1893652,3796,1674239,3795.75,3796
10283458,2019-01-06T10:02:44.327Z,19010610,XBTUSD,3795.5,1814308,3796,1695805,3795.75,3796
10283482,2019-01-06T10:02:46.199Z,19010610,XBTUSD,3795.5,1814312,3796,1692805,3795.75,3796
10283493,2019-01-06T10:02:47.705Z,19010610,XBTUSD,3795.5,1814413,3796,1683115,3795.75,3796
10283505,2019-01-06T10:02:48.988Z,19010610,XBTUSD,3795.5,1814414,3796,1692805,3795.75,3796
10283516,2019-01-06T10:02:49.168Z,19010610,XBTUSD,3795.5,1815982,3796,1692805,3795.75,3796
10283633,2019-01-06T10:02:56.806Z,19010610,XBTUSD,3795.5,1831317,3796,1692715,3795.75,3796
10283685,2019-01-06T10:03:00.868Z,19010610,XBTUSD,3795.5,1818296,3796,1692615,3795.75,3796
10283734,2019-01-06T10:03:03.453Z,19010610,XBTUSD,3795.5,1803878,3796,1719576,3795.75,3796
10283755,2019-01-06T10:03:05.008Z,19010610,XBTUSD,3795.5,1801881,3796,1773576,3795.75,3796
10283758,2019-01-06T10:03:05.742Z,19010610,XBTUSD,3795.5,1801881,3796,1773570,3795.75,3796
10283795,2019-01-06T10:03:06.234Z,19010610,XBTUSD,3795.5,1799875,3796,1763770,3795.75,3796
10283868,2019-01-06T10:03:12.004Z,19010610,XBTUSD,3795.5,1738905,3796,1766022,3795.75,3796
10283895,2019-01-06T10:03:13.538Z,19010610,XBTUSD,3795.5,1789708,3796,1748622,3795.75,3796
10283904,2019-01-06T10:03:14.841Z,19010610,XBTUSD,3795.5,1786278,3796,1700587,3795.75,3796
10283943,2019-01-06T10:03:16.450Z,19010610,XBTUSD,3795.5,1785240,3796,1753665,3795.75,3796
10283947,2019-01-06T10:03:16.928Z,19010610,XBTUSD,3795.5,1785320,3796,1756765,3795.75,3796
10283985,2019-01-06T10:03:18.908Z,19010610,XBTUSD,3795.5,1799824,3796,1746723,3795.75,3796
10284008,2019-01-06T10:03:20.971Z,19010610,XBTUSD,3795.5,1869826,3796,1744960,3795.75,3796
10284069,2019-01-06T10:03:26.776Z,19010610,XBTUSD,3795.5,1734832,3796,1747937,3795.75,3796
10284084,2019-01-06T10:03:27.146Z,19010610,XBTUSD,3795.5,1734672,3796,1748137,3795.75,3796
10284106,2019-01-06T10:03:28.988Z,19010610,XBTUSD,3795.5,1732676,3796,1744477,3795.75,3796
10284157,2019-01-06T10:03:32.176Z,19010610,XBTUSD,3795.5,1707606,3796,1753857,3795.75,3796
10284190,2019-01-06T10:03:35.745Z,19010610,XBTUSD,3795.5,1754078,3796,1753857,3795.75,3796
10284209,2019-01-06T10:03:38.605Z,19010610,XBTUSD,3795.5,1758030,3796,1747657,3795.75,3796
10284224,2019-01-06T10:03:39.565Z,19010610,XBTUSD,3795.5,1811036,3796,1753997,3795.75,3796
10284229,2019-01-06T10:03:39.872Z,19010610,XBTUSD,3795.5,1820020,3796,1703997,3795.75,3796
10284243,2019-01-06T10:03:40.663Z,19010610,XBTUSD,3795.5,1819944,3796,1701380,3795.75,3796
10283513,2019-01-06T10:02:49.130Z,19010610,XBTUSD,3795.5,1814414,3796,1692805,3795.75,3796
10283522,2019-01-06T10:02:49.865Z,19010610,XBTUSD,3795.5,1817978,3796,1694805,3795.75,3796
10283588,2019-01-06T10:02:54.268Z,19010610,XBTUSD,3795.5,1831374,3796,1692715,3795.75,3796
10283719,2019-01-06T10:03:02.569Z,19010610,XBTUSD,3795.5,1813418,3796,1719486,3795.75,3796
10283732,2019-01-06T10:03:03.302Z,19010610,XBTUSD,3795.5,1803897,3796,1719576,3795.75,3796
10283798,2019-01-06T10:03:06.523Z,19010610,XBTUSD,3795.5,1799979,3796,1763770,3795.75,3796
10283813,2019-01-06T10:03:07.146Z,19010610,XBTUSD,3795.5,1799800,3796,1763935,3795.75,3796
10283823,2019-01-06T10:03:08.404Z,19010610,XBTUSD,3795.5,1739001,3796,1766135,3795.75,3796
10283869,2019-01-06T10:03:12.006Z,19010610,XBTUSD,3795.5,1738906,3796,1766022,3795.75,3796
10283893,2019-01-06T10:03:13.483Z,19010610,XBTUSD,3795.5,1739108,3796,1750822,3795.75,3796
10283905,2019-01-06T10:03:14.904Z,19010610,XBTUSD,3795.5,1786258,3796,1700587,3795.75,3796
10283945,2019-01-06T10:03:16.527Z,19010610,XBTUSD,3795.5,1785340,3796,1751185,3795.75,3796
10283983,2019-01-06T10:03:18.865Z,19010610,XBTUSD,3795.5,1799822,3796,1746723,3795.75,3796
10284006,2019-01-06T10:03:20.437Z,19010610,XBTUSD,3795.5,1869826,3796,1746839,3795.75,3796
10284037,2019-01-06T10:03:22.952Z,19010610,XBTUSD,3795.5,1854828,3796,1746747,3795.75,3796
10284067,2019-01-06T10:03:26.327Z,19010610,XBTUSD,3795.5,1734831,3796,1746697,3795.75,3796
10284101,2019-01-06T10:03:28.648Z,19010610,XBTUSD,3795.5,1732675,3796,1752477,3795.75,3796
10284208,2019-01-06T10:03:38.603Z,19010610,XBTUSD,3795.5,1758029,3796,1747657,3795.75,3796
10284245,2019-01-06T10:03:40.751Z,19010610,XBTUSD,3795.5,1819945,3796,1676380,3795.75,3796
10284303,2019-01-06T10:03:43.560Z,19010610,XBTUSD,3795.5,1893652,3796,1673894,3795.75,3796
10284346,2019-01-06T10:03:45.915Z,19010610,XBTUSD,3795.5,1903260,3796,1677557,3795.75,3796
10283691,2019-01-06T10:03:02.015Z,19010610,XBTUSD,3795.5,1817548,3796,1692565,3795.75,3796
10283721,2019-01-06T10:03:02.716Z,19010610,XBTUSD,3795.5,1807223,3796,1719576,3795.75,3796
10283736,2019-01-06T10:03:03.576Z,19010610,XBTUSD,3795.5,1803879,3796,1769576,3795.75,3796
10283753,2019-01-06T10:03:04.969Z,19010610,XBTUSD,3795.5,1801879,3796,1773576,3795.75,3796
10283824,2019-01-06T10:03:08.406Z,19010610,XBTUSD,3795.5,1739002,3796,1766135,3795.75,3796
10283890,2019-01-06T10:03:13.294Z,19010610,XBTUSD,3795.5,1739106,3796,1760822,3795.75,3796
10283892,2019-01-06T10:03:13.407Z,19010610,XBTUSD,3795.5,1739108,3796,1760822,3795.75,3796
10283922,2019-01-06T10:03:16.004Z,19010610,XBTUSD,3795.5,1786240,3796,1703665,3795.75,3796
10283949,2019-01-06T10:03:17.003Z,19010610,XBTUSD,3795.5,1784820,3796,1750565,3795.75,3796
10283956,2019-01-06T10:03:17.657Z,19010610,XBTUSD,3795.5,1799822,3796,1746787,3795.75,3796
10284003,2019-01-06T10:03:20.106Z,19010610,XBTUSD,3795.5,1869824,3796,1746723,3795.75,3796
10284070,2019-01-06T10:03:27.029Z,19010610,XBTUSD,3795.5,1734832,3796,1748137,3795.75,3796
10284086,2019-01-06T10:03:27.401Z,19010610,XBTUSD,3795.5,1734673,3796,1750617,3795.75,3796
10284103,2019-01-06T10:03:28.821Z,19010610,XBTUSD,3795.5,1732676,3796,1752457,3795.75,3796
10284120,2019-01-06T10:03:29.905Z,19010610,XBTUSD,3795.5,1707679,3796,1743857,3795.75,3796
10284127,2019-01-06T10:03:30.761Z,19010610,XBTUSD,3795.5,1707652,3796,1753057,3795.75,3796
10284142,2019-01-06T10:03:31.152Z,19010610,XBTUSD,3795.5,1707404,3796,1750577,3795.75,3796
10284168,2019-01-06T10:03:33.785Z,19010610,XBTUSD,3795.5,1710606,3796,1753857,3795.75,3796
10284222,2019-01-06T10:03:39.277Z,19010610,XBTUSD,3795.5,1761036,3796,1751997,3795.75,3796
10284228,2019-01-06T10:03:39.824Z,19010610,XBTUSD,3795.5,1820020,3796,1753997,3795.75,3796
10284238,2019-01-06T10:03:40.263Z,19010610,XBTUSD,3795.5,1819943,3796,1701617,3795.75,3796
10284261,2019-01-06T10:03:41.652Z,19010610,XBTUSD,3795.5,1821844,3796,1673280,3795.75,3796
10284277,2019-01-06T10:03:42.127Z,19010610,XBTUSD,3795.5,1891646,3796,1673480,3795.75,3796
10284304,2019-01-06T10:03:43.597Z,19010610,XBTUSD,3795.5,1893652,3796,1681239,3795.75,3796
10284315,2019-01-06T10:03:44.085Z,19010610,XBTUSD,3795.5,1893655,3796,1671357,3795.75,3796
10284344,2019-01-06T10:03:45.823Z,19010610,XBTUSD,3795.5,1903258,3796,1677557,3795.75,3796
10284399,2019-01-06T10:03:49.455Z,19010610,XBTUSD,3795.5,1913894,3796,1651847,3795.75,3796
10284474,2019-01-06T10:03:54.956Z,19010610,XBTUSD,3795.5,1887264,3796,1653607,3795.75,3796
10283850,2019-01-06T10:03:09.553Z,19010610,XBTUSD,3795.5,1739002,3796,1766115,3795.75,3796
10283867,2019-01-06T10:03:11.893Z,19010610,XBTUSD,3795.5,1738904,3796,1766022,3795.75,3796
10283900,2019-01-06T10:03:13.773Z,19010610,XBTUSD,3795.5,1785708,3796,1704787,3795.75,3796
10283903,2019-01-06T10:03:14.282Z,19010610,XBTUSD,3795.5,1786278,3796,1698587,3795.75,3796
10283918,2019-01-06T10:03:15.103Z,19010610,XBTUSD,3795.5,1786238,3796,1700565,3795.75,3796
10283954,2019-01-06T10:03:17.170Z,19010610,XBTUSD,3795.5,1784822,3796,1750787,3795.75,3796
10284002,2019-01-06T10:03:20.095Z,19010610,XBTUSD,3795.5,1869824,3796,1747343,3795.75,3796
10284034,2019-01-06T10:03:22.494Z,19010610,XBTUSD,3795.5,1854826,3796,1744960,3795.75,3796
10284049,2019-01-06T10:03:24.212Z,19010610,XBTUSD,3795.5,1854830,3796,1746697,3795.75,3796
10284066,2019-01-06T10:03:26.283Z,19010610,XBTUSD,3795.5,1734830,3796,1746697,3795.75,3796
10284146,2019-01-06T10:03:32.065Z,19010610,XBTUSD,3795.5,1707605,3796,1754057,3795.75,3796
10284226,2019-01-06T10:03:39.604Z,19010610,XBTUSD,3795.5,1826037,3796,1753997,3795.75,3796
10284237,2019-01-06T10:03:40.251Z,19010610,XBTUSD,3795.5,1819943,3796,1703617,3795.75,3796
10284278,2019-01-06T10:03:42.263Z,19010610,XBTUSD,3795.5,1891646,3796,1673239,3795.75,3796
10284320,2019-01-06T10:03:45.008Z,19010610,XBTUSD,3795.5,1891609,3796,1679557,3795.75,3796
