id,timestamp,hour,symbol,side,size,price,tickDirection,trdMatchID,volTime,tickTime
2911430,2019-01-06T10:00:14.013Z,19010610,XBTUSD,Sell,2,3795.5,ZeroMinusTick,5aa2d543-ea6c-f7d1-b731-92341ab15326,2,1
2911463,2019-01-06T10:00:20.883Z,19010610,XBTUSD,Sell,10,3795.5,ZeroMinusTick,2485dc84-5175-165e-e1f3-f84188dccbc3,12,2
2911660,2019-01-06T10:01:17.639Z,19010610,XBTUSD,Sell,150,3795.5,ZeroMinusTick,706529bc-cd6e-2570-ecc9-51392ec07c51,162,3
2911602,2019-01-06T10:01:04.189Z,19010610,XBTUSD,Sell,15,3795.5,ZeroMinusTick,9a81eda8-bdd9-cf1f-a8dc-32db4d207319,177,4
2911646,2019-01-06T10:01:14.834Z,19010610,XBTUSD,Sell,97,3795.5,ZeroMinusTick,42bd238e-2451-e505-3b67-1b8bb97a6641,274,5
2911669,2019-01-06T10:01:17.821Z,19010610,XBTUSD,Sell,300,3795.5,ZeroMinusTick,e2eac92d-a84e-084c-03c5-1cc98a785f67,574,6
2911451,2019-01-06T10:00:20.629Z,19010610,XBTUSD,Sell,106,3795.5,ZeroMinusTick,3154b296-0acb-475a-3f46-214c746576fc,680,7
2911457,2019-01-06T10:00:20.650Z,19010610,XBTUSD,Sell,200,3795.5,ZeroMinusTick,73ca9b74-79d9-c58a-6a43-94fcdb48fb26,880,8
2911598,2019-01-06T10:01:01.748Z,19010610,XBTUSD,Sell,600,3795.5,ZeroMinusTick,9205fb1c-f1ab-7f5d-d7a2-70d969dcad63,1480,9
2911421,2019-01-06T10:00:10.392Z,19010610,XBTUSD,Sell,190,3795.5,ZeroMinusTick,eb31b5d8-2be7-9832-250d-97ba0e797994,1670,10
2911461,2019-01-06T10:00:20.883Z,19010610,XBTUSD,Sell,10000,3795.5,ZeroMinusTick,1f09cd06-0272-a21b-212f-4879a0df1e4e,11670,11
2911547,2019-01-06T10:00:43.209Z,19010610,XBTUSD,Buy,2,3796,ZeroPlusTick,3bb8ff69-22f4-ad4b-39c9-c095ddba7096,11672,12
2911601,2019-01-06T10:01:04.189Z,19010610,XBTUSD,Sell,1609,3795.5,ZeroMinusTick,f8d42565-835e-9a99-6e95-38d955e09dee,13281,13
2911439,2019-01-06T10:00:16.837Z,19010610,XBTUSD,Sell,9894,3795.5,ZeroMinusTick,4cfc8b03-44b6-cf2e-8bd2-e7a47fff26ad,23175,14
2911465,2019-01-06T10:00:23.810Z,19010610,XBTUSD,Buy,3000,3796,PlusTick,4f667934-de93-39fe-7905-fa726df4f257,26175,15
2911663,2019-01-06T10:01:17.821Z,19010610,XBTUSD,Sell,116,3795.5,ZeroMinusTick,1b5f47a6-dd2b-f368-2f3d-7719bc04039d,26291,16
2911725,2019-01-06T10:01:21.094Z,19010610,XBTUSD,Sell,2940,3795.5,ZeroMinusTick,520f8423-1261-250d-d545-3648392b9005,29231,17
2911734,2019-01-06T10:01:31.766Z,19010610,XBTUSD,Buy,1000,3796,PlusTick,e76bec7f-eb0e-1b90-1309-3c93090ce674,30231,18
2911464,2019-01-06T10:00:20.883Z,19010610,XBTUSD,Sell,37641,3795.5,ZeroMinusTick,7b5d79a3-0215-138b-4d36-0217d50b46de,67872,19
2911562,2019-01-06T10:00:54.580Z,19010610,XBTUSD,Buy,4000,3796,ZeroPlusTick,1a8afdd1-be54-c9f2-4e95-e51aa613e260,71872,20
2911624,2019-01-06T10:01:08.085Z,19010610,XBTUSD,Buy,7000,3796,PlusTick,09ecb66d-907e-3484-d42d-37b7036d2260,78872,21
2911645,2019-01-06T10:01:14.834Z,19010610,XBTUSD,Sell,103,3795.5,ZeroMinusTick,69a931d9-36db-7829-6773-bdfc6576e910,78975,22
2911665,2019-01-06T10:01:17.821Z,19010610,XBTUSD,Sell,5,3795.5,ZeroMinusTick,4e3b30f0-b2f1-98ad-e943-d53a32314a53,78980,23
2911721,2019-01-06T10:01:21.094Z,19010610,XBTUSD,Sell,6883,3795.5,ZeroMinusTick,484a99c5-3d23-07a3-77c5-563ddd483de4,85863,24
2911729,2019-01-06T10:01:21.183Z,19010610,XBTUSD,Sell,200,3795.5,ZeroMinusTick,60fed8b2-51d0-4f4d-2d85-4a8a4725f683,86063,25
2911420,2019-01-06T10:00:10.392Z,19010610,XBTUSD,Sell,73,3795.5,ZeroMinusTick,3c8b89ce-6e13-04e0-9e4c-2596b62a8be3,86136,26
2911429,2019-01-06T10:00:14.006Z,19010610,XBTUSD,Sell,200,3795.5,ZeroMinusTick,b3fe5223-0899-71c5-7448-459f4886ad92,86336,27
2911435,2019-01-06T10:00:16.640Z,19010610,XBTUSD,Sell,502,3795.5,ZeroMinusTick,c26beae2-c6ed-c4c1-788f-6439cee65237,86838,28
2911437,2019-01-06T10:00:16.660Z,19010610,XBTUSD,Buy,3,3796,PlusTick,7c0c1244-3ad8-e437-8d71-ea52734581c1,86841,29
2911438,2019-01-06T10:00:16.837Z,19010610,XBTUSD,Sell,2106,3795.5,MinusTick,45cccc11-66cb-6998-faab-1b9dfd510cf6,88947,30
2911452,2019-01-06T10:00:20.629Z,19010610,XBTUSD,Sell,40,3795.5,ZeroMinusTick,8b7f5717-4df9-1911-1719-6c20a965f115,88987,31
2911462,2019-01-06T10:00:20.883Z,19010610,XBTUSD,Sell,22290,3795.5,ZeroMinusTick,f1aeb82e-bbce-89d5-7cec-8bbf87077738,111277,32
2911599,2019-01-06T10:01:02.403Z,19010610,XBTUSD,Sell,10000,3795.5,ZeroMinusTick,d73135cd-046a-e45b-f046-46641ee88cb4,121277,33
2911604,2019-01-06T10:01:04.189Z,19010610,XBTUSD,Sell,476,3795.5,ZeroMinusTick,b5451134-8e65-f279-85a3-a1417493d3bf,121753,34
2911630,2019-01-06T10:01:09.120Z,19010610,XBTUSD,Buy,2,3796,PlusTick,9f1604f9-a8c5-f767-b6ba-c7202953459c,121755,35
2911667,2019-01-06T10:01:17.821Z,19010610,XBTUSD,Sell,2000,3795.5,ZeroMinusTick,02afe124-d65c-7832-f1b6-0648cf2aee06,123755,36
2911460,2019-01-06T10:00:20.883Z,19010610,XBTUSD,Sell,10000,3795.5,ZeroMinusTick,06707ada-69cc-99c8-94b5-ffd1646ebf02,133755,37
2911583,2019-01-06T10:00:58.810Z,19010610,XBTUSD,Sell,150,3795.5,MinusTick,a42ca6c5-7108-32e5-9395-009141f24afa,133905,38
2911679,2019-01-06T10:01:19.076Z,19010610,XBTUSD,Sell,200,3795.5,ZeroMinusTick,676a1d91-ae95-e959-9977-6d42ec5e6dc1,134105,39
2911723,2019-01-06T10:01:21.094Z,19010610,XBTUSD,Sell,1152,3795.5,ZeroMinusTick,0e33184a-7600-561f-e676-1264000c0f3d,135257,40
2911731,2019-01-06T10:01:26.415Z,19010610,XBTUSD,Sell,16,3795.5,MinusTick,7e222d13-a069-e942-79cb-628cd2c8f0d9,135273,41
2911771,2019-01-06T10:01:58.598Z,19010610,XBTUSD,Sell,1000,3795.5,MinusTick,ea957394-80d5-d9ee-2ce1-be5a63a0aa9e,136273,42
2911915,2019-01-06T10:03:01.454Z,19010610,XBTUSD,Sell,1000,3795.5,MinusTick,c57c18da-d604-682a-2529-af5fe4fab3c6,137273,43
2911459,2019-01-06T10:00:20.883Z,19010610,XBTUSD,Sell,9760,3795.5,ZeroMinusTick,654ac49a-c6e8-5fcc-4ef6-449a4e8c2df9,147033,44
2911503,2019-01-06T10:00:36.812Z,19010610,XBTUSD,Buy,10,3796,ZeroPlusTick,718e97ba-f48e-b9ac-5f8b-2251f3ae61c8,147043,45
2911603,2019-01-06T10:01:04.189Z,19010610,XBTUSD,Sell,400,3795.5,ZeroMinusTick,ab62d19b-4fa0-1487-c9cd-19ffd77073fd,147443,46
2911670,2019-01-06T10:01:17.821Z,19010610,XBTUSD,Sell,10597,3795.5,ZeroMinusTick,3c9d6947-dbab-6194-9fc1-1194e32aac9e,158040,47
2911739,2019-01-06T10:01:41.252Z,19010610,XBTUSD,Sell,563,3795.5,ZeroMinusTick,f21860dd-340f-2634-1aff-77404cd83a7e,158603,48
2911767,2019-01-06T10:01:54.631Z,19010610,XBTUSD,Buy,200,3796,ZeroPlusTick,81d0c6e5-a0a7-80be-445b-1da44a4b5b0b,158803,49
2911780,2019-01-06T10:02:00.583Z,19010610,XBTUSD,Buy,32,3796,ZeroPlusTick,e9801d7c-5e2b-f56a-c864-80f4693ad584,158835,50
2911782,2019-01-06T10:02:01.210Z,19010610,XBTUSD,Buy,200,3796,ZeroPlusTick,32072027-8a09-1d38-1ab9-f769bef6f685,159035,51
2911789,2019-01-06T10:02:04.858Z,19010610,XBTUSD,Buy,100,3796,ZeroPlusTick,892a6894-5ff8-5ac0-5ea3-a1d897058ad6,159135,52
2911791,2019-01-06T10:02:04.964Z,19010610,XBTUSD,Buy,57,3796,ZeroPlusTick,dd830132-18d3-e472-b7ab-b97b2aedb00f,159192,53
2911628,2019-01-06T10:01:08.968Z,19010610,XBTUSD,Sell,45,3795.5,MinusTick,14c1b678-f2e2-b636-a74c-be1485dccb80,159237,54
2911635,2019-01-06T10:01:12.438Z,19010610,XBTUSD,Sell,200,3795.5,ZeroMinusTick,0ffbe0cf-0fbe-7f71-a4c3-5a72732ff0c6,159437,55
2911636,2019-01-06T10:01:12.447Z,19010610,XBTUSD,Sell,146,3795.5,ZeroMinusTick,b5dde16c-6ae1-ab72-04aa-8e752977ed57,159583,56
2911653,2019-01-06T10:01:16.367Z,19010610,XBTUSD,Buy,1150,3796,PlusTick,8ce5da0a-a207-6d47-aced-d4a1d84f3ec8,160733,57
2911654,2019-01-06T10:01:16.917Z,19010610,XBTUSD,Sell,146,3795.5,MinusTick,af8e4e58-43a3-6369-207e-6b1bd75656aa,160879,58
2911655,2019-01-06T10:01:16.929Z,19010610,XBTUSD,Sell,200,3795.5,ZeroMinusTick,c2f0c836-a764-e458-5060-6bd4a5140782,161079,59
2911666,2019-01-06T10:01:17.821Z,19010610,XBTUSD,Sell,121,3795.5,ZeroMinusTick,471e8aea-b3ed-9501-4042-6bfa4975c7e6,161200,60
2911719,2019-01-06T10:01:20.794Z,19010610,XBTUSD,Sell,24,3795.5,ZeroMinusTick,a952a63a-0a1c-0c7d-d495-012bf3d1f379,161224,61
2911720,2019-01-06T10:01:20.880Z,19010610,XBTUSD,Sell,150,3795.5,ZeroMinusTick,2ee74f9e-6908-67e3-4f96-8c8eff94b3b7,161374,62
2911722,2019-01-06T10:01:21.094Z,19010610,XBTUSD,Sell,1000,3795.5,ZeroMinusTick,4c699e0f-c3c3-8ec8-db9b-0d2b34cc7769,162374,63
2911730,2019-01-06T10:01:22.875Z,19010610,XBTUSD,Buy,25000,3796,PlusTick,030ea515-6a74-4e1d-f960-34f1c983db3e,187374,64
2911733,2019-01-06T10:01:30.788Z,19010610,XBTUSD,Sell,150,3795.5,ZeroMinusTick,7b7de94c-bfee-14d2-26f8-969572310731,187524,65
2911858,2019-01-06T10:02:26.437Z,19010610,XBTUSD,Buy,2,3796,ZeroPlusTick,1d3a63f4-9817-0106-76ff-45905a1fb0ff,187526,66
2911668,2019-01-06T10:01:17.821Z,19010610,XBTUSD,Sell,100,3795.5,ZeroMinusTick,ef2c3fe0-7270-bf6d-f75b-d6f11266aece,187626,67
2911726,2019-01-06T10:01:21.164Z,19010610,XBTUSD,Sell,146,3795.5,ZeroMinusTick,ee777a7f-22a7-8d42-90a7-bee3e7ea786e,187772,68
2911736,2019-01-06T10:01:38.834Z,19010610,XBTUSD,Sell,2000,3795.5,MinusTick,0b05690c-ead1-024b-8296-d2ea47ce719a,189772,69
2911792,2019-01-06T10:02:05.156Z,19010610,XBTUSD,Buy,1200,3796,ZeroPlusTick,4f95f80b-bb45-afab-7215-87e1c7f237d1,190972,70
2911857,2019-01-06T10:02:25.957Z,19010610,XBTUSD,Buy,200,3796,ZeroPlusTick,07e99674-e6c7-518e-e09b-fd30e72c0db8,191172,71
2911942,2019-01-06T10:03:08.346Z,19010610,XBTUSD,Sell,570,3795.5,ZeroMinusTick,9fb99e22-3692-a93b-dba7-d89b987e3f8d,191742,72
2911948,2019-01-06T10:03:11.127Z,19010610,XBTUSD,Sell,112,3795.5,MinusTick,0bcbc1be-f2b4-6123-64ef-647ef258f92a,191854,73
2911977,2019-01-06T10:03:27.497Z,19010610,XBTUSD,Sell,2000,3795.5,MinusTick,3c86d3ea-3d77-528d-ee15-199b200ff9fc,193854,74
2912126,2019-01-06T10:04:24.014Z,19010610,XBTUSD,Sell,35,3795.5,MinusTick,9f66e3d5-ddce-1074-3f2f-371381360813,193889,75
2912206,2019-01-06T10:05:12.601Z,19010610,XBTUSD,Sell,100,3795.5,ZeroMinusTick,d3ed12bc-6512-056b-e29e-241fad772342,193989,76
2912207,2019-01-06T10:05:12.995Z,19010610,XBTUSD,Buy,35,3796,PlusTick,ecf676c4-37e0-8584-015f-6099e5332133,194024,77
2911633,2019-01-06T10:01:11.610Z,19010610,XBTUSD,Sell,100,3795.5,MinusTick,5ffc00bb-890f-f4fa-2196-909794f4a0b7,194124,78
2911649,2019-01-06T10:01:14.911Z,19010610,XBTUSD,Sell,146,3795.5,ZeroMinusTick,6acb39f5-44ba-ca01-1e05-2fe6890049da,194270,79
2911664,2019-01-06T10:01:17.821Z,19010610,XBTUSD,Sell,1000,3795.5,ZeroMinusTick,8ef39824-acf1-eada-a4d0-9e7ea04d4b4a,195270,80
2911671,2019-01-06T10:01:17.860Z,19010610,XBTUSD,Buy,117,3796,PlusTick,95615245-5e7d-3ad1-2dfc-e4977e3e8a02,195387,81
2911738,2019-01-06T10:01:41.252Z,19010610,XBTUSD,Sell,437,3795.5,ZeroMinusTick,7e7dde3b-dadc-ca72-97c2-9fd6d855f7b7,195824,82
2911853,2019-01-06T10:02:23.979Z,19010610,XBTUSD,Buy,2,3796,ZeroPlusTick,19bb83e8-b155-e899-b360-512379410b63,195826,83
2911939,2019-01-06T10:03:08.346Z,19010610,XBTUSD,Sell,299,3795.5,MinusTick,a1341e57-7fbc-bcd0-24b0-408e0517ffcd,196125,84
2911960,2019-01-06T10:03:16.438Z,19010610,XBTUSD,Sell,100,3795.5,ZeroMinusTick,deda3cde-6d34-2df4-2d6c-d1f3762a761a,196225,85
2911963,2019-01-06T10:03:17.003Z,19010610,XBTUSD,Sell,500,3795.5,ZeroMinusTick,7b9e89b5-1432-378a-c749-f606f185de88,196725,86
2912163,2019-01-06T10:04:50.772Z,19010610,XBTUSD,Sell,500,3795.5,ZeroMinusTick,756e4c72-2da3-9cd9-666a-7541b150be23,197225,87
2911662,2019-01-06T10:01:17.821Z,19010610,XBTUSD,Sell,5761,3795.5,ZeroMinusTick,6eef8e5b-4626-e977-a35b-3672733fca7b,202986,88
2911677,2019-01-06T10:01:19.034Z,19010610,XBTUSD,Sell,146,3795.5,MinusTick,b759b965-f156-9e15-f429-30f721ece16e,203132,89
2911737,2019-01-06T10:01:40.711Z,19010610,XBTUSD,Sell,111,3795.5,ZeroMinusTick,1745a7b2-5000-3cbd-fa0b-63c2361a5ad5,203243,90
2911746,2019-01-06T10:01:46.669Z,19010610,XBTUSD,Buy,1,3796,PlusTick,dcdcedaa-8530-0280-39c4-3d0123f53b1a,203244,91
2911808,2019-01-06T10:02:09.245Z,19010610,XBTUSD,Sell,440,3795.5,MinusTick,0ca26fb9-d12c-4887-d253-2265efa942e7,203684,92
2911839,2019-01-06T10:02:17.724Z,19010610,XBTUSD,Buy,2000,3796,ZeroPlusTick,928c2716-0cdf-e293-5b22-31d4b3db84eb,205684,93
2911854,2019-01-06T10:02:24.644Z,19010610,XBTUSD,Buy,200,3796,ZeroPlusTick,735da8b8-45e6-3963-3aed-8b2a5e3dfcda,205884,94
2911941,2019-01-06T10:03:08.346Z,19010610,XBTUSD,Sell,25,3795.5,ZeroMinusTick,d11292f8-070d-9e48-5b01-063504526d48,205909,95
2911946,2019-01-06T10:03:09.553Z,19010610,XBTUSD,Buy,20,3796,PlusTick,a64f8bf8-f864-4692-6073-eaeabb697d4c,205929,96
2911961,2019-01-06T10:03:16.438Z,19010610,XBTUSD,Sell,505,3795.5,ZeroMinusTick,96a6f0c3-891e-5d6c-912e-ac30b33badf3,206434,97
2911973,2019-01-06T10:03:24.176Z,19010610,XBTUSD,Buy,50,3796,PlusTick,2ae198b1-b6fe-d6b8-b79a-f49325a95857,206484,98
2911689,2019-01-06T10:01:19.620Z,19010610,XBTUSD,Sell,2000,3795.5,ZeroMinusTick,0c2e3c27-09f1-81df-75d5-0a52c3f42ec4,208484,99
2911724,2019-01-06T10:01:21.094Z,19010610,XBTUSD,Sell,10000,3795.5,ZeroMinusTick,a8e09ab3-cb27-9b6c-242f-e3202e9e5f6a,218484,100
2911815,2019-01-06T10:02:12.681Z,19010610,XBTUSD,Buy,300,3796,PlusTick,6f797347-026a-5b3e-facd-a1eb3dd73558,218784,101
2911873,2019-01-06T10:02:36.298Z,19010610,XBTUSD,Buy,17,3796,ZeroPlusTick,68c82c1c-281f-a166-8be3-edb7fe2519fa,218801,102
2911943,2019-01-06T10:03:08.346Z,19010610,XBTUSD,Sell,11,3795.5,ZeroMinusTick,9a4dc0b6-e57e-6d44-e05a-ccc7dac845d9,218812,103
2911958,2019-01-06T10:03:16.438Z,19010610,XBTUSD,Sell,393,3795.5,ZeroMinusTick,55501aa4-fe8f-e451-7089-16338cba3882,219205,104
2912138,2019-01-06T10:04:31.196Z,19010610,XBTUSD,Buy,50,3796,ZeroPlusTick,4e36027c-4787-8a70-1abf-8e0e47f9ba17,219255,105
2912151,2019-01-06T10:04:40.692Z,19010610,XBTUSD,Sell,1000,3795.5,MinusTick,a63f1265-5a62-d2c6-9b69-25e5737d543c,220255,106
2911744,2019-01-06T10:01:45.493Z,19010610,XBTUSD,Sell,3000,3795.5,ZeroMinusTick,dc15fed2-841d-096f-4157-b6116b1249e2,223255,107
2911920,2019-01-06T10:03:04.937Z,19010610,XBTUSD,Sell,2000,3795.5,ZeroMinusTick,a62ee3fb-ad0a-1c24-e0b0-931dee88aae5,225255,108
2911944,2019-01-06T10:03:08.346Z,19010610,XBTUSD,Sell,6495,3795.5,ZeroMinusTick,1579015e-bacb-f998-61a7-2803440cb321,231750,109
2911959,2019-01-06T10:03:16.438Z,19010610,XBTUSD,Sell,2,3795.5,ZeroMinusTick,7fb9c905-ece4-e6b8-b244-993980620e18,231752,110
2912201,2019-01-06T10:05:08.073Z,19010610,XBTUSD,Sell,150,3795.5,MinusTick,6bdf2c02-a938-45f6-2d28-86d3a0ebe1ac,231902,111
2912220,2019-01-06T10:05:19.951Z,19010610,XBTUSD,Buy,35,3796,ZeroPlusTick,473bb14a-aa15-8787-6851-81b073e65c41,231937,112
2911897,2019-01-06T10:02:46.199Z,19010610,XBTUSD,Buy,3000,3796,ZeroPlusTick,20274627-1b2a-dfc8-2f95-9ee940841d23,234937,113
2911898,2019-01-06T10:02:46.334Z,19010610,XBTUSD,Buy,10000,3796,ZeroPlusTick,d31af9e3-e249-e302-fee9-b55faaa7de12,244937,114
2911937,2019-01-06T10:03:06.754Z,19010610,XBTUSD,Buy,35,3796,PlusTick,f72074b9-93e3-7b87-fd58-102a913bfd8c,244972,115
2911940,2019-01-06T10:03:08.346Z,19010610,XBTUSD,Sell,2600,3795.5,ZeroMinusTick,f1bfd53d-a2e7-91a0-57e3-5a8ece147d5d,247572,116
2911997,2019-01-06T10:03:40.251Z,19010610,XBTUSD,Buy,380,3796,PlusTick,b52e0a94-bd4c-cf7e-e4b5-69c6534499b8,247952,117
2912001,2019-01-06T10:03:42.263Z,19010610,XBTUSD,Buy,241,3796,ZeroPlusTick,3a156c66-dbba-58e3-444c-def892a04c73,248193,118
2912015,2019-01-06T10:03:47.144Z,19010610,XBTUSD,Buy,9950,3796,ZeroPlusTick,b4d24c66-3a25-ecdc-ffb7-8096e9431f37,258143,119
2912025,2019-01-06T10:03:54.163Z,19010610,XBTUSD,Buy,860,3796,ZeroPlusTick,a13db8f5-2d68-a28b-fdec-0ef0ac5982a4,259003,120
2912030,2019-01-06T10:03:54.956Z,19010610,XBTUSD,Sell,690,3795.5,MinusTick,74efce96-23c4-a040-b41e-b2d61f067653,259693,121
2912122,2019-01-06T10:04:19.601Z,19010610,XBTUSD,Sell,1,3795.5,ZeroMinusTick,827d6828-1e01-e956-d9af-5ccc1e4ac2c2,259694,122
2912141,2019-01-06T10:04:33.195Z,19010610,XBTUSD,Sell,35,3795.5,MinusTick,08cc75a4-6c27-eba1-ca11-28f6f4d5bed1,259729,123
2912143,2019-01-06T10:04:35.534Z,19010610,XBTUSD,Buy,10000,3796,PlusTick,b0df3c48-3040-96c7-706c-4565a194e3c9,269729,124
2912165,2019-01-06T10:04:51.185Z,19010610,XBTUSD,Sell,300,3795.5,ZeroMinusTick,79c0e172-837c-43da-cdef-48764220a77e,270029,125
2911779,2019-01-06T10:02:00.409Z,19010610,XBTUSD,Buy,300,3796,PlusTick,b5cb61f6-1237-a006-9359-9c42103fb915,270329,126
2911786,2019-01-06T10:02:02.876Z,19010610,XBTUSD,Buy,25000,3796,ZeroPlusTick,edcf0030-ceee-d93a-7b2d-154e071acff7,295329,127
2911848,2019-01-06T10:02:21.833Z,19010610,XBTUSD,Buy,34,3796,ZeroPlusTick,d30a47b5-7741-74b8-2902-d64dcbf4d3b4,295363,128
2911893,2019-01-06T10:02:38.001Z,19010610,XBTUSD,Buy,200,3796,ZeroPlusTick,f6ae56e7-cc23-5663-ce27-c5a035ced6f8,295563,129
2911918,2019-01-06T10:03:03.302Z,19010610,XBTUSD,Sell,1261,3795.5,ZeroMinusTick,9c13bedd-4add-194b-8268-575a67710c28,296824,130
2912167,2019-01-06T10:04:52.824Z,19010610,XBTUSD,Buy,100,3796,PlusTick,e3a41eb8-b2c6-d7d2-e9f0-0bd2623572cd,296924,131
2912286,2019-01-06T10:05:44.936Z,19010610,XBTUSD,Buy,1500,3796,ZeroPlusTick,064ad4ca-35ca-f38e-e4c2-15c4c976408d,298424,132
2911861,2019-01-06T10:02:27.945Z,19010610,XBTUSD,Buy,200,3796,ZeroPlusTick,b95e9df9-3f30-6ce9-b467-1a0a80ad5748,298624,133
2911865,2019-01-06T10:02:31.464Z,19010610,XBTUSD,Buy,2,3796,ZeroPlusTick,bf4698f8-d663-a3c7-4eca-161ecba7a427,298626,134
2911949,2019-01-06T10:03:13.294Z,19010610,XBTUSD,Buy,5000,3796,PlusTick,1e115711-568e-be10-9303-b6c708771753,303626,135
2911950,2019-01-06T10:03:13.483Z,19010610,XBTUSD,Buy,10000,3796,ZeroPlusTick,4c1dd5b6-860b-5843-ec45-3b86ea643064,313626,136
2911951,2019-01-06T10:03:13.656Z,19010610,XBTUSD,Buy,35,3796,ZeroPlusTick,6ceab0bf-87fc-eee2-9214-bf5ffc9e5a35,313661,137
2911952,2019-01-06T10:03:13.773Z,19010610,XBTUSD,Sell,1000,3795.5,MinusTick,8bcb5942-8fe1-0498-97ce-11bf2317b943,314661,138
2912137,2019-01-06T10:04:30.653Z,19010610,XBTUSD,Buy,10,3796,PlusTick,27616255-5011-c687-af63-60407105f7b3,314671,139
2911981,2019-01-06T10:03:30.809Z,19010610,XBTUSD,Sell,250,3795.5,ZeroMinusTick,33687ec8-2283-0d3c-3e63-6e62641bfe60,314921,140
2911986,2019-01-06T10:03:37.456Z,19010610,XBTUSD,Sell,64,3795.5,ZeroMinusTick,169ce06e-33ef-d2fd-cedc-ad79129623c7,314985,141
2912124,2019-01-06T10:04:22.115Z,19010610,XBTUSD,Buy,300,3796,PlusTick,e587fcf5-6a35-acbc-73d2-4ead9b446c5f,315285,142
2912125,2019-01-06T10:04:22.637Z,19010610,XBTUSD,Buy,500,3796,ZeroPlusTick,7f1cec86-68e3-f123-5388-f599658ac309,315785,143
2912152,2019-01-06T10:04:41.548Z,19010610,XBTUSD,Sell,222,3795.5,ZeroMinusTick,2a9de615-afa3-5297-da2b-fc3c157db818,316007,144
2912218,2019-01-06T10:05:16.333Z,19010610,XBTUSD,Sell,428,3795.5,ZeroMinusTick,571c0752-fae4-e6d5-e8f1-9b4963473cd9,316435,145
2912219,2019-01-06T10:05:16.928Z,19010610,XBTUSD,Buy,100,3796,PlusTick,87e6bd6e-0516-10c7-e17e-07e45c3229e7,316535,146
2912379,2019-01-06T10:06:15.435Z,19010610,XBTUSD,Sell,35,3795.5,ZeroMinusTick,972ba5ad-be13-bc7f-592b-10863ce79e44,316570,147
2912413,2019-01-06T10:06:30.895Z,19010610,XBTUSD,Sell,10394,3795.5,ZeroMinusTick,31fb6fa2-990e-f468-ceaa-b5a762b871d4,326964,148
2912423,2019-01-06T10:06:30.895Z,19010610,XBTUSD,Sell,40,3795.5,ZeroMinusTick,a215d25e-b43c-5487-3136-f1f6fc652f25,327004,149
2912433,2019-01-06T10:06:30.895Z,19010610,XBTUSD,Sell,299,3795.5,ZeroMinusTick,34c3d703-6955-3198-6d9c-43fe85c7544f,327303,150
2912440,2019-01-06T10:06:30.895Z,19010610,XBTUSD,Sell,2000,3795.5,ZeroMinusTick,0133afb0-0c67-bc40-c289-c7b0ed342396,329303,151
2912451,2019-01-06T10:06:30.895Z,19010610,XBTUSD,Sell,102,3795.5,ZeroMinusTick,c2dbd07b-dde8-29fd-6b6f-a82b6553b7f6,329405,152
2912466,2019-01-06T10:06:34.553Z,19010610,XBTUSD,Sell,30,3795.5,ZeroMinusTick,f8a38650-da2b-448c-297d-50f5db5eefec,329435,153
2912481,2019-01-06T10:06:34.553Z,19010610,XBTUSD,Sell,200,3795.5,ZeroMinusTick,aef14dde-8b42-41df-d10f-0f9f9729172b,329635,154
2912504,2019-01-06T10:06:40.842Z,19010610,XBTUSD,Sell,679,3795.5,ZeroMinusTick,96b399be-8b5d-a889-c36e-6c61a108f302,330314,155
2912523,2019-01-06T10:06:52.583Z,19010610,XBTUSD,Buy,100,3796,ZeroPlusTick,0acf157a-d588-9dee-6d39-4273a5e5acec,330414,156
2912532,2019-01-06T10:06:52.583Z,19010610,XBTUSD,Buy,100,3796,ZeroPlusTick,0eef4455-a4bf-b57b-e8fc-56bd22ad0e4e,330514,157
2912549,2019-01-06T10:06:52.583Z,19010610,XBTUSD,Buy,100,3796,ZeroPlusTick,107854f4-61f4-1a82-4905-7d86efdfa9c2,330614,158
2912559,2019-01-06T10:06:52.583Z,19010610,XBTUSD,Buy,1000,3796,ZeroPlusTick,469bef21-aead-d9bf-0505-25d3441f65d6,331614,159
2912566,2019-01-06T10:06:52.583Z,19010610,XBTUSD,Buy,161294,3796,ZeroPlusTick,3333f88c-1df8-4297-1f85-9779d5574224,492908,160
2912264,2019-01-06T10:05:28.151Z,19010610,XBTUSD,Buy,500,3796,ZeroPlusTick,c4b41756-d31b-09c1-9695-416d84ca8dcc,493408,161
2912307,2019-01-06T10:05:52.102Z,19010610,XBTUSD,Sell,15,3795.5,MinusTick,f1245623-9e9b-9a4c-85df-191f4d6277fc,493423,162
2912415,2019-01-06T10:06:30.895Z,19010610,XBTUSD,Sell,3000,3795.5,ZeroMinusTick,ee5563a3-3a0d-e734-ba15-eafec2a9d14b,496423,163
2912427,2019-01-06T10:06:30.895Z,19010610,XBTUSD,Sell,14,3795.5,ZeroMinusTick,893a6a14-0e01-8100-7438-6dd08a5cfdcc,496437,164
2912435,2019-01-06T10:06:30.895Z,19010610,XBTUSD,Sell,10,3795.5,ZeroMinusTick,c090c2f0-f9db-b964-91fb-b1e7ba7f6ad0,496447,165
2912445,2019-01-06T10:06:30.895Z,19010610,XBTUSD,Sell,30,3795.5,ZeroMinusTick,75956d68-d8ee-aeb0-8cdc-4692597560c2,496477,166
2912461,2019-01-06T10:06:31.986Z,19010610,XBTUSD,Buy,500,3796,PlusTick,6bdceef5-9d41-5241-9aab-5d7525cefe97,496977,167
2912471,2019-01-06T10:06:34.553Z,19010610,XBTUSD,Sell,77,3795.5,ZeroMinusTick,a3d8ca3b-da56-1b45-a0fb-cda9da79101c,497054,168
2912477,2019-01-06T10:06:34.553Z,19010610,XBTUSD,Sell,15,3795.5,ZeroMinusTick,e0257a0e-6d40-fe94-77fa-5804e1e0249c,497069,169
2912512,2019-01-06T10:06:44.779Z,19010610,XBTUSD,Sell,10,3795.5,ZeroMinusTick,7ba8fdac-3a4a-81c2-663c-7eb843d866f9,497079,170
2912529,2019-01-06T10:06:52.583Z,19010610,XBTUSD,Buy,580,3796,ZeroPlusTick,53cb466f-d53c-ef7a-6878-cc1a35210503,497659,171
2912531,2019-01-06T10:06:52.583Z,19010610,XBTUSD,Buy,5000,3796,ZeroPlusTick,2ab6dde3-daa2-003c-28b2-8a1c3ac97376,502659,172
2912541,2019-01-06T10:06:52.583Z,19010610,XBTUSD,Buy,18529,3796,ZeroPlusTick,20adf853-59e8-9819-5c21-b62e91d41697,521188,173
2912551,2019-01-06T10:06:52.583Z,19010610,XBTUSD,Buy,100,3796,ZeroPlusTick,68c84cc5-aa26-88c2-2bc8-13b90e5a8706,521288,174
2912553,2019-01-06T10:06:52.583Z,19010610,XBTUSD,Buy,370,3796,ZeroPlusTick,b0214d86-7cea-768f-0038-288367c0559c,521658,175
2912563,2019-01-06T10:06:52.583Z,19010610,XBTUSD,Buy,28,3796,ZeroPlusTick,5afcd049-97a4-95d0-7ffe-c086e46e69ba,521686,176
2912567,2019-01-06T10:06:53.155Z,19010610,XBTUSD,Buy,200,3796,ZeroPlusTick,822a07be-c205-ec2e-4de4-fe69a467a673,521886,177
2912420,2019-01-06T10:06:30.895Z,19010610,XBTUSD,Sell,1001,3795.5,ZeroMinusTick,11703e25-eee6-49a1-275d-f34b9d05a631,522887,178
2912428,2019-01-06T10:06:30.895Z,19010610,XBTUSD,Sell,4700,3795.5,ZeroMinusTick,a1b657d9-ba31-5188-4998-d3f3789a70fe,527587,179
2912443,2019-01-06T10:06:30.895Z,19010610,XBTUSD,Sell,570,3795.5,ZeroMinusTick,6f050a03-a110-acfd-ce39-42cdf1682adf,528157,180
2912447,2019-01-06T10:06:30.895Z,19010610,XBTUSD,Sell,72,3795.5,ZeroMinusTick,273ad36d-97ea-1045-28a9-8491ee0c1916,528229,181
2912470,2019-01-06T10:06:34.553Z,19010610,XBTUSD,Sell,38,3795.5,ZeroMinusTick,0886c195-ac49-1e4b-9032-c8033c416837,528267,182
2912480,2019-01-06T10:06:34.553Z,19010610,XBTUSD,Sell,30,3795.5,ZeroMinusTick,884d29f6-ec75-1f1f-0b77-93bed355d9eb,528297,183
2912503,2019-01-06T10:06:40.842Z,19010610,XBTUSD,Sell,2006,3795.5,ZeroMinusTick,dff3349f-f82f-29ac-7b10-9f069dd55588,530303,184
2912507,2019-01-06T10:06:44.048Z,19010610,XBTUSD,Sell,200,3795.5,ZeroMinusTick,1061fb49-b3e3-20e2-9834-dbe80a3e6131,530503,185
2912518,2019-01-06T10:06:52.038Z,19010610,XBTUSD,Sell,144,3795.5,ZeroMinusTick,2bcfba09-f3c3-9d9d-d6e6-e1fab1dc31cf,530647,186
2912525,2019-01-06T10:06:52.583Z,19010610,XBTUSD,Buy,10,3796,ZeroPlusTick,8aff0d98-45db-c834-bfa9-ce7be98144c5,530657,187
2912535,2019-01-06T10:06:52.583Z,19010610,XBTUSD,Buy,5000,3796,ZeroPlusTick,dcf840d4-9300-c665-4aa4-f19548934249,535657,188
2912547,2019-01-06T10:06:52.583Z,19010610,XBTUSD,Buy,100,3796,ZeroPlusTick,a11d86ff-f089-e88f-23c3-4c16d2b25a36,535757,189
2912554,2019-01-06T10:06:52.583Z,19010610,XBTUSD,Buy,300,3796,ZeroPlusTick,9159d938-28d8-31b9-1995-2aa52ea9b1c6,536057,190
2912600,2019-01-06T10:07:03.287Z,19010610,XBTUSD,Buy,4400,3796,ZeroPlusTick,cdbf88a0-9217-f264-4e7e-d0e1d9d241d7,540457,191
2912689,2019-01-06T10:07:48.862Z,19010610,XBTUSD,Buy,999,3796,ZeroPlusTick,04235cf2-5c1a-e1a6-5e6e-008b9d382361,541456,192
2912703,2019-01-06T10:08:01.398Z,19010610,XBTUSD,Sell,4400,3795.5,MinusTick,c54ee353-547f-9f25-e2d7-890d98656ab2,545856,193
2912727,2019-01-06T10:08:06.265Z,19010610,XBTUSD,Sell,240,3795.5,MinusTick,4a74e28f-e8a5-44b1-7068-0e469170bdff,546096,194
2912893,2019-01-06T10:09:12.553Z,19010610,XBTUSD,Sell,35,3795.5,ZeroMinusTick,17ec8135-e444-7693-1820-94f96caae2f0,546131,195
2912924,2019-01-06T10:09:30.152Z,19010610,XBTUSD,Buy,413,3796,ZeroPlusTick,a204151c-ddc5-1262-5544-3969e8ceb36f,546544,196
2912215,2019-01-06T10:05:13.846Z,19010610,XBTUSD,Sell,2,3795.5,MinusTick,4d1ae582-6964-180f-091e-affa64f44a4a,546546,197
2912273,2019-01-06T10:05:33.536Z,19010610,XBTUSD,Buy,400,3796,PlusTick,6408268c-c809-903f-cec0-1f610f979269,546946,198
2912288,2019-01-06T10:05:46.528Z,19010610,XBTUSD,Sell,200,3795.5,MinusTick,660f94b0-63f4-d9cb-2a75-9c0f3f5cfa99,547146,199
2912289,2019-01-06T10:05:47.138Z,19010610,XBTUSD,Buy,10000,3796,PlusTick,82da25e0-a013-924b-041e-539da47eac61,557146,200
2912340,2019-01-06T10:06:03.899Z,19010610,XBTUSD,Sell,700,3795.5,ZeroMinusTick,fd6b81c7-47f9-0378-d86d-c559f7a780e5,557846,201
2912421,2019-01-06T10:06:30.895Z,19010610,XBTUSD,Sell,850,3795.5,ZeroMinusTick,a6c8eee7-6a19-9f1c-3c24-0cb0bbc11105,558696,202
2912432,2019-01-06T10:06:30.895Z,19010610,XBTUSD,Sell,510,3795.5,ZeroMinusTick,520fe73e-e960-3bbf-0503-aec22e6a3d25,559206,203
2912441,2019-01-06T10:06:30.895Z,19010610,XBTUSD,Sell,1000,3795.5,ZeroMinusTick,e67d13a8-694a-7cf4-6419-ab65b05b0d6d,560206,204
2912452,2019-01-06T10:06:30.895Z,19010610,XBTUSD,Sell,100,3795.5,ZeroMinusTick,2accaf39-0760-f3a3-4324-350f50c13969,560306,205
2912468,2019-01-06T10:06:34.553Z,19010610,XBTUSD,Sell,50,3795.5,ZeroMinusTick,4dc0b0b0-cb2f-63b5-41a6-467970c70884,560356,206
2912476,2019-01-06T10:06:34.553Z,19010610,XBTUSD,Sell,7890,3795.5,ZeroMinusTick,ae89120e-99cd-7454-a03b-84eb789ac708,568246,207
2912509,2019-01-06T10:06:44.779Z,19010610,XBTUSD,Sell,7077,3795.5,ZeroMinusTick,03727a68-938b-16c6-40ef-f5d9556a3aa5,575323,208
2912526,2019-01-06T10:06:52.583Z,19010610,XBTUSD,Buy,3000,3796,ZeroPlusTick,6f7dba6e-5eb0-9179-d3f3-efaa60149ad0,578323,209
2912536,2019-01-06T10:06:52.583Z,19010610,XBTUSD,Buy,41,3796,ZeroPlusTick,9fe3a780-23c4-d2dd-741b-b4631f82f5a1,578364,210
2912542,2019-01-06T10:06:52.583Z,19010610,XBTUSD,Buy,41,3796,ZeroPlusTick,791c5f72-3236-31ae-72a3-9d42824ea804,578405,211
2912552,2019-01-06T10:06:52.583Z,19010610,XBTUSD,Buy,100,3796,ZeroPlusTick,5a2fc605-dc80-e5c1-c179-2e5ab4f53e4a,578505,212
2912562,2019-01-06T10:06:52.583Z,19010610,XBTUSD,Buy,3000,3796,ZeroPlusTick,12e73728-6123-cef5-c7d3-2dc8e7a11df5,581505,213
2912564,2019-01-06T10:06:52.583Z,19010610,XBTUSD,Buy,125,3796,ZeroPlusTick,264514d1-551e-5b6a-8ecb-4445b478e3e4,581630,214
2912670,2019-01-06T10:07:41.781Z,19010610,XBTUSD,Buy,256,3796,PlusTick,7b22df73-8b8c-7a06-e8f6-678919bfe64e,581886,215
2912672,2019-01-06T10:07:42.375Z,19010610,XBTUSD,Sell,99,3795.5,MinusTick,af06c248-f624-0b5a-b6d2-8e4706a7096c,581985,216
2912284,2019-01-06T10:05:41.362Z,19010610,XBTUSD,Buy,2000,3796,PlusTick,88f973fd-7931-dce8-59d0-34d1667faf91,583985,217
2912341,2019-01-06T10:06:03.899Z,19010610,XBTUSD,Sell,800,3795.5,ZeroMinusTick,5b252354-92bc-d1b3-e2e3-2f806a36b668,584785,218
2912416,2019-01-06T10:06:30.895Z,19010610,XBTUSD,Sell,11,3795.5,ZeroMinusTick,971e8538-d007-5229-6759-8432551c730f,584796,219
2912424,2019-01-06T10:06:30.895Z,19010610,XBTUSD,Sell,1000,3795.5,ZeroMinusTick,a2d5943b-a22a-aec4-4dd9-f9acc5011371,585796,220
2912434,2019-01-06T10:06:30.895Z,19010610,XBTUSD,Sell,27000,3795.5,ZeroMinusTick,86e2e258-aca4-72c1-f7bb-e5a96a740cec,612796,221
2912444,2019-01-06T10:06:30.895Z,19010610,XBTUSD,Sell,1000,3795.5,ZeroMinusTick,30c1039c-d29b-1e2b-af52-50e77cdb22f8,613796,222
2912446,2019-01-06T10:06:30.895Z,19010610,XBTUSD,Sell,200,3795.5,ZeroMinusTick,633ee30b-2bb1-c1fd-9230-ddaa494ac9f3,613996,223
2912464,2019-01-06T10:06:34.553Z,19010610,XBTUSD,Sell,552,3795.5,MinusTick,f91a70da-b289-91a7-08bb-b1c551c81f04,614548,224
2912474,2019-01-06T10:06:34.553Z,19010610,XBTUSD,Sell,491,3795.5,ZeroMinusTick,1e84c39f-6fbf-6550-f950-8c236498c681,615039,225
2912484,2019-01-06T10:06:34.553Z,19010610,XBTUSD,Sell,1782,3795.5,ZeroMinusTick,504421f4-536e-5730-b33e-664d3da81b3a,616821,226
2912494,2019-01-06T10:06:36.912Z,19010610,XBTUSD,Sell,224,3795.5,ZeroMinusTick,f619fa41-3d77-c4e1-31f8-9bfe0f16ed1c,617045,227
2912499,2019-01-06T10:06:40.842Z,19010610,XBTUSD,Sell,1297,3795.5,ZeroMinusTick,9cd992d8-63b4-a931-b4ac-7ce8cb61df36,618342,228
2912522,2019-01-06T10:06:52.583Z,19010610,XBTUSD,Buy,2500,3796,ZeroPlusTick,005cd881-2a00-d821-65a2-d7aa9b5d4615,620842,229
2912534,2019-01-06T10:06:52.583Z,19010610,XBTUSD,Buy,2000,3796,ZeroPlusTick,e49aef14-2ef4-090a-ea0c-80393148299b,622842,230
2912544,2019-01-06T10:06:52.583Z,19010610,XBTUSD,Buy,600,3796,ZeroPlusTick,87ca93d9-105c-af64-a05c-833649cb8744,623442,231
2912556,2019-01-06T10:06:52.583Z,19010610,XBTUSD,Buy,20,3796,ZeroPlusTick,b1d1df10-2931-25b4-68cc-b1bc005e375a,623462,232
2912658,2019-01-06T10:07:33.227Z,19010610,XBTUSD,Sell,240,3795.5,ZeroMinusTick,fd5ae8c6-f9aa-c450-cd9c-98d0053de73b,623702,233
2912690,2019-01-06T10:07:49.920Z,19010610,XBTUSD,Sell,240,3795.5,MinusTick,c840877c-6b17-4c7c-3ba5-6b01deca010b,623942,234
2912759,2019-01-06T10:08:31.946Z,19010610,XBTUSD,Sell,8892,3795.5,MinusTick,6dbc7354-ceba-0f6d-20e8-ca5a4e7d5f1a,632834,235
2912803,2019-01-06T10:08:51.420Z,19010610,XBTUSD,Buy,250,3796,ZeroPlusTick,c492caac-36b9-bcf6-2fcd-94548e2be37b,633084,236
2912296,2019-01-06T10:05:50.223Z,19010610,XBTUSD,Sell,400,3795.5,MinusTick,2d7f2242-1f1a-ec48-9ec6-1ace8c4ccc51,633484,237
2912297,2019-01-06T10:05:50.314Z,19010610,XBTUSD,Buy,900,3796,PlusTick,107cdb56-4f59-8b52-c3a4-023c77e762eb,634384,238
2912339,2019-01-06T10:06:03.899Z,19010610,XBTUSD,Sell,4903,3795.5,MinusTick,1a8282ed-ef09-cc8e-6c98-a6d77a2ca323,639287,239
2912368,2019-01-06T10:06:14.629Z,19010610,XBTUSD,Sell,1275,3795.5,ZeroMinusTick,9558d0cb-5193-b7b8-a447-0726b66312f1,640562,240
2912414,2019-01-06T10:06:30.895Z,19010610,XBTUSD,Sell,35000,3795.5,ZeroMinusTick,8999f310-74a3-821b-6bf6-e271547036e5,675562,241
2912431,2019-01-06T10:06:30.895Z,19010610,XBTUSD,Sell,200,3795.5,ZeroMinusTick,2e54074a-8415-d09d-5fe8-12e4989d6704,675762,242
2912436,2019-01-06T10:06:30.895Z,19010610,XBTUSD,Sell,4,3795.5,ZeroMinusTick,380b2c9e-95f4-9d15-a42f-9f866dfe68b3,675766,243
2912453,2019-01-06T10:06:30.895Z,19010610,XBTUSD,Sell,2448,3795.5,ZeroMinusTick,f552f540-a81f-d8af-49eb-3cc48185cd9f,678214,244
2912469,2019-01-06T10:06:34.553Z,19010610,XBTUSD,Sell,1000,3795.5,ZeroMinusTick,a920b1eb-97a1-1386-28d2-bf32e1c8f98b,679214,245
2912478,2019-01-06T10:06:34.553Z,19010610,XBTUSD,Sell,57,3795.5,ZeroMinusTick,1a11374d-e4b1-a3f3-f2f3-69c97b988035,679271,246
2912501,2019-01-06T10:06:40.842Z,19010610,XBTUSD,Sell,2006,3795.5,ZeroMinusTick,d98fdaea-eb6b-763c-f222-e1b04435643e,681277,247
2912528,2019-01-06T10:06:52.583Z,19010610,XBTUSD,Buy,200,3796,ZeroPlusTick,1f85e79b-b754-8fed-c0a7-983744035ad3,681477,248
2912538,2019-01-06T10:06:52.583Z,19010610,XBTUSD,Buy,20000,3796,ZeroPlusTick,8a826af6-3592-bede-6a52-eec648e544f5,701477,249
2912543,2019-01-06T10:06:52.583Z,19010610,XBTUSD,Buy,371,3796,ZeroPlusTick,84417c8e-d0a6-7c33-fe12-3c2e3191a7d3,701848,250
2912557,2019-01-06T10:06:52.583Z,19010610,XBTUSD,Buy,109,3796,ZeroPlusTick,2498005b-117d-e485-19e5-d95d299088d9,701957,251
2912565,2019-01-06T10:06:52.583Z,19010610,XBTUSD,Buy,4000,3796,ZeroPlusTick,28282db8-a79d-925b-37f9-c7167c16477b,705957,252
2912641,2019-01-06T10:07:14.627Z,19010610,XBTUSD,Sell,10000,3795.5,MinusTick,77ad5352-53dc-097e-94bb-21f0c352a154,715957,253
2912642,2019-01-06T10:07:14.723Z,19010610,XBTUSD,Buy,35,3796,PlusTick,449cbd87-2694-1883-cbda-6a91200a6d8e,715992,254
2912769,2019-01-06T10:08:38.036Z,19010610,XBTUSD,Sell,920,3795.5,ZeroMinusTick,fd72e951-6348-37ff-85d0-c3cb719bf2d2,716912,255
2912798,2019-01-06T10:08:50.033Z,19010610,XBTUSD,Buy,30000,3796,PlusTick,28295bba-4902-730c-1eb8-4b3400bec9a9,746912,256
2912809,2019-01-06T10:08:54.087Z,19010610,XBTUSD,Sell,240,3795.5,MinusTick,84f5445d-25e3-840b-fe5c-c12dc3c1a85a,747152,257
2912269,2019-01-06T10:05:30.606Z,19010610,XBTUSD,Buy,1300,3796,ZeroPlusTick,27e225be-fb90-cad5-8d2e-1cbbe24115f7,748452,258
2912272,2019-01-06T10:05:33.519Z,19010610,XBTUSD,Sell,1700,3795.5,MinusTick,f61f3052-e665-1d01-a7c4-42f32c3ab2e6,750152,259
2912275,2019-01-06T10:05:33.682Z,19010610,XBTUSD,Sell,1000,3795.5,MinusTick,deaef868-3a72-5c95-27be-f23d8f3583dc,751152,260
2912380,2019-01-06T10:06:15.936Z,19010610,XBTUSD,Sell,2000,3795.5,ZeroMinusTick,ee28031f-7ff3-9eb8-eddc-4caaf01a5001,753152,261
2912419,2019-01-06T10:06:30.895Z,19010610,XBTUSD,Sell,1000,3795.5,ZeroMinusTick,1ee85d6b-d1f7-27e3-10d7-8f5710d9cad9,754152,262
2912429,2019-01-06T10:06:30.895Z,19010610,XBTUSD,Sell,2696,3795.5,ZeroMinusTick,533f7ae5-5da6-914e-747c-ec4af1c91ea7,756848,263
2912438,2019-01-06T10:06:30.895Z,19010610,XBTUSD,Sell,21399,3795.5,ZeroMinusTick,ec46fcef-0ce0-2342-3a5f-bb57a9db0251,778247,264
2912450,2019-01-06T10:06:30.895Z,19010610,XBTUSD,Sell,4000,3795.5,ZeroMinusTick,f720e5cd-b1f9-88be-5d76-ed19a4afb05d,782247,265
2912463,2019-01-06T10:06:33.959Z,19010610,XBTUSD,Buy,10,3796,ZeroPlusTick,84fc4e75-e834-e046-db3d-0c54f844e760,782257,266
2912467,2019-01-06T10:06:34.553Z,19010610,XBTUSD,Sell,13002,3795.5,ZeroMinusTick,d0a86828-0dbb-5098-6d30-9b8f70237e6c,795259,267
2912479,2019-01-06T10:06:34.553Z,19010610,XBTUSD,Sell,3000,3795.5,ZeroMinusTick,708b1e63-e15c-7ca5-9cb2-c5d7429226ad,798259,268
2912502,2019-01-06T10:06:40.842Z,19010610,XBTUSD,Sell,2006,3795.5,ZeroMinusTick,d946cb3a-7188-7570-c59c-271109016f38,800265,269
2912511,2019-01-06T10:06:44.779Z,19010610,XBTUSD,Sell,20,3795.5,ZeroMinusTick,29af587e-7406-bb66-5cec-f8998506abe0,800285,270
2912517,2019-01-06T10:06:50.525Z,19010610,XBTUSD,Sell,4000,3795.5,ZeroMinusTick,41703295-f3da-41bd-c4fc-d28362d1e49b,804285,271
2912520,2019-01-06T10:06:52.583Z,19010610,XBTUSD,Buy,1337,3796,PlusTick,11ad7d85-96d6-0f26-6842-7457706b0c34,805622,272
2912530,2019-01-06T10:06:52.583Z,19010610,XBTUSD,Buy,1587,3796,ZeroPlusTick,a2ff2b1c-be37-57bf-96a5-927a2fd2d1d1,807209,273
2912540,2019-01-06T10:06:52.583Z,19010610,XBTUSD,Buy,61,3796,ZeroPlusTick,d16a807c-ea9d-879c-7672-9a693f347648,807270,274
2912548,2019-01-06T10:06:52.583Z,19010610,XBTUSD,Buy,11,3796,ZeroPlusTick,38837ef7-9d82-5681-1ae3-e2f7ff37a714,807281,275
2912555,2019-01-06T10:06:52.583Z,19010610,XBTUSD,Buy,55000,3796,ZeroPlusTick,539bc46b-676a-79e3-d994-6b9909f7349d,862281,276
2912651,2019-01-06T10:07:22.856Z,19010610,XBTUSD,Buy,39,3796,PlusTick,0dd1f189-ebf3-9280-dab4-b2291e638982,862320,277
2912726,2019-01-06T10:08:06.028Z,19010610,XBTUSD,Buy,5000,3796,PlusTick,338b28ed-45b0-8834-cb19-9091dac1b2d1,867320,278
2912338,2019-01-06T10:06:03.242Z,19010610,XBTUSD,Buy,400,3796,PlusTick,939e4af5-fdc9-dcb4-9d78-9a788ad6307d,867720,279
2912360,2019-01-06T10:06:08.340Z,19010610,XBTUSD,Sell,35,3795.5,ZeroMinusTick,b216b971-f3fc-c538-2b84-f458e9541adc,867755,280
2912418,2019-01-06T10:06:30.895Z,19010610,XBTUSD,Sell,30,3795.5,ZeroMinusTick,7bf633b4-dac8-9a11-d2a3-d13dcad4a7f4,867785,281
2912426,2019-01-06T10:06:30.895Z,19010610,XBTUSD,Sell,328,3795.5,ZeroMinusTick,250253d6-45d3-8507-26e4-745ee6e9d201,868113,282
2912442,2019-01-06T10:06:30.895Z,19010610,XBTUSD,Sell,100,3795.5,ZeroMinusTick,f9cdaf43-fe8c-4b70-f2bb-f164590e3136,868213,283
2912448,2019-01-06T10:06:30.895Z,19010610,XBTUSD,Sell,4900,3795.5,ZeroMinusTick,d64c5772-6d8a-26e2-2a25-1562253f2f8a,873113,284
2912472,2019-01-06T10:06:34.553Z,19010610,XBTUSD,Sell,550,3795.5,ZeroMinusTick,3cf559e2-372c-55f6-8b1e-8b589599f80b,873663,285
2912475,2019-01-06T10:06:34.553Z,19010610,XBTUSD,Sell,50,3795.5,ZeroMinusTick,7d0d43ae-eb8e-af72-24ef-14dc80bae5c4,873713,286
2912495,2019-01-06T10:06:36.912Z,19010610,XBTUSD,Sell,709,3795.5,ZeroMinusTick,db42d5bc-7fcc-ae53-0cb4-e39ceac34f38,874422,287
2912500,2019-01-06T10:06:40.842Z,19010610,XBTUSD,Sell,2006,3795.5,ZeroMinusTick,df409c74-8c5a-f0b2-91a5-37a62e7c7f81,876428,288
2912515,2019-01-06T10:06:48.118Z,19010610,XBTUSD,Sell,40000,3795.5,ZeroMinusTick,b5a351db-34e8-848b-36f5-dbf4a6a486ec,916428,289
2912524,2019-01-06T10:06:52.583Z,19010610,XBTUSD,Buy,10,3796,ZeroPlusTick,55f19013-a2e7-928b-e8f0-eb691ef81ef0,916438,290
2912533,2019-01-06T10:06:52.583Z,19010610,XBTUSD,Buy,100,3796,ZeroPlusTick,16ac8c4e-6dfa-7423-533f-e3f6b8c01a07,916538,291
2912550,2019-01-06T10:06:52.583Z,19010610,XBTUSD,Buy,100,3796,ZeroPlusTick,23562e33-71ba-ad4b-f840-d476b550a427,916638,292
2912561,2019-01-06T10:06:52.583Z,19010610,XBTUSD,Buy,177,3796,ZeroPlusTick,809df283-8e56-cc7f-a20b-1a756606c1ef,916815,293
2912638,2019-01-06T10:07:13.941Z,19010610,XBTUSD,Buy,85080,3796,PlusTick,138bed6f-f1db-6a88-82c7-9dd2082158ff,1001895,294
2912648,2019-01-06T10:07:19.732Z,19010610,XBTUSD,Sell,3900,3795.5,MinusTick,b3893c03-5b27-c828-4254-db3b6f6bd4d3,1005795,295
2912755,2019-01-06T10:08:25.636Z,19010610,XBTUSD,Sell,1420,3795.5,ZeroMinusTick,3f033e3d-4e51-7d60-44bd-d10594d32729,1007215,296
2912342,2019-01-06T10:06:03.899Z,19010610,XBTUSD,Sell,13597,3795.5,ZeroMinusTick,b73bf59a-22c2-8e99-0607-a732320b1e0d,1020812,297
2912361,2019-01-06T10:06:09.355Z,19010610,XBTUSD,Sell,10000,3795.5,ZeroMinusTick,6b058874-31fb-be92-cce6-aa51bd2c8171,1030812,298
2912362,2019-01-06T10:06:11.962Z,19010610,XBTUSD,Sell,222,3795.5,ZeroMinusTick,5a1f7da5-f075-3237-9c83-dc2024e95f59,1031034,299
2912397,2019-01-06T10:06:22.423Z,19010610,XBTUSD,Sell,12000,3795.5,ZeroMinusTick,a0cdc652-1218-5db9-1aaa-d685bc4a56ad,1043034,300
2912402,2019-01-06T10:06:29.116Z,19010610,XBTUSD,Sell,442,3795.5,ZeroMinusTick,3ff0a879-5a5c-83dc-1cba-5b661deab7a7,1043476,301
2912422,2019-01-06T10:06:30.895Z,19010610,XBTUSD,Sell,5000,3795.5,ZeroMinusTick,63b64807-2546-647f-a83b-1f84c4a793e8,1048476,302
2912425,2019-01-06T10:06:30.895Z,19010610,XBTUSD,Sell,29,3795.5,ZeroMinusTick,3fa75e72-2c7e-5708-afa3-339c57239fc5,1048505,303
2912439,2019-01-06T10:06:30.895Z,19010610,XBTUSD,Sell,2000,3795.5,ZeroMinusTick,f7f44f8b-8453-19c1-8874-d69170b1b39d,1050505,304
2912449,2019-01-06T10:06:30.895Z,19010610,XBTUSD,Sell,100,3795.5,ZeroMinusTick,c5e39b54-e71c-8631-bf70-b0dfa07d1fdb,1050605,305
2912473,2019-01-06T10:06:34.553Z,19010610,XBTUSD,Sell,166,3795.5,ZeroMinusTick,f3c4ab9a-1e28-e3a6-78f3-5a7a84f00e2d,1050771,306
2912483,2019-01-06T10:06:34.553Z,19010610,XBTUSD,Sell,10,3795.5,ZeroMinusTick,69d05298-bf0d-44f7-eebe-d00026c2cce0,1050781,307
2912505,2019-01-06T10:06:43.229Z,19010610,XBTUSD,Buy,10000,3796,PlusTick,058461a7-39b3-cbbd-12bc-ae66d9e26e68,1060781,308
2912506,2019-01-06T10:06:44.048Z,19010610,XBTUSD,Sell,1327,3795.5,MinusTick,e839af53-eaa6-7026-0735-25f308aadb9f,1062108,309
2912513,2019-01-06T10:06:44.779Z,19010610,XBTUSD,Sell,385,3795.5,ZeroMinusTick,86f7e812-4539-d8cd-8c07-42f87bb32f67,1062493,310
2912527,2019-01-06T10:06:52.583Z,19010610,XBTUSD,Buy,1,3796,ZeroPlusTick,f8e0968f-1823-32ba-4ac5-81cfc3ecf114,1062494,311
2912537,2019-01-06T10:06:52.583Z,19010610,XBTUSD,Buy,100,3796,ZeroPlusTick,3a2bbb75-dd81-0fd5-ef0e-90155b284050,1062594,312
2912545,2019-01-06T10:06:52.583Z,19010610,XBTUSD,Buy,500,3796,ZeroPlusTick,40961f2a-d5ab-5fdd-d419-b9537239c1e3,1063094,313
2912560,2019-01-06T10:06:52.583Z,19010610,XBTUSD,Buy,10000,3796,ZeroPlusTick,a15e8836-e6a0-b956-dd45-a4c0416f2f74,1073094,314
2912653,2019-01-06T10:07:26.543Z,19010610,XBTUSD,Sell,25000,3795.5,MinusTick,175eb3e7-55d8-38ef-67f2-ab209a25151d,1098094,315
2912673,2019-01-06T10:07:43.594Z,19010610,XBTUSD,Buy,371,3796,PlusTick,b59dbb9a-f500-bac3-e175-923e935c4b38,1098465,316
2912729,2019-01-06T10:08:08.969Z,19010610,XBTUSD,Buy,23000,3796,PlusTick,f9c6f91c-f67f-933a-8677-a3c60521e549,1121465,317
2912760,2019-01-06T10:08:31.946Z,19010610,XBTUSD,Sell,300,3795.5,ZeroMinusTick,21bc2e74-baf2-be95-cbe9-778c1ad447e1,1121765,318
2912417,2019-01-06T10:06:30.895Z,19010610,XBTUSD,Sell,2000,3795.5,ZeroMinusTick,1e31aa22-2895-71e0-fd99-e6b10776f1d5,1123765,319
2912430,2019-01-06T10:06:30.895Z,19010610,XBTUSD,Sell,14831,3795.5,ZeroMinusTick,7e239195-d7c2-be46-efb6-4d3833ba7d8f,1138596,320
2912437,2019-01-06T10:06:30.895Z,19010610,XBTUSD,Sell,32,3795.5,ZeroMinusTick,255d9861-717f-8cec-e5d2-79fc90a81023,1138628,321
2912465,2019-01-06T10:06:34.553Z,19010610,XBTUSD,Sell,1000,3795.5,ZeroMinusTick,aef23c90-64a1-efea-e709-631d846e2242,1139628,322
2912482,2019-01-06T10:06:34.553Z,19010610,XBTUSD,Sell,10,3795.5,ZeroMinusTick,a2a48137-32d6-f4d8-d7c8-635b04c8fda5,1139638,323
2912508,2019-01-06T10:06:44.048Z,19010610,XBTUSD,Sell,2923,3795.5,ZeroMinusTick,922d2454-aa3a-9fde-a4dd-adee5c2b89b2,1142561,324
2912510,2019-01-06T10:06:44.779Z,19010610,XBTUSD,Sell,50,3795.5,ZeroMinusTick,46babddf-1477-b971-69e1-173384479624,1142611,325
2912521,2019-01-06T10:06:52.583Z,19010610,XBTUSD,Buy,1587,3796,ZeroPlusTick,3d45414a-926e-0522-a48c-f0ed9ee9a0aa,1144198,326
2912539,2019-01-06T10:06:52.583Z,19010610,XBTUSD,Buy,600,3796,ZeroPlusTick,226d1b49-99a5-6eb6-c9b3-5bdc4b523bf8,1144798,327
2912546,2019-01-06T10:06:52.583Z,19010610,XBTUSD,Buy,100,3796,ZeroPlusTick,b8266329-4779-152a-d25a-f629efeea3ad,1144898,328
2912558,2019-01-06T10:06:52.583Z,19010610,XBTUSD,Buy,11,3796,ZeroPlusTick,bc81b8ed-581a-2d7b-226f-8e5bdc0dbab2,1144909,329
2912630,2019-01-06T10:07:10.005Z,19010610,XBTUSD,Sell,240,3795.5,MinusTick,8173d621-e697-db7e-997b-e94a889f2011,1145149,330
2912698,2019-01-06T10:07:59.529Z,19010610,XBTUSD,Buy,14000,3796,PlusTick,579a983d-de28-8708-c4a3-1e9279d01dd3,1159149,331
2912741,2019-01-06T10:08:17.888Z,19010610,XBTUSD,Sell,800,3795.5,MinusTick,564685d4-d2a2-ab4f-f160-0555085efedb,1159949,332
2912783,2019-01-06T10:08:43.279Z,19010610,XBTUSD,Buy,10000,3796,PlusTick,88d11270-ffd9-721c-3c13-fa09a0a696c7,1169949,333
2912904,2019-01-06T10:09:16.370Z,19010610,XBTUSD,Sell,2000,3795.5,MinusTick,6b6f9856-d334-1013-8a52-6902a295d217,1171949,334
2912621,2019-01-06T10:07:07.734Z,19010610,XBTUSD,Buy,35,3796,ZeroPlusTick,d33d81d5-7340-9128-eba6-e9ab237d73a9,1171984,335
2912766,2019-01-06T10:08:34.883Z,19010610,XBTUSD,Sell,240,3795.5,ZeroMinusTick,c97a8eb2-e061-4998-b9f7-aaeab11aa135,1172224,336
2912776,2019-01-06T10:08:39.695Z,19010610,XBTUSD,Buy,2000,3796,PlusTick,0acad0fe-91f0-26aa-cd0a-53b923b00613,1174224,337
2912777,2019-01-06T10:08:39.888Z,19010610,XBTUSD,Sell,240,3795.5,MinusTick,be69550d-2412-4450-4ba0-69336b9e5853,1174464,338
2912794,2019-01-06T10:08:48.608Z,19010610,XBTUSD,Sell,240,3795.5,MinusTick,4ca2ea2c-4fa2-ac36-437f-e245844389e8,1174704,339
2912795,2019-01-06T10:08:48.715Z,19010610,XBTUSD,Sell,5000,3795.5,ZeroMinusTick,9f3a0147-82cc-dbdd-b984-e056fb47061f,1179704,340
2912852,2019-01-06T10:09:05.583Z,19010610,XBTUSD,Sell,35,3795.5,ZeroMinusTick,062da3f1-ccd1-b508-1d64-8ceaaf7055f8,1179739,341
2912858,2019-01-06T10:09:06.702Z,19010610,XBTUSD,Sell,4000,3795.5,ZeroMinusTick,72955dcd-42e0-d214-ab49-fb1d0805b287,1183739,342
2912895,2019-01-06T10:09:12.883Z,19010610,XBTUSD,Sell,99,3795.5,ZeroMinusTick,64535900-f18d-7854-3758-6a252cc22028,1183838,343
2913014,2019-01-06T10:09:42.872Z,19010610,XBTUSD,Sell,20000,3795.5,ZeroMinusTick,cdc601ae-8d53-d674-aae0-eead12c88678,1203838,344
2912818,2019-01-06T10:09:00.517Z,19010610,XBTUSD,Sell,240,3795.5,ZeroMinusTick,35a0bb52-5992-8575-d03d-38323259435b,1204078,345
2913008,2019-01-06T10:09:42.872Z,19010610,XBTUSD,Sell,29,3795.5,ZeroMinusTick,4bc3e7bd-c0af-11ec-a3a1-18ce3545028d,1204107,346
2913020,2019-01-06T10:09:42.872Z,19010610,XBTUSD,Sell,109,3795.5,ZeroMinusTick,f4cc88fb-e5f8-5a23-da9d-cead7c346f3d,1204216,347
2913030,2019-01-06T10:09:42.872Z,19010610,XBTUSD,Sell,7802,3795.5,ZeroMinusTick,6622c4fc-dedc-4672-d2c2-4ccd498aa234,1212018,348
2913041,2019-01-06T10:09:42.872Z,19010610,XBTUSD,Sell,57,3795.5,ZeroMinusTick,ed29e8d7-7f26-043e-34cd-6f29d2628391,1212075,349
2913059,2019-01-06T10:09:45.613Z,19010610,XBTUSD,Buy,161,3796,PlusTick,af65a89a-b7db-6570-1dcf-ab4068e38af5,1212236,350
2913183,2019-01-06T10:10:12.411Z,19010610,XBTUSD,Buy,6000,3796,PlusTick,23cab56f-f4d8-7bf6-c4bb-7687d680707a,1218236,351
2913185,2019-01-06T10:10:13.048Z,19010610,XBTUSD,Buy,3000,3796,ZeroPlusTick,eb6370e5-9d8e-027a-819a-3fac7bb5aa5a,1221236,352
2912758,2019-01-06T10:08:29.586Z,19010610,XBTUSD,Buy,100,3796,PlusTick,71becaa4-f887-9fbc-ce81-2c2ab8097376,1221336,353
2912761,2019-01-06T10:08:31.946Z,19010610,XBTUSD,Sell,808,3795.5,ZeroMinusTick,56a45ba5-2119-6781-730d-8660d7acf53f,1222144,354
2912762,2019-01-06T10:08:32.063Z,19010610,XBTUSD,Sell,2200,3795.5,ZeroMinusTick,4551f68e-8266-4f29-f2aa-0cb2c7b339de,1224344,355
2912890,2019-01-06T10:09:11.885Z,19010610,XBTUSD,Sell,240,3795.5,ZeroMinusTick,1cfc6d2a-2371-f72a-2e32-3ea77361aa90,1224584,356
2912896,2019-01-06T10:09:13.360Z,19010610,XBTUSD,Buy,100000,3796,PlusTick,3d951a73-9d69-c540-0d18-bba1122f3caa,1324584,357
2912911,2019-01-06T10:09:21.881Z,19010610,XBTUSD,Buy,255,3796,ZeroPlusTick,31dacb1b-26bc-60a3-cd6b-0d12bdf17e13,1324839,358
2912926,2019-01-06T10:09:30.346Z,19010610,XBTUSD,Buy,10,3796,ZeroPlusTick,56b2cb23-8f79-fc62-ab47-8d6dd348ab76,1324849,359
2912927,2019-01-06T10:09:31.064Z,19010610,XBTUSD,Buy,252,3796,ZeroPlusTick,f460ed66-a723-b6eb-d1e8-b5471af134be,1325101,360
2913006,2019-01-06T10:09:42.872Z,19010610,XBTUSD,Sell,510,3795.5,ZeroMinusTick,eb9ecaa6-e72f-ad70-d64d-0be508e41261,1325611,361
2913015,2019-01-06T10:09:42.872Z,19010610,XBTUSD,Sell,20000,3795.5,ZeroMinusTick,54af1331-33f9-c814-1702-b721a235c8cf,1345611,362
2913025,2019-01-06T10:09:42.872Z,19010610,XBTUSD,Sell,2006,3795.5,ZeroMinusTick,395422ff-492d-8e42-f233-2abc1074c5f2,1347617,363
2913034,2019-01-06T10:09:42.872Z,19010610,XBTUSD,Sell,4802,3795.5,ZeroMinusTick,d6c55f99-149c-33af-9674-6fe2be9d5bb2,1352419,364
2913044,2019-01-06T10:09:42.872Z,19010610,XBTUSD,Sell,18,3795.5,ZeroMinusTick,0e9ca647-70b3-2f05-dcdd-b2b808aeeee3,1352437,365
2913204,2019-01-06T10:10:15.642Z,19010610,XBTUSD,Sell,367,3795.5,MinusTick,ebc4c6a7-c20f-f039-b62e-14223461e35a,1352804,366
2912909,2019-01-06T10:09:20.533Z,19010610,XBTUSD,Buy,198,3796,PlusTick,fc2a795b-1582-c6cb-5e70-cf271af5da36,1353002,367
2912930,2019-01-06T10:09:31.527Z,19010610,XBTUSD,Buy,500,3796,ZeroPlusTick,f8b09bcd-3453-b58c-db68-38fa4abd5770,1353502,368
2912932,2019-01-06T10:09:31.788Z,19010610,XBTUSD,Buy,10000,3796,ZeroPlusTick,c1ba18f2-ab3d-de13-bb3a-9f8e608d6cfa,1363502,369
2912933,2019-01-06T10:09:31.908Z,19010610,XBTUSD,Buy,100,3796,ZeroPlusTick,84860812-7730-d240-22d4-4ec0efa38ee4,1363602,370
2912947,2019-01-06T10:09:36.462Z,19010610,XBTUSD,Sell,2000,3795.5,MinusTick,9cbd0e8f-2a12-41e5-345d-5be83d5da5fe,1365602,371
2912958,2019-01-06T10:09:37.523Z,19010610,XBTUSD,Buy,151,3796,PlusTick,d0492d61-02f5-4b83-e530-9440db28c406,1365753,372
2913010,2019-01-06T10:09:42.872Z,19010610,XBTUSD,Sell,55000,3795.5,ZeroMinusTick,26cc0d64-de47-08b8-7261-b8335db3481e,1420753,373
2913017,2019-01-06T10:09:42.872Z,19010610,XBTUSD,Sell,11,3795.5,ZeroMinusTick,3b06729a-f436-e1a2-f6e5-68b5f72f8943,1420764,374
2913033,2019-01-06T10:09:42.872Z,19010610,XBTUSD,Sell,33,3795.5,ZeroMinusTick,4e16f62c-b07b-8919-20cd-8ea2f8fba59a,1420797,375
2913042,2019-01-06T10:09:42.872Z,19010610,XBTUSD,Sell,1000,3795.5,ZeroMinusTick,fc851a76-e4e1-bf62-0c14-f632cbc99a7e,1421797,376
2913224,2019-01-06T10:10:25.875Z,19010610,XBTUSD,Buy,10000,3796,ZeroPlusTick,c6cf8cc5-011f-6f1b-612f-f71fd45cc91b,1431797,377
2913238,2019-01-06T10:10:32.000Z,19010610,XBTUSD,Buy,3000,3796,ZeroPlusTick,eede706b-f4c1-9943-7a91-5c066507de81,1434797,378
2912914,2019-01-06T10:09:23.704Z,19010610,XBTUSD,Buy,408,3796,ZeroPlusTick,425b7ddf-11c5-da23-6054-7cd220d41529,1435205,379
2912915,2019-01-06T10:09:23.774Z,19010610,XBTUSD,Sell,240,3795.5,MinusTick,3905e54a-3070-8c0d-6f30-ac78809b3046,1435445,380
2912917,2019-01-06T10:09:26.621Z,19010610,XBTUSD,Buy,252,3796,PlusTick,8fe7c410-a68e-7a93-7937-7f26fe92488d,1435697,381
2912918,2019-01-06T10:09:26.945Z,19010610,XBTUSD,Buy,404,3796,ZeroPlusTick,83bcc937-3901-d16c-972b-315186e97b1a,1436101,382
2912934,2019-01-06T10:09:32.598Z,19010610,XBTUSD,Buy,411,3796,ZeroPlusTick,bc16317e-5096-4769-3edf-4e65a8e061a8,1436512,383
2913011,2019-01-06T10:09:42.872Z,19010610,XBTUSD,Sell,37000,3795.5,ZeroMinusTick,d395b508-33b5-5273-16bb-8b71a4ac1003,1473512,384
2913022,2019-01-06T10:09:42.872Z,19010610,XBTUSD,Sell,1700,3795.5,ZeroMinusTick,0c253fbb-971a-444c-5da3-84f15d82297a,1475212,385
2913032,2019-01-06T10:09:42.872Z,19010610,XBTUSD,Sell,500,3795.5,ZeroMinusTick,56e65e78-878b-c0a0-73c3-a63242acc480,1475712,386
2913037,2019-01-06T10:09:42.872Z,19010610,XBTUSD,Sell,500,3795.5,ZeroMinusTick,46130cb6-7454-58d6-8b21-c9d0a2945a2b,1476212,387
2913187,2019-01-06T10:10:13.993Z,19010610,XBTUSD,Sell,2,3795.5,MinusTick,2d473a35-ac96-33be-4c31-f1d0225923ae,1476214,388
2913218,2019-01-06T10:10:23.539Z,19010610,XBTUSD,Buy,1500,3796,ZeroPlusTick,4ae5b321-62ec-efcf-99e9-09ccbc16fc34,1477714,389
2913274,2019-01-06T10:10:44.879Z,19010610,XBTUSD,Buy,1000,3796,PlusTick,6216979d-1df6-ec03-35dd-b2b428e2383f,1478714,390
2913007,2019-01-06T10:09:42.872Z,19010610,XBTUSD,Sell,100,3795.5,ZeroMinusTick,e0879671-a1f4-482d-a19d-9b52808b1e2b,1478814,391
2913024,2019-01-06T10:09:42.872Z,19010610,XBTUSD,Sell,100,3795.5,ZeroMinusTick,dd9956d5-868b-bdfa-2268-dc9ff2fcadde,1478914,392
2913036,2019-01-06T10:09:42.872Z,19010610,XBTUSD,Sell,77,3795.5,ZeroMinusTick,d73a5aa2-6e5f-ec77-89f6-614b059b6fbe,1478991,393
2913046,2019-01-06T10:09:42.872Z,19010610,XBTUSD,Sell,35505,3795.5,ZeroMinusTick,4fedce6a-9cc9-25e5-ede9-6c086f1f8fb5,1514496,394
2913361,2019-01-06T10:11:10.503Z,19010610,XBTUSD,Buy,8000,3796,ZeroPlusTick,21024d03-d2b7-e2e8-35de-8ea60c219cb3,1522496,395
2913455,2019-01-06T10:11:40.677Z,19010610,XBTUSD,Buy,4000,3796,ZeroPlusTick,4897aa97-e3f9-e064-7c52-6eb562f30583,1526496,396
2913009,2019-01-06T10:09:42.872Z,19010610,XBTUSD,Sell,252,3795.5,ZeroMinusTick,f54a146a-927d-bf11-363e-2ef35d57e0a7,1526748,397
2913016,2019-01-06T10:09:42.872Z,19010610,XBTUSD,Sell,1587,3795.5,ZeroMinusTick,330f0ccc-abc0-21e6-9cfb-a366aa7dac4a,1528335,398
2913026,2019-01-06T10:09:42.872Z,19010610,XBTUSD,Sell,100,3795.5,ZeroMinusTick,44b3f1cc-20bd-cb27-3c0b-dff5b21ee95e,1528435,399
2913035,2019-01-06T10:09:42.872Z,19010610,XBTUSD,Sell,500,3795.5,ZeroMinusTick,655f0ed7-e398-5a79-23f3-3adfedb63e73,1528935,400
2913045,2019-01-06T10:09:42.872Z,19010610,XBTUSD,Sell,1000,3795.5,ZeroMinusTick,6fcfcdc4-7c5c-a888-b907-ecfb3719e260,1529935,401
2913062,2019-01-06T10:09:46.221Z,19010610,XBTUSD,Buy,57,3796,ZeroPlusTick,c80570d7-9bb2-72b9-0634-49a9ee168de7,1529992,402
2913063,2019-01-06T10:09:46.486Z,19010610,XBTUSD,Buy,1090,3796,ZeroPlusTick,9ddbdd50-92c3-6e8f-f145-bbe107f79b16,1531082,403
2913188,2019-01-06T10:10:14.788Z,19010610,XBTUSD,Buy,35,3796,PlusTick,a254db9a-efc7-3db8-eeeb-5f384905e5f6,1531117,404
2913272,2019-01-06T10:10:43.246Z,19010610,XBTUSD,Sell,310,3795.5,MinusTick,7c5fa96b-c9ea-306f-096f-6bd74c699bc9,1531427,405
2913302,2019-01-06T10:10:52.330Z,19010610,XBTUSD,Sell,4000,3795.5,MinusTick,e32b852c-52cc-ce19-ad51-9b8e2e0c21bc,1535427,406
2912920,2019-01-06T10:09:28.667Z,19010610,XBTUSD,Buy,255,3796,ZeroPlusTick,219e6c43-06a7-8974-4e01-390240ea1e3b,1535682,407
2912923,2019-01-06T10:09:29.675Z,19010610,XBTUSD,Buy,100,3796,ZeroPlusTick,a6118488-420f-9a90-79d5-2c3c00d09ebf,1535782,408
2912999,2019-01-06T10:09:41.686Z,19010610,XBTUSD,Sell,100,3795.5,MinusTick,fc0f4994-6922-015c-347b-0fa0b3c10d4a,1535882,409
2913013,2019-01-06T10:09:42.872Z,19010610,XBTUSD,Sell,7500,3795.5,ZeroMinusTick,31c2b6be-a959-7710-2670-641c80884eee,1543382,410
2913019,2019-01-06T10:09:42.872Z,19010610,XBTUSD,Sell,125,3795.5,ZeroMinusTick,3e8d8b06-061e-e526-ab2c-9ec7afbfbed5,1543507,411
2913027,2019-01-06T10:09:42.872Z,19010610,XBTUSD,Sell,101,3795.5,ZeroMinusTick,b6464388-4ee5-05c9-cb0f-ea8f6bb05f18,1543608,412
2913038,2019-01-06T10:09:42.872Z,19010610,XBTUSD,Sell,100,3795.5,ZeroMinusTick,d6c7b1dd-b21f-0d96-83ca-6358a4234045,1543708,413
2913067,2019-01-06T10:09:47.506Z,19010610,XBTUSD,Buy,100,3796,ZeroPlusTick,4ce4e16d-ee3d-8d0a-14ad-d1e1429fac34,1543808,414
2913069,2019-01-06T10:09:47.656Z,19010610,XBTUSD,Buy,166,3796,ZeroPlusTick,d7a215d4-09d5-bce3-8935-be9f536b65e5,1543974,415
2913172,2019-01-06T10:10:09.485Z,19010610,XBTUSD,Sell,5,3795.5,MinusTick,671d23c2-2d9d-bf52-2374-dacd1b08173d,1543979,416
2913216,2019-01-06T10:10:21.365Z,19010610,XBTUSD,Buy,1200,3796,ZeroPlusTick,c5ae3d1e-71a3-8cbe-5029-7af8e4f586f5,1545179,417
2913217,2019-01-06T10:10:21.737Z,19010610,XBTUSD,Buy,34,3796,ZeroPlusTick,55f03670-3865-deb7-8233-5a896dc0a25d,1545213,418
2913012,2019-01-06T10:09:42.872Z,19010610,XBTUSD,Sell,3000,3795.5,ZeroMinusTick,a2fe9d81-0a0e-1f7b-1065-d438dbf868d4,1548213,419
2913021,2019-01-06T10:09:42.872Z,19010610,XBTUSD,Sell,1,3795.5,ZeroMinusTick,1b7a9204-da98-8a22-a981-2ecdcbe4591b,1548214,420
2913031,2019-01-06T10:09:42.872Z,19010610,XBTUSD,Sell,100,3795.5,ZeroMinusTick,5262412a-9b4b-5a02-711d-c0ae142e13ae,1548314,421
2913040,2019-01-06T10:09:42.872Z,19010610,XBTUSD,Sell,1587,3795.5,ZeroMinusTick,643c5009-7972-462d-66ec-f7f650e3d854,1549901,422
2913275,2019-01-06T10:10:46.848Z,19010610,XBTUSD,Buy,1000,3796,ZeroPlusTick,29d5c323-45da-078e-1b4e-0b456306a1d1,1550901,423
2913277,2019-01-06T10:10:47.084Z,19010610,XBTUSD,Buy,524,3796,ZeroPlusTick,488dedfa-8c1c-5a8e-8e5a-76903728b3f0,1551425,424
2913425,2019-01-06T10:11:24.515Z,19010610,XBTUSD,Buy,5000,3796,ZeroPlusTick,64dff678-5860-6751-db68-7b97e6c05e7f,1556425,425
2913005,2019-01-06T10:09:42.872Z,19010610,XBTUSD,Sell,2522,3795.5,ZeroMinusTick,47733523-30a9-2b4c-a91e-7f8148f90eb8,1558947,426
2913023,2019-01-06T10:09:42.872Z,19010610,XBTUSD,Sell,10,3795.5,ZeroMinusTick,ee570eb3-2eb2-a795-865a-80b6d01eeb2e,1558957,427
2913029,2019-01-06T10:09:42.872Z,19010610,XBTUSD,Sell,1587,3795.5,ZeroMinusTick,79a09f2c-2952-4233-e30e-3e3f81cf58ed,1560544,428
2913039,2019-01-06T10:09:42.872Z,19010610,XBTUSD,Sell,41,3795.5,ZeroMinusTick,df321c99-7ae9-8cb3-1860-cabaa0d722a2,1560585,429
2913334,2019-01-06T10:11:03.415Z,19010610,XBTUSD,Buy,1100,3796,ZeroPlusTick,f84f6d92-fdcd-86b3-06a3-8f5473ceec83,1561685,430
2913018,2019-01-06T10:09:42.872Z,19010610,XBTUSD,Sell,28,3795.5,ZeroMinusTick,59c68629-fc5e-0f8e-3acd-93cb36186d7f,1561713,431
2913028,2019-01-06T10:09:42.872Z,19010610,XBTUSD,Sell,10000,3795.5,ZeroMinusTick,c66726c0-54c2-553d-c0ce-41645f5142d1,1571713,432
2913043,2019-01-06T10:09:42.872Z,19010610,XBTUSD,Sell,3000,3795.5,ZeroMinusTick,f196e9a9-bc48-fb07-354c-ccd58a622c75,1574713,433
2913369,2019-01-06T10:11:12.588Z,19010610,XBTUSD,Buy,3000,3796,ZeroPlusTick,ea3da8d7-f068-3b01-017c-da2a22231c34,1577713,434
2913525,2019-01-06T10:11:56.176Z,19010610,XBTUSD,Buy,441,3796,ZeroPlusTick,c1f562a4-e6c6-93a1-5f4f-055251fe32cf,1578154,435
2913209,2019-01-06T10:10:17.782Z,19010610,XBTUSD,Buy,30000,3796,PlusTick,aa37d49f-5206-c9f7-ea74-990bdc86885d,1608154,436
2913257,2019-01-06T10:10:38.081Z,19010610,XBTUSD,Buy,1000,3796,ZeroPlusTick,6e5e367d-7fd6-ec1c-9fdb-6ee399566e38,1609154,437
2913499,2019-01-06T10:11:49.955Z,19010610,XBTUSD,Buy,10,3796,ZeroPlusTick,099eb81e-0703-2f5e-9807-9b2255f0b496,1609164,438
2913602,2019-01-06T10:12:09.548Z,19010610,XBTUSD,Buy,150,3796,ZeroPlusTick,0737e8ff-2927-979e-ed81-4a8cd172d083,1609314,439
2913306,2019-01-06T10:10:53.048Z,19010610,XBTUSD,Buy,4000,3796,PlusTick,ab0bf1b0-b26f-f3a1-d496-7b80ed38ce3d,1613314,440
2913494,2019-01-06T10:11:46.441Z,19010610,XBTUSD,Buy,15,3796,ZeroPlusTick,7b97dd46-27fc-ce91-ca9f-77d561700ed0,1613329,441
2913495,2019-01-06T10:11:47.028Z,19010610,XBTUSD,Buy,5000,3796,ZeroPlusTick,7c5772f4-b768-9ee4-37db-b22ef2a7f9c7,1618329,442
2913517,2019-01-06T10:11:55.599Z,19010610,XBTUSD,Buy,5000,3796,ZeroPlusTick,1035c372-840d-a327-d35f-9832a6a7b456,1623329,443
2913659,2019-01-06T10:12:38.071Z,19010610,XBTUSD,Buy,1479,3796,ZeroPlusTick,f6a2420e-0d45-b61d-d24e-b19797205bd8,1624808,444
2913605,2019-01-06T10:12:10.418Z,19010610,XBTUSD,Sell,39,3795.5,MinusTick,606226ca-f405-198e-45af-49ca32a51958,1624847,445
2913612,2019-01-06T10:12:12.605Z,19010610,XBTUSD,Buy,1479,3796,ZeroPlusTick,a812d642-d1e5-5ad8-6ffc-9d82ce7b705c,1626326,446
2913714,2019-01-06T10:12:49.876Z,19010610,XBTUSD,Sell,810,3795.5,MinusTick,6b860834-e381-e828-dbcd-82641c5a6570,1627136,447
2913997,2019-01-06T10:13:44.110Z,19010610,XBTUSD,Sell,372,3795.5,ZeroMinusTick,e9ae1733-a289-5ce6-aa7e-8d58ed36c723,1627508,448
2913559,2019-01-06T10:12:05.156Z,19010610,XBTUSD,Buy,150,3796,ZeroPlusTick,e079cf0f-f399-1c64-69af-67d818b1b7ea,1627658,449
2913600,2019-01-06T10:12:08.648Z,19010610,XBTUSD,Buy,1479,3796,ZeroPlusTick,93fc852a-6263-98b1-ff1f-546ffcd4a24d,1629137,450
2913686,2019-01-06T10:12:48.359Z,19010610,XBTUSD,Buy,200,3796,ZeroPlusTick,112b49c6-5935-cd8b-a40d-ef16e729e426,1629337,451
2913783,2019-01-06T10:12:59.527Z,19010610,XBTUSD,Buy,1479,3796,ZeroPlusTick,953505be-9282-5e16-57c8-bf770c89f599,1630816,452
2913847,2019-01-06T10:13:10.157Z,19010610,XBTUSD,Buy,1500,3796,ZeroPlusTick,7594f6c9-1d8f-ebae-d6cf-50602e9e7ce3,1632316,453
2913855,2019-01-06T10:13:12.279Z,19010610,XBTUSD,Buy,1480,3796,ZeroPlusTick,d1377fd0-7198-776f-a498-6c1d1eb52d10,1633796,454
2913620,2019-01-06T10:12:14.558Z,19010610,XBTUSD,Buy,1479,3796,PlusTick,161b0461-1ebc-dd54-d004-5f55ab94d6a3,1635275,455
2913634,2019-01-06T10:12:24.750Z,19010610,XBTUSD,Buy,100,3796,ZeroPlusTick,1d1a7fdd-f51e-c9a0-bcb1-637f40fb4e4a,1635375,456
2913655,2019-01-06T10:12:37.676Z,19010610,XBTUSD,Buy,1010,3796,ZeroPlusTick,9aebb626-35c3-9e8c-45bf-a4a22dd99644,1636385,457
2913667,2019-01-06T10:12:40.316Z,19010610,XBTUSD,Buy,1479,3796,ZeroPlusTick,d8f5a506-781e-34c7-0699-13f83e7e29e0,1637864,458
2913729,2019-01-06T10:12:57.019Z,19010610,XBTUSD,Sell,15000,3795.5,ZeroMinusTick,589e241e-29bd-8324-4d7e-bcba04bab46b,1652864,459
2913533,2019-01-06T10:12:00.004Z,19010610,XBTUSD,Sell,1000,3795.5,MinusTick,57dd4d41-9329-b53e-bb6c-13addb272ad0,1653864,460
2913608,2019-01-06T10:12:10.658Z,19010610,XBTUSD,Buy,1479,3796,PlusTick,5c04ace2-7ac2-5b23-5223-31300aab0b68,1655343,461
2913531,2019-01-06T10:11:59.071Z,19010610,XBTUSD,Buy,500,3796,PlusTick,02aeaf8e-1d2e-a139-db86-86831a137872,1655843,462
2913537,2019-01-06T10:12:00.942Z,19010610,XBTUSD,Buy,8409,3796,PlusTick,c0ef8721-c68c-3cc0-b963-85ab7ae6fd95,1664252,463
2913538,2019-01-06T10:12:01.208Z,19010610,XBTUSD,Buy,150,3796,ZeroPlusTick,15119717-8d43-2ff7-c1ae-95dfdd748c0f,1664402,464
2913622,2019-01-06T10:12:16.624Z,19010610,XBTUSD,Sell,39,3795.5,MinusTick,ed7f9764-f8d9-91bf-a210-375b7eba9fc5,1664441,465
2913632,2019-01-06T10:12:23.768Z,19010610,XBTUSD,Buy,50000,3796,PlusTick,e7c495d8-00dd-bcd7-1446-48b6f39a3abd,1714441,466
2914022,2019-01-06T10:13:50.295Z,19010610,XBTUSD,Buy,225,3796,ZeroPlusTick,ac6e49e2-43b8-a113-5505-af1c2c1bda3e,1714666,467
2913530,2019-01-06T10:11:57.088Z,19010610,XBTUSD,Sell,144,3795.5,MinusTick,06eecf99-9920-31f4-3047-dc0ef467fc61,1714810,468
2913540,2019-01-06T10:12:04.712Z,19010610,XBTUSD,Buy,5000,3796,ZeroPlusTick,2866a552-a0f7-4013-0e3e-df13637c53a1,1719810,469
2913603,2019-01-06T10:12:09.568Z,19010610,XBTUSD,Sell,3000,3795.5,MinusTick,aa6ef653-403f-7714-6562-2c84ef6e9701,1722810,470
2913616,2019-01-06T10:12:13.690Z,19010610,XBTUSD,Sell,311,3795.5,MinusTick,0453af20-e44d-8404-0dc6-942c7487408b,1723121,471
2913604,2019-01-06T10:12:09.672Z,19010610,XBTUSD,Buy,2000,3796,PlusTick,3ff5ab1f-eefe-f46c-bb01-f10175f24f99,1725121,472
2914016,2019-01-06T10:13:48.702Z,19010610,XBTUSD,Buy,5,3796,PlusTick,b5a26d1d-c598-b592-40c8-d60cf53d88f6,1725126,473
2914104,2019-01-06T10:14:05.446Z,19010610,XBTUSD,Buy,3,3796,ZeroPlusTick,fdcaa9b5-8bc7-2cb5-3095-8575cef5c069,1725129,474
2914125,2019-01-06T10:14:14.898Z,19010610,XBTUSD,Sell,500,3795.5,ZeroMinusTick,88883211-04f6-fc5f-bf1e-0f2842194c14,1725629,475
2914218,2019-01-06T10:14:42.866Z,19010610,XBTUSD,Buy,50,3796,PlusTick,1a2c01f3-b806-bb4a-9d75-c75fe8b0c762,1725679,476
2913772,2019-01-06T10:12:58.482Z,19010610,XBTUSD,Sell,2000,3795.5,ZeroMinusTick,cd9e1526-4df2-43d9-adf1-f6e19c167488,1727679,477
2913773,2019-01-06T10:12:58.765Z,19010610,XBTUSD,Buy,1300,3796,PlusTick,9f9fbe5c-1693-9825-b726-a91f964b8621,1728979,478
2913899,2019-01-06T10:13:19.220Z,19010610,XBTUSD,Sell,2000,3795.5,MinusTick,6c857ee1-747b-a288-e570-a5a97807c0b1,1730979,479
2914033,2019-01-06T10:13:52.448Z,19010610,XBTUSD,Sell,1000,3795.5,MinusTick,8af4d542-2d2d-e598-3aaf-a0ab88aadfba,1731979,480
2914076,2019-01-06T10:14:01.407Z,19010610,XBTUSD,Buy,2500,3796,PlusTick,1fd19f81-47f9-62af-9f89-505827c0bf9b,1734479,481
2914133,2019-01-06T10:14:18.657Z,19010610,XBTUSD,Sell,1119,3795.5,ZeroMinusTick,337bc914-1c74-5c0d-9612-7646c4f2ef4d,1735598,482
2914219,2019-01-06T10:14:43.223Z,19010610,XBTUSD,Sell,2100,3795.5,MinusTick,487f3e32-9bb9-dfbf-6585-ce3e8a80ba0e,1737698,483
2914107,2019-01-06T10:14:07.959Z,19010610,XBTUSD,Buy,1000,3796,PlusTick,b0395aec-1c31-3a16-9810-1e43fdccd873,1738698,484
2914200,2019-01-06T10:14:39.217Z,19010610,XBTUSD,Sell,220,3795.5,MinusTick,3a4ae829-262b-5018-43f4-7410c9b24b0d,1738918,485
2914246,2019-01-06T10:14:54.063Z,19010610,XBTUSD,Sell,3795,3795.5,MinusTick,50f27def-f09d-f5ef-8d3d-95c271f57926,1742713,486
2913873,2019-01-06T10:13:13.461Z,19010610,XBTUSD,Buy,500,3796,ZeroPlusTick,9d707024-3739-8ffc-1e0a-341b176dccf6,1743213,487
2913939,2019-01-06T10:13:28.807Z,19010610,XBTUSD,Sell,425,3795.5,ZeroMinusTick,19376ccb-d036-4d97-2210-55d1ae653601,1743638,488
2914079,2019-01-06T10:14:02.940Z,19010610,XBTUSD,Buy,8000,3796,ZeroPlusTick,3b69a171-6a21-6a80-078a-938b5d15bb37,1751638,489
2914251,2019-01-06T10:14:55.442Z,19010610,XBTUSD,Sell,1000,3795.5,ZeroMinusTick,3019a7a0-002d-c53c-eb16-6d17cc77fd0d,1752638,490
2914265,2019-01-06T10:14:59.223Z,19010610,XBTUSD,Sell,120,3795.5,ZeroMinusTick,70babf88-b8f5-01be-b44c-8ccbbd739aa7,1752758,491
2913977,2019-01-06T10:13:38.084Z,19010610,XBTUSD,Sell,400,3795.5,ZeroMinusTick,f1e2112b-ed12-1b57-65f6-5e02c2a2b109,1753158,492
2914123,2019-01-06T10:14:13.702Z,19010610,XBTUSD,Sell,34,3795.5,MinusTick,5e03e84d-f3fd-bd81-dcce-77b27f12fe6b,1753192,493
2914430,2019-01-06T10:15:51.806Z,19010610,XBTUSD,Sell,100,3795.5,MinusTick,c5e2df63-35c0-8b91-d8cc-591a4a489b30,1753292,494
2914432,2019-01-06T10:15:52.144Z,19010610,XBTUSD,Buy,200,3796,PlusTick,9520b5ec-b006-cc27-f33f-3398c66f5e33,1753492,495
2914017,2019-01-06T10:13:48.734Z,19010610,XBTUSD,Buy,140,3796,ZeroPlusTick,e47e07ac-3940-a9d7-aaca-5be5c3e2fabb,1753632,496
2914237,2019-01-06T10:14:51.875Z,19010610,XBTUSD,Buy,225,3796,PlusTick,f80a35cc-c46d-6f9b-43e8-b8a3150526fe,1753857,497
2914320,2019-01-06T10:15:18.345Z,19010610,XBTUSD,Buy,210,3796,PlusTick,9c88d3ae-ae8e-6bc8-e54f-81c6c0bcf76b,1754067,498
2914359,2019-01-06T10:15:27.254Z,19010610,XBTUSD,Buy,225,3796,ZeroPlusTick,ff62389b-cbdd-2793-a0ec-8ea2eaee40df,1754292,499
2914029,2019-01-06T10:13:51.480Z,19010610,XBTUSD,Buy,3,3796,ZeroPlusTick,cbb66129-4bc2-dfd5-a46b-ce3f9db02384,1754295,500
2914149,2019-01-06T10:14:30.366Z,19010610,XBTUSD,Buy,10,3796,ZeroPlusTick,52b1be39-610c-62b4-0495-c43ca6ac2592,1754305,501
2914330,2019-01-06T10:15:21.418Z,19010610,XBTUSD,Buy,2,3796,ZeroPlusTick,b5c0f3a1-ddf2-777d-fd87-2ac1c4ef0021,1754307,502
2914175,2019-01-06T10:14:32.478Z,19010610,XBTUSD,Buy,500,3796,ZeroPlusTick,d3728077-b0cb-1a80-89e6-136ec1b80e1e,1754807,503
2914177,2019-01-06T10:14:32.986Z,19010610,XBTUSD,Sell,241,3795.5,MinusTick,37d66be6-dc07-9c3d-96d7-f7860865106e,1755048,504
2914405,2019-01-06T10:15:46.025Z,19010610,XBTUSD,Buy,2000,3796,ZeroPlusTick,babc61dd-9efb-c2c9-3509-735daca3fb75,1757048,505
2914427,2019-01-06T10:15:50.492Z,19010610,XBTUSD,Buy,10000,3796,ZeroPlusTick,89e03f32-79be-ae86-7bd9-b639c0cc9f57,1767048,506
2914558,2019-01-06T10:16:12.273Z,19010610,XBTUSD,Buy,1665,3796,PlusTick,eb4da21c-5bd0-d704-d613-56fc1af000e2,1768713,507
2914590,2019-01-06T10:16:14.033Z,19010610,XBTUSD,Sell,6000,3795.5,MinusTick,762b72fe-401a-02fb-f0bf-5aa335a2822d,1774713,508
2914602,2019-01-06T10:16:14.405Z,19010610,XBTUSD,Sell,9321,3795.5,MinusTick,8d380c1c-7677-ed75-68a8-07be4f316423,1784034,509
2914613,2019-01-06T10:16:14.405Z,19010610,XBTUSD,Sell,3300,3795.5,ZeroMinusTick,747998f0-69bd-a35e-2b08-93087683ae69,1787334,510
2914137,2019-01-06T10:14:24.133Z,19010610,XBTUSD,Buy,3,3796,PlusTick,75d03bdc-5a34-18c8-6131-130eb102abe6,1787337,511
2914180,2019-01-06T10:14:34.720Z,19010610,XBTUSD,Buy,225,3796,PlusTick,ea729d95-e525-f3d6-2095-102e6864d15d,1787562,512
2914310,2019-01-06T10:15:09.348Z,19010610,XBTUSD,Sell,100,3795.5,MinusTick,d6ae46ce-9a32-7375-251c-875076f7a039,1787662,513
2914315,2019-01-06T10:15:14.535Z,19010610,XBTUSD,Sell,372,3795.5,ZeroMinusTick,da4418a1-8d64-e000-f90c-c0b66e3f3ef5,1788034,514
2914106,2019-01-06T10:14:06.677Z,19010610,XBTUSD,Sell,34,3795.5,MinusTick,ff5049b8-050a-6720-cf95-34a2706d9bd9,1788068,515
2914119,2019-01-06T10:14:08.702Z,19010610,XBTUSD,Buy,30,3796,ZeroPlusTick,c00ecae5-d71d-bb65-3d21-536b42196eee,1788098,516
2914537,2019-01-06T10:16:09.454Z,19010610,XBTUSD,Sell,719,3795.5,ZeroMinusTick,3ce542f8-8520-9534-86c6-28edceb611e3,1788817,517
2914605,2019-01-06T10:16:14.405Z,19010610,XBTUSD,Sell,502,3795.5,ZeroMinusTick,ef8be70f-6445-4d01-af2d-8ee1bf33f963,1789319,518
2914616,2019-01-06T10:16:14.405Z,19010610,XBTUSD,Sell,8853,3795.5,ZeroMinusTick,77cc624a-bd89-411b-38f1-9fe754d7967f,1798172,519
2914631,2019-01-06T10:16:15.915Z,19010610,XBTUSD,Sell,1587,3795.5,ZeroMinusTick,ec30ba23-9e06-4c53-d052-53fed1c2072f,1799759,520
2914283,2019-01-06T10:15:03.536Z,19010610,XBTUSD,Buy,225,3796,PlusTick,6195deab-2168-a166-57b9-fc08c9d141a9,1799984,521
2914440,2019-01-06T10:15:52.837Z,19010610,XBTUSD,Sell,1000,3795.5,MinusTick,0023a66c-f80b-a87b-1d97-3275592a4377,1800984,522
2914457,2019-01-06T10:15:56.214Z,19010610,XBTUSD,Sell,7,3795.5,ZeroMinusTick,e13ae320-28fd-5979-ab1c-0ee8f8fc3152,1800991,523
2914604,2019-01-06T10:16:14.405Z,19010610,XBTUSD,Sell,2065,3795.5,ZeroMinusTick,8d989b46-8672-ea54-c697-ce9b54b164f7,1803056,524
2914612,2019-01-06T10:16:14.405Z,19010610,XBTUSD,Sell,21000,3795.5,ZeroMinusTick,bf6132b6-9aec-9e39-f826-95e87c3e9d55,1824056,525
2914635,2019-01-06T10:16:15.915Z,19010610,XBTUSD,Sell,5000,3795.5,ZeroMinusTick,3c63a1b5-be73-6772-a13a-b4421a785ddc,1829056,526
2914647,2019-01-06T10:16:15.915Z,19010610,XBTUSD,Sell,200,3795.5,ZeroMinusTick,98d8f57d-ce7b-5eaa-dd3f-9b071185aeae,1829256,527
2914657,2019-01-06T10:16:15.915Z,19010610,XBTUSD,Sell,3000,3795.5,ZeroMinusTick,424e85f4-a6aa-665e-5ecd-c5a13e100d5f,1832256,528
2914669,2019-01-06T10:16:15.915Z,19010610,XBTUSD,Sell,1000,3795.5,ZeroMinusTick,4f626b0d-067a-4f1e-e0e0-f9e583a73974,1833256,529
2914714,2019-01-06T10:16:20.576Z,19010610,XBTUSD,Sell,42,3795.5,ZeroMinusTick,8b947d4f-b48b-d43b-0c09-cbf61f42028b,1833298,530
2914717,2019-01-06T10:16:22.450Z,19010610,XBTUSD,Sell,400,3795.5,ZeroMinusTick,8e70dda9-c815-e74d-6a9d-91431b336b72,1833698,531
2914730,2019-01-06T10:16:22.450Z,19010610,XBTUSD,Sell,5000,3795.5,ZeroMinusTick,4ef92efc-9a61-febc-99e0-6ff29e20234a,1838698,532
2914809,2019-01-06T10:16:23.879Z,19010610,XBTUSD,Sell,57,3795.5,ZeroMinusTick,287a5612-1d1d-ba0d-9d28-a24b0fa7302d,1838755,533
2914389,2019-01-06T10:15:37.104Z,19010610,XBTUSD,Buy,1000,3796,ZeroPlusTick,d2b87905-7d4e-c9a4-d3e7-87a97e3953d5,1839755,534
2914406,2019-01-06T10:15:47.453Z,19010610,XBTUSD,Buy,500,3796,ZeroPlusTick,1fa21378-0f39-1c0c-371b-38fbdc9acc90,1840255,535
2914434,2019-01-06T10:15:52.440Z,19010610,XBTUSD,Buy,7000,3796,ZeroPlusTick,e2391271-ce17-8382-46d4-837769805afe,1847255,536
2914495,2019-01-06T10:16:03.273Z,19010610,XBTUSD,Sell,780,3795.5,ZeroMinusTick,2b460650-0ee7-3d6a-a51b-29100601bfec,1848035,537
2914572,2019-01-06T10:16:13.091Z,19010610,XBTUSD,Buy,39,3796,ZeroPlusTick,370e86c2-ff86-07b9-97ed-9a4143ae8af0,1848074,538
2914607,2019-01-06T10:16:14.405Z,19010610,XBTUSD,Sell,17441,3795.5,ZeroMinusTick,4051041f-bd0f-d129-61af-38c8a2588eb6,1865515,539
2914637,2019-01-06T10:16:15.915Z,19010610,XBTUSD,Sell,10,3795.5,ZeroMinusTick,4b0e5ebb-b00d-3d29-ed6a-b7a3d23b522d,1865525,540
2914641,2019-01-06T10:16:15.915Z,19010610,XBTUSD,Sell,619,3795.5,ZeroMinusTick,eb0c9e7a-ec85-82b9-4c65-7d7b8894ea5e,1866144,541
2914658,2019-01-06T10:16:15.915Z,19010610,XBTUSD,Sell,1000,3795.5,ZeroMinusTick,c83f96a7-f6a2-2452-6442-4d4f0244eb04,1867144,542
2914668,2019-01-06T10:16:15.915Z,19010610,XBTUSD,Sell,1000,3795.5,ZeroMinusTick,514fbf6c-fb1a-4c8f-3926-84c3398ff9c1,1868144,543
2914701,2019-01-06T10:16:17.737Z,19010610,XBTUSD,Sell,30000,3795.5,ZeroMinusTick,fcbf87d7-e800-5dcd-3bed-b904af44ba73,1898144,544
2914725,2019-01-06T10:16:22.450Z,19010610,XBTUSD,Sell,40000,3795.5,ZeroMinusTick,ae01a11e-5b45-fb6c-e68e-3af4ec9e4309,1938144,545
2914727,2019-01-06T10:16:22.450Z,19010610,XBTUSD,Sell,625,3795.5,ZeroMinusTick,f6a09df9-20bd-8127-3506-b85082a2c1b1,1938769,546
2914813,2019-01-06T10:16:23.879Z,19010610,XBTUSD,Sell,15,3795.5,ZeroMinusTick,19135831-e4fc-4b15-7e64-9907d520c439,1938784,547
2914824,2019-01-06T10:16:23.879Z,19010610,XBTUSD,Sell,923,3795.5,ZeroMinusTick,7dcaefc5-018e-c1ce-eddd-d0cc104ff175,1939707,548
2914832,2019-01-06T10:16:23.879Z,19010610,XBTUSD,Sell,4000,3795.5,ZeroMinusTick,627a2804-a425-9875-ddbc-b0bd667d850f,1943707,549
2914854,2019-01-06T10:16:25.671Z,19010610,XBTUSD,Sell,55,3795.5,ZeroMinusTick,cd6ad976-a079-28ea-55df-72cdf729d8e7,1943762,550
2914856,2019-01-06T10:16:25.924Z,19010610,XBTUSD,Buy,39,3796,PlusTick,bb635aaf-7074-ee1a-641e-894e3bf76255,1943801,551
2914859,2019-01-06T10:16:26.580Z,19010610,XBTUSD,Sell,619,3795.5,ZeroMinusTick,ec8b169e-6d5e-f43c-7e76-41994f950b8e,1944420,552
2914603,2019-01-06T10:16:14.405Z,19010610,XBTUSD,Sell,10000,3795.5,ZeroMinusTick,f130362f-db3e-1dd1-e193-862f93cdec53,1954420,553
2914609,2019-01-06T10:16:14.405Z,19010610,XBTUSD,Sell,50000,3795.5,ZeroMinusTick,3a2be85c-816d-a0d1-2f8a-082fc3268840,2004420,554
2914634,2019-01-06T10:16:15.915Z,19010610,XBTUSD,Sell,221,3795.5,ZeroMinusTick,d4b5d26c-16e8-0b43-d0bc-e6ecbe2027b0,2004641,555
2914643,2019-01-06T10:16:15.915Z,19010610,XBTUSD,Sell,619,3795.5,ZeroMinusTick,7e753f5b-475c-9d6b-7560-dea6e83bc28d,2005260,556
2914654,2019-01-06T10:16:15.915Z,19010610,XBTUSD,Sell,1000,3795.5,ZeroMinusTick,93f63589-b34a-0fa5-a98d-8d70548ff1d6,2006260,557
2914665,2019-01-06T10:16:15.915Z,19010610,XBTUSD,Sell,625,3795.5,ZeroMinusTick,9a7aa638-da73-42fe-ccf1-06899177e322,2006885,558
2914700,2019-01-06T10:16:17.268Z,19010610,XBTUSD,Sell,6000,3795.5,ZeroMinusTick,de1b3f64-1998-4bc5-7765-4f54f668b273,2012885,559
2914715,2019-01-06T10:16:21.457Z,19010610,XBTUSD,Sell,15000,3795.5,ZeroMinusTick,3cadd9bc-b1b4-5108-e40c-c163e190da7e,2027885,560
2914723,2019-01-06T10:16:22.450Z,19010610,XBTUSD,Sell,300,3795.5,ZeroMinusTick,30fc793c-ed05-8f5c-54ed-c488e0239a8c,2028185,561
2914732,2019-01-06T10:16:22.450Z,19010610,XBTUSD,Sell,22,3795.5,ZeroMinusTick,8cfa78ba-47c7-9f6f-00f5-67a1bbc63662,2028207,562
2914814,2019-01-06T10:16:23.879Z,19010610,XBTUSD,Sell,3000,3795.5,ZeroMinusTick,2a9cadf5-2452-8a34-24ae-30b7cf595340,2031207,563
2914827,2019-01-06T10:16:23.879Z,19010610,XBTUSD,Sell,50,3795.5,ZeroMinusTick,3fef5937-eb1b-b52b-263d-76dc8b870de5,2031257,564
2914831,2019-01-06T10:16:23.879Z,19010610,XBTUSD,Sell,50,3795.5,ZeroMinusTick,94ce83d9-ed49-0e22-cd20-71525e628f73,2031307,565
2914868,2019-01-06T10:16:28.096Z,19010610,XBTUSD,Sell,198,3795.5,ZeroMinusTick,ce6e6c2f-a530-5e7a-ff6f-4e2b0cc705e8,2031505,566
2914899,2019-01-06T10:16:33.181Z,19010610,XBTUSD,Sell,231,3795.5,ZeroMinusTick,07c4b0b7-a16f-0795-271e-7d77d93456a6,2031736,567
2914923,2019-01-06T10:16:37.187Z,19010610,XBTUSD,Sell,14,3795.5,ZeroMinusTick,3bdf7217-6afb-7d12-6fca-7ff2bde184f0,2031750,568
2914940,2019-01-06T10:16:40.290Z,19010610,XBTUSD,Sell,2064,3795.5,ZeroMinusTick,c6d03928-3a86-dddf-7707-55380e042569,2033814,569
2914957,2019-01-06T10:16:42.441Z,19010610,XBTUSD,Sell,2000,3795,ZeroMinusTick,ac4135f2-bdce-a846-195b-890398860dab,2035814,570
2914998,2019-01-06T10:16:50.288Z,19010610,XBTUSD,Sell,3000,3795,ZeroMinusTick,26251542-0a3a-5a5a-54e9-31d430f210cb,2038814,571
2914999,2019-01-06T10:16:50.404Z,19010610,XBTUSD,Sell,1385,3795,ZeroMinusTick,aa80884e-d6ee-8b34-364a-50e9793673cf,2040199,572
2915009,2019-01-06T10:16:50.404Z,19010610,XBTUSD,Sell,300,3795,ZeroMinusTick,e092373c-2133-3502-a728-b5d93b6c7b1c,2040499,573
2915019,2019-01-06T10:16:50.404Z,19010610,XBTUSD,Sell,15,3795,ZeroMinusTick,b707c831-d77a-206f-4e2f-35b01d3e6c54,2040514,574
2915021,2019-01-06T10:16:50.404Z,19010610,XBTUSD,Sell,15,3795,ZeroMinusTick,eca30298-b1da-d6ef-55ea-8514a0b4d8c1,2040529,575
2915031,2019-01-06T10:16:50.404Z,19010610,XBTUSD,Sell,500,3795,ZeroMinusTick,ef102987-c4ca-aefb-e6f9-9c669033f563,2041029,576
2915059,2019-01-06T10:16:56.805Z,19010610,XBTUSD,Sell,61,3795,ZeroMinusTick,39227e09-b072-8724-6600-baf06023e470,2041090,577
2915075,2019-01-06T10:16:56.805Z,19010610,XBTUSD,Sell,619,3795,ZeroMinusTick,65eca908-df89-b120-9d50-7cfdee444cca,2041709,578
2914433,2019-01-06T10:15:52.440Z,19010610,XBTUSD,Buy,43716,3796,ZeroPlusTick,39c495b9-95fc-6611-74e2-86eb9fc1c603,2085425,579
2914534,2019-01-06T10:16:09.145Z,19010610,XBTUSD,Buy,1000,3796,PlusTick,558e2982-62db-98e3-b781-c42271cfc702,2086425,580
2914536,2019-01-06T10:16:09.454Z,19010610,XBTUSD,Sell,9281,3795.5,MinusTick,416cb147-5ec0-415b-1bef-1a26454f2474,2095706,581
2914544,2019-01-06T10:16:11.423Z,19010610,XBTUSD,Sell,10000,3795.5,ZeroMinusTick,a06a47e8-964b-5d57-29c0-2ca8925754eb,2105706,582
2914611,2019-01-06T10:16:14.405Z,19010610,XBTUSD,Sell,500,3795.5,ZeroMinusTick,295249c0-0105-56f8-e1ec-bda7af8d9ba8,2106206,583
2914629,2019-01-06T10:16:15.915Z,19010610,XBTUSD,Sell,12101,3795.5,ZeroMinusTick,9b086b0d-3631-1c08-3d27-0e1b94fe51fd,2118307,584
2914639,2019-01-06T10:16:15.915Z,19010610,XBTUSD,Sell,2064,3795.5,ZeroMinusTick,aef498e6-b148-2c8a-8460-20ee375511f9,2120371,585
2914649,2019-01-06T10:16:15.915Z,19010610,XBTUSD,Sell,400,3795.5,ZeroMinusTick,95c4d22e-e671-d7de-deb1-9870a8680c2c,2120771,586
2914653,2019-01-06T10:16:15.915Z,19010610,XBTUSD,Sell,600,3795.5,ZeroMinusTick,74f37c1e-10f8-5d8b-dd27-578a32274cfc,2121371,587
2914666,2019-01-06T10:16:15.915Z,19010610,XBTUSD,Sell,1000,3795.5,ZeroMinusTick,b945674c-a780-ed59-56f1-4e5d3512b857,2122371,588
2914698,2019-01-06T10:16:16.473Z,19010610,XBTUSD,Sell,513,3795.5,ZeroMinusTick,128f59e4-c3e6-3d35-3b96-d5a6d153655b,2122884,589
2914720,2019-01-06T10:16:22.450Z,19010610,XBTUSD,Sell,20,3795.5,ZeroMinusTick,cc7ef5c6-926c-9fef-73fc-7228c173ee3d,2122904,590
2914729,2019-01-06T10:16:22.450Z,19010610,XBTUSD,Sell,2000,3795.5,ZeroMinusTick,6e54763c-21ad-0060-8037-1b828d873ac3,2124904,591
2914734,2019-01-06T10:16:22.851Z,19010610,XBTUSD,Sell,8000,3795.5,ZeroMinusTick,9c87957a-f70b-f618-6f6c-0ce2f93f0085,2132904,592
2914435,2019-01-06T10:15:52.440Z,19010610,XBTUSD,Buy,16284,3796,ZeroPlusTick,1d115436-556a-ef17-437d-ad5f2494759b,2149188,593
2914610,2019-01-06T10:16:14.405Z,19010610,XBTUSD,Sell,1899,3795.5,ZeroMinusTick,e4945012-e5e9-37a7-74de-e38f7d7c6e12,2151087,594
2914632,2019-01-06T10:16:15.915Z,19010610,XBTUSD,Sell,510,3795.5,ZeroMinusTick,0e1e56c9-e26d-cd0e-e12a-a8d37e0a4158,2151597,595
2914640,2019-01-06T10:16:15.915Z,19010610,XBTUSD,Sell,619,3795.5,ZeroMinusTick,b2c54c3e-078b-acd9-7c92-b02aefd4fafc,2152216,596
2914650,2019-01-06T10:16:15.915Z,19010610,XBTUSD,Sell,4,3795.5,ZeroMinusTick,5ad57010-de64-c9d6-f973-b631846fcf3c,2152220,597
2914660,2019-01-06T10:16:15.915Z,19010610,XBTUSD,Sell,30364,3795.5,ZeroMinusTick,d654b5a7-b518-a5ab-dd4d-4795d9c9f28a,2182584,598
2914667,2019-01-06T10:16:15.915Z,19010610,XBTUSD,Sell,625,3795.5,ZeroMinusTick,d9701aaf-d09e-25a3-fe9f-f31cfe9eb3eb,2183209,599
2914712,2019-01-06T10:16:19.671Z,19010610,XBTUSD,Sell,10000,3795.5,ZeroMinusTick,f6324411-3161-8f5a-4fd3-649e61bd196a,2193209,600
2914719,2019-01-06T10:16:22.450Z,19010610,XBTUSD,Sell,1,3795.5,ZeroMinusTick,6918bb51-c192-b11c-04a9-b4828e1103ec,2193210,601
2914728,2019-01-06T10:16:22.450Z,19010610,XBTUSD,Sell,319,3795.5,ZeroMinusTick,5456b1a5-e21e-dee9-568a-85295bc77a5b,2193529,602
2914808,2019-01-06T10:16:23.879Z,19010610,XBTUSD,Sell,31502,3795.5,ZeroMinusTick,be9cde3a-211a-b66d-5d5b-db803d02b647,2225031,603
2914818,2019-01-06T10:16:23.879Z,19010610,XBTUSD,Sell,100,3795.5,ZeroMinusTick,de15322e-9cc5-821b-c16e-618296984d19,2225131,604
2914828,2019-01-06T10:16:23.879Z,19010610,XBTUSD,Sell,2330,3795.5,ZeroMinusTick,3b6eb1be-aab9-ce47-669f-10bfdee61186,2227461,605
2914882,2019-01-06T10:16:29.763Z,19010610,XBTUSD,Sell,1260,3795.5,ZeroMinusTick,63fa595f-6051-7448-c5f2-5d2de9d10414,2228721,606
2914896,2019-01-06T10:16:33.181Z,19010610,XBTUSD,Sell,510,3795.5,ZeroMinusTick,f503b669-2867-0349-962d-dddd355fd478,2229231,607
2914942,2019-01-06T10:16:40.290Z,19010610,XBTUSD,Sell,2064,3795.5,ZeroMinusTick,70364f31-9ac4-07e7-139b-afcdefdd194f,2231295,608
2914962,2019-01-06T10:16:42.441Z,19010610,XBTUSD,Sell,1283,3795,ZeroMinusTick,1c42a384-ed77-9846-385a-2abf70a20c30,2232578,609
2914997,2019-01-06T10:16:49.494Z,19010610,XBTUSD,Sell,1850,3795,ZeroMinusTick,a9e47b52-04cc-a42b-0d18-cb54194ae10f,2234428,610
2914614,2019-01-06T10:16:14.405Z,19010610,XBTUSD,Sell,23000,3795.5,ZeroMinusTick,1e5b343d-7bd1-f195-7631-5f3269f28c6d,2257428,611
2914638,2019-01-06T10:16:15.915Z,19010610,XBTUSD,Sell,50,3795.5,ZeroMinusTick,fe3afc12-cef3-eda2-9394-ea2de6e2e2d0,2257478,612
2914644,2019-01-06T10:16:15.915Z,19010610,XBTUSD,Sell,619,3795.5,ZeroMinusTick,fe42b3a2-d473-62bb-a63c-f956b077d525,2258097,613
2914656,2019-01-06T10:16:15.915Z,19010610,XBTUSD,Sell,2000,3795.5,ZeroMinusTick,80b91660-9cfc-5ce3-b2cb-ef3601994878,2260097,614
2914662,2019-01-06T10:16:15.915Z,19010610,XBTUSD,Sell,11745,3795.5,ZeroMinusTick,c1acafc6-b7c2-1246-a212-764d1b54ed4c,2271842,615
2914718,2019-01-06T10:16:22.450Z,19010610,XBTUSD,Sell,34,3795.5,ZeroMinusTick,ac850044-c9db-8b24-86c9-5f533dda94b6,2271876,616
2914811,2019-01-06T10:16:23.879Z,19010610,XBTUSD,Sell,20,3795.5,ZeroMinusTick,b7152d8b-44e7-9fa7-36e3-b97e64046f68,2271896,617
2914820,2019-01-06T10:16:23.879Z,19010610,XBTUSD,Sell,200,3795.5,ZeroMinusTick,573c59ff-43c7-b058-82a7-3bf05a1b3aea,2272096,618
2914852,2019-01-06T10:16:25.671Z,19010610,XBTUSD,Sell,26,3795.5,ZeroMinusTick,aefa489e-1701-2c9c-0ae6-55276c9ff649,2272122,619
2914857,2019-01-06T10:16:26.580Z,19010610,XBTUSD,Sell,564,3795.5,MinusTick,99988cef-f7c5-6f1f-1991-a8db2f64a3a9,2272686,620
2914895,2019-01-06T10:16:33.181Z,19010610,XBTUSD,Sell,619,3795.5,ZeroMinusTick,2d10678c-d75e-d6ea-a171-f9005ca29afa,2273305,621
2914939,2019-01-06T10:16:40.290Z,19010610,XBTUSD,Sell,2064,3795.5,ZeroMinusTick,fdf766a2-afdc-0078-cc14-9c935d84ad8e,2275369,622
2914953,2019-01-06T10:16:42.441Z,19010610,XBTUSD,Sell,28,3795,MinusTick,c758185c-583a-9bb4-e263-8677a612d7cb,2275397,623
2915005,2019-01-06T10:16:50.404Z,19010610,XBTUSD,Sell,100,3795,ZeroMinusTick,8627f940-0e35-7540-3b73-a4640233a0ab,2275497,624
2915016,2019-01-06T10:16:50.404Z,19010610,XBTUSD,Sell,510,3795,ZeroMinusTick,9d44407c-a46b-3646-188e-3d721015a052,2276007,625
2915024,2019-01-06T10:16:50.404Z,19010610,XBTUSD,Sell,4,3795,ZeroMinusTick,1a957407-51bc-f1b0-4328-0d27a91a25b8,2276011,626
2915037,2019-01-06T10:16:50.404Z,19010610,XBTUSD,Sell,1978,3795,ZeroMinusTick,31562d6c-998e-a3c3-7c7d-e02aea453c04,2277989,627
2915055,2019-01-06T10:16:56.294Z,19010610,XBTUSD,Sell,144,3795,ZeroMinusTick,9d535486-563c-c793-d775-65d8c2adc9e4,2278133,628
2915057,2019-01-06T10:16:56.805Z,19010610,XBTUSD,Sell,2770,3795,ZeroMinusTick,82329db5-c666-bfeb-bf4f-c987ea416d46,2280903,629
2915067,2019-01-06T10:16:56.805Z,19010610,XBTUSD,Sell,166,3795,ZeroMinusTick,a57e2d00-58f1-208e-489e-394bc9688d3a,2281069,630
2915077,2019-01-06T10:16:56.805Z,19010610,XBTUSD,Sell,619,3795,ZeroMinusTick,6b83822c-635b-a597-08c5-c81b99db933a,2281688,631
2915079,2019-01-06T10:16:56.805Z,19010610,XBTUSD,Sell,619,3795,ZeroMinusTick,0de5c1c7-0c50-f3a1-a98a-598dcca0dc64,2282307,632
2915089,2019-01-06T10:16:56.805Z,19010610,XBTUSD,Sell,26,3795,ZeroMinusTick,f238cd32-3b0a-fa72-1464-32e50fc15d62,2282333,633
2915116,2019-01-06T10:17:04.523Z,19010610,XBTUSD,Buy,2000,3795,PlusTick,1de08ede-1413-9e2a-ceab-59d89d098be4,2284333,634
2914600,2019-01-06T10:16:14.172Z,19010610,XBTUSD,Buy,3500,3796,PlusTick,bf856958-9d3e-996b-cca3-a063f2085219,2287833,635
2914608,2019-01-06T10:16:14.405Z,19010610,XBTUSD,Sell,619,3795.5,ZeroMinusTick,cb2e2f31-c839-4203-5acb-d191fe378f60,2288452,636
2914630,2019-01-06T10:16:15.915Z,19010610,XBTUSD,Sell,100,3795.5,ZeroMinusTick,06117b85-cc3b-587e-6d7c-649d7cc04915,2288552,637
2914642,2019-01-06T10:16:15.915Z,19010610,XBTUSD,Sell,619,3795.5,ZeroMinusTick,52b6a3d3-6b8e-65b3-83f5-cfdb0db219fd,2289171,638
2914652,2019-01-06T10:16:15.915Z,19010610,XBTUSD,Sell,5000,3795.5,ZeroMinusTick,3eccebb6-4006-53b5-19ac-3a76879f1384,2294171,639
2914664,2019-01-06T10:16:15.915Z,19010610,XBTUSD,Sell,5000,3795.5,ZeroMinusTick,aa2eb341-774f-020d-016c-e29a231c08ae,2299171,640
2914724,2019-01-06T10:16:22.450Z,19010610,XBTUSD,Sell,300,3795.5,ZeroMinusTick,2fb75098-8a22-20c8-70b9-0b6b7c9c6788,2299471,641
2914733,2019-01-06T10:16:22.450Z,19010610,XBTUSD,Sell,74425,3795.5,ZeroMinusTick,ba7f3203-b5fc-e9a6-a499-5e87a820b5c3,2373896,642
2914815,2019-01-06T10:16:23.879Z,19010610,XBTUSD,Sell,10,3795.5,ZeroMinusTick,84da6179-ea79-127d-2451-dab0bc54f76f,2373906,643
2914822,2019-01-06T10:16:23.879Z,19010610,XBTUSD,Sell,120,3795.5,ZeroMinusTick,f8d880ee-0ca2-bbdd-5727-3ca8b241b03d,2374026,644
2914830,2019-01-06T10:16:23.879Z,19010610,XBTUSD,Sell,1000,3795.5,ZeroMinusTick,d9306196-2aac-7d7f-8a56-19ef69f62b69,2375026,645
2914883,2019-01-06T10:16:29.763Z,19010610,XBTUSD,Sell,2062,3795.5,ZeroMinusTick,7d913b8f-b7de-7dfa-25cb-105ebbd6dd21,2377088,646
2914889,2019-01-06T10:16:32.068Z,19010610,XBTUSD,Sell,5000,3795.5,ZeroMinusTick,f0471a54-7734-6ca4-f202-bd5f092645f1,2382088,647
2914897,2019-01-06T10:16:33.181Z,19010610,XBTUSD,Sell,100,3795.5,ZeroMinusTick,154b1b4c-b64e-3cab-7f71-8a264e4732cf,2382188,648
2914924,2019-01-06T10:16:37.187Z,19010610,XBTUSD,Sell,5768,3795.5,ZeroMinusTick,a970ee6e-d0a8-4be7-f1bf-564cad0fbf31,2387956,649
2914927,2019-01-06T10:16:37.540Z,19010610,XBTUSD,Sell,1000,3795.5,ZeroMinusTick,9cffbfb2-c9b3-210e-046b-5ec0a1ba86ce,2388956,650
2914937,2019-01-06T10:16:40.290Z,19010610,XBTUSD,Sell,510,3795.5,ZeroMinusTick,518cf2d1-472a-546c-bac6-e224bc01ce7d,2389466,651
2914954,2019-01-06T10:16:42.441Z,19010610,XBTUSD,Sell,11,3795,ZeroMinusTick,4f539bce-cfa7-8f60-9121-337f67516312,2389477,652
2914606,2019-01-06T10:16:14.405Z,19010610,XBTUSD,Sell,1000,3795.5,ZeroMinusTick,3c725d90-f628-8abe-4030-0918409f2d57,2390477,653
2914615,2019-01-06T10:16:14.405Z,19010610,XBTUSD,Sell,500,3795.5,ZeroMinusTick,6584d6ca-2440-91cf-9d07-e424ae609bd6,2390977,654
2914636,2019-01-06T10:16:15.915Z,19010610,XBTUSD,Sell,25,3795.5,ZeroMinusTick,3ab4c5d7-1c4f-1bcc-4092-ca60ba49fdc5,2391002,655
2914648,2019-01-06T10:16:15.915Z,19010610,XBTUSD,Sell,10000,3795.5,ZeroMinusTick,da4ca889-acc4-7158-db92-002474fce4f5,2401002,656
2914651,2019-01-06T10:16:15.915Z,19010610,XBTUSD,Sell,10000,3795.5,ZeroMinusTick,1a11f27c-c192-8f81-02a7-22daeee407e1,2411002,657
2914661,2019-01-06T10:16:15.915Z,19010610,XBTUSD,Sell,10,3795.5,ZeroMinusTick,327f7771-10a3-30c8-ef77-b15b7901869c,2411012,658
2914722,2019-01-06T10:16:22.450Z,19010610,XBTUSD,Sell,300,3795.5,ZeroMinusTick,57ef22ed-a3c3-f37c-acf6-6f757b5303e1,2411312,659
2914731,2019-01-06T10:16:22.450Z,19010610,XBTUSD,Sell,1500,3795.5,ZeroMinusTick,10a31da1-f55d-b78e-5987-f1d39ebb5ace,2412812,660
2914810,2019-01-06T10:16:23.879Z,19010610,XBTUSD,Sell,20000,3795.5,ZeroMinusTick,d7595ab3-120b-6749-4d7a-6b701a494b75,2432812,661
2914826,2019-01-06T10:16:23.879Z,19010610,XBTUSD,Sell,1800,3795.5,ZeroMinusTick,3a4a662d-b812-aa09-e33d-56b0146eb9b8,2434612,662
2914833,2019-01-06T10:16:23.879Z,19010610,XBTUSD,Sell,27407,3795.5,ZeroMinusTick,bf478e98-21c8-ff7a-04a4-a53837900f51,2462019,663
2914860,2019-01-06T10:16:26.580Z,19010610,XBTUSD,Sell,1855,3795.5,ZeroMinusTick,3b63f6c8-724d-061d-e17a-d3b89501ea8e,2463874,664
2914902,2019-01-06T10:16:33.181Z,19010610,XBTUSD,Sell,11395,3795.5,ZeroMinusTick,cf0c7324-489e-6cd0-042a-db50b96465cf,2475269,665
2914903,2019-01-06T10:16:34.299Z,19010610,XBTUSD,Sell,300,3795.5,ZeroMinusTick,94ef4ee4-4061-1c10-cd25-46dcc6f8ccc1,2475569,666
2914921,2019-01-06T10:16:37.187Z,19010610,XBTUSD,Sell,18,3795.5,ZeroMinusTick,b578d1b4-964e-b5d9-07b4-3c81c5416b3c,2475587,667
2914934,2019-01-06T10:16:40.290Z,19010610,XBTUSD,Sell,3307,3795.5,ZeroMinusTick,b4e30430-7d60-8835-9a93-de8fa0564000,2478894,668
2914956,2019-01-06T10:16:42.441Z,19010610,XBTUSD,Sell,11,3795,ZeroMinusTick,c803abf4-e0f6-c0ea-0967-c4d29eecd036,2478905,669
2914963,2019-01-06T10:16:42.531Z,19010610,XBTUSD,Sell,50,3795,ZeroMinusTick,e2a563b2-73a8-5734-7f43-50ccf4ff56ea,2478955,670
2914964,2019-01-06T10:16:43.048Z,19010610,XBTUSD,Sell,3000,3795,ZeroMinusTick,3bada7c6-3662-0cb8-74a4-fbac3937c58a,2481955,671
2914974,2019-01-06T10:16:44.950Z,19010610,XBTUSD,Sell,335,3795,ZeroMinusTick,bfe58ec7-0546-7df4-aa7e-d6075b24b120,2482290,672
2915003,2019-01-06T10:16:50.404Z,19010610,XBTUSD,Sell,250,3795,ZeroMinusTick,70cf4d45-db8a-f504-697f-95fff3ace8a6,2482540,673
2915018,2019-01-06T10:16:50.404Z,19010610,XBTUSD,Sell,10,3795,ZeroMinusTick,d0314484-7c88-0c07-6e9c-89eedc1b2aea,2482550,674
2915029,2019-01-06T10:16:50.404Z,19010610,XBTUSD,Sell,15000,3795,ZeroMinusTick,5e195f2b-86a2-1e9c-d774-c500d379de78,2497550,675
2915035,2019-01-06T10:16:50.404Z,19010610,XBTUSD,Sell,3000,3795,ZeroMinusTick,ee8d6682-29a5-23f6-cbf9-e9edccbe692f,2500550,676
2915051,2019-01-06T10:16:54.232Z,19010610,XBTUSD,Sell,100,3795,ZeroMinusTick,9309f0d7-1a42-f81c-c1c6-88db77f41f9b,2500650,677
2915063,2019-01-06T10:16:56.805Z,19010610,XBTUSD,Sell,10000,3795,ZeroMinusTick,78bea379-c68c-5695-3056-e3e4aa3558e5,2510650,678
2915072,2019-01-06T10:16:56.805Z,19010610,XBTUSD,Sell,160,3795,ZeroMinusTick,ffc3e7b6-e81a-2517-550e-5ab5f4bff80e,2510810,679
2915080,2019-01-06T10:16:56.805Z,19010610,XBTUSD,Sell,619,3795,ZeroMinusTick,d52df86d-babc-9dd3-b6e2-6d59b5d01475,2511429,680
2915136,2019-01-06T10:17:08.312Z,19010610,XBTUSD,Buy,1000,3795,PlusTick,97ee7cb2-ade9-5461-9795-23905e494205,2512429,681
2914633,2019-01-06T10:16:15.915Z,19010610,XBTUSD,Sell,29,3795.5,ZeroMinusTick,27c70e3a-11e9-87e1-02b2-1e91a36c86e4,2512458,682
2914645,2019-01-06T10:16:15.915Z,19010610,XBTUSD,Sell,619,3795.5,ZeroMinusTick,a8976d85-5f75-0c1f-57d1-30c76c5533c4,2513077,683
2914659,2019-01-06T10:16:15.915Z,19010610,XBTUSD,Sell,400,3795.5,ZeroMinusTick,dcde1f61-6ddf-7d48-45dd-0e42ed40a220,2513477,684
2914663,2019-01-06T10:16:15.915Z,19010610,XBTUSD,Sell,1000,3795.5,ZeroMinusTick,8eafe708-79c7-24c2-079c-c9e5f9e2f4bc,2514477,685
2914721,2019-01-06T10:16:22.450Z,19010610,XBTUSD,Sell,300,3795.5,ZeroMinusTick,a6376f5d-abe7-76e5-b836-1ab221a91a2e,2514777,686
2914816,2019-01-06T10:16:23.879Z,19010610,XBTUSD,Sell,10,3795.5,ZeroMinusTick,09f91240-1560-8ba6-f608-27a3442bf138,2514787,687
2914825,2019-01-06T10:16:23.879Z,19010610,XBTUSD,Sell,1734,3795.5,ZeroMinusTick,f4516263-f769-ba25-b2bd-5a51ba103213,2516521,688
2914834,2019-01-06T10:16:23.879Z,19010610,XBTUSD,Sell,17173,3795.5,ZeroMinusTick,3c481bcf-5c22-cc4f-97f8-80ef9f028368,2533694,689
2914858,2019-01-06T10:16:26.580Z,19010610,XBTUSD,Sell,619,3795.5,ZeroMinusTick,8a50c3bf-a402-acb6-5fc1-b8186968840a,2534313,690
2914893,2019-01-06T10:16:33.181Z,19010610,XBTUSD,Sell,16530,3795.5,ZeroMinusTick,958f234a-50aa-7759-6f40-a1cb77ab8047,2550843,691
2914913,2019-01-06T10:16:35.334Z,19010610,XBTUSD,Sell,50,3795.5,ZeroMinusTick,23dfdc13-7358-e24e-3953-e6851bb0d577,2550893,692
2914928,2019-01-06T10:16:38.511Z,19010610,XBTUSD,Sell,4000,3795.5,ZeroMinusTick,61213942-242d-7c9c-6bfc-3714d52fd592,2554893,693
2914929,2019-01-06T10:16:38.848Z,19010610,XBTUSD,Sell,3000,3795.5,ZeroMinusTick,868a9bb0-2001-7d1d-0c40-e5cb0f4c8f81,2557893,694
2914932,2019-01-06T10:16:39.853Z,19010610,XBTUSD,Buy,225,3796,PlusTick,14ed5444-16bb-5b7c-fdbb-de5772203430,2558118,695
2914941,2019-01-06T10:16:40.290Z,19010610,XBTUSD,Sell,2064,3795.5,ZeroMinusTick,6d1af40f-2d11-6406-52b3-04e8577a3e6d,2560182,696
2914943,2019-01-06T10:16:40.290Z,19010610,XBTUSD,Sell,500,3795.5,ZeroMinusTick,47df48f5-246d-2647-9330-f318ea7dce13,2560682,697
2914960,2019-01-06T10:16:42.441Z,19010610,XBTUSD,Sell,330,3795,ZeroMinusTick,06733b5e-f4c4-313b-d763-410c48330db8,2561012,698
2914994,2019-01-06T10:16:49.322Z,19010610,XBTUSD,Sell,2000,3795,ZeroMinusTick,9f379bfa-12fe-8258-e660-b0faa8711d04,2563012,699
2915004,2019-01-06T10:16:50.404Z,19010610,XBTUSD,Sell,5000,3795,ZeroMinusTick,eea05485-e08d-9b4d-33c2-c94fe7c838f5,2568012,700
2915012,2019-01-06T10:16:50.404Z,19010610,XBTUSD,Sell,100,3795,ZeroMinusTick,a9a8c485-d216-8b99-f3bb-78753434d504,2568112,701
2915023,2019-01-06T10:16:50.404Z,19010610,XBTUSD,Sell,15,3795,ZeroMinusTick,f896eecb-1d23-0e88-8710-c720d51d5fae,2568127,702
2915034,2019-01-06T10:16:50.404Z,19010610,XBTUSD,Sell,100,3795,ZeroMinusTick,ab7e5da5-4b5c-2989-3a7c-19af79c7a02e,2568227,703
2915038,2019-01-06T10:16:51.528Z,19010610,XBTUSD,Sell,1022,3795,ZeroMinusTick,4ed085f5-d377-c5c3-265d-4ca6c9a09b63,2569249,704
2915043,2019-01-06T10:16:51.740Z,19010610,XBTUSD,Sell,20,3795,ZeroMinusTick,70d8c0a6-a451-26a5-b296-a67a0cda3f0b,2569269,705
2915061,2019-01-06T10:16:56.805Z,19010610,XBTUSD,Sell,500,3795,ZeroMinusTick,0c20a368-6a62-e8fb-edc5-2e0d17c3f8d5,2569769,706
2915069,2019-01-06T10:16:56.805Z,19010610,XBTUSD,Sell,50,3795,ZeroMinusTick,c5788282-bab7-7b02-4b67-127ee6fbc8d6,2569819,707
2914646,2019-01-06T10:16:15.915Z,19010610,XBTUSD,Sell,700,3795.5,ZeroMinusTick,3f734799-2655-cc3c-871f-230693dba756,2570519,708
2914655,2019-01-06T10:16:15.915Z,19010610,XBTUSD,Sell,625,3795.5,ZeroMinusTick,28e956f8-ddf3-85b4-19e3-a366ca10b02e,2571144,709
2914670,2019-01-06T10:16:15.915Z,19010610,XBTUSD,Sell,137291,3795.5,ZeroMinusTick,b3681b3d-f2d7-a381-61c4-53fe9f1f2b49,2708435,710
2914716,2019-01-06T10:16:22.450Z,19010610,XBTUSD,Sell,11154,3795.5,ZeroMinusTick,076deac7-cd04-19c0-02ac-064bf14dd391,2719589,711
2914726,2019-01-06T10:16:22.450Z,19010610,XBTUSD,Sell,300,3795.5,ZeroMinusTick,ff584006-56b5-7a95-5147-90f21ea161d1,2719889,712
2914817,2019-01-06T10:16:23.879Z,19010610,XBTUSD,Sell,16000,3795.5,ZeroMinusTick,b61fe246-c2b8-d152-55d1-b5af4edbf40f,2735889,713
2914821,2019-01-06T10:16:23.879Z,19010610,XBTUSD,Sell,128,3795.5,ZeroMinusTick,22564d39-233e-b654-9814-f93e9110ea13,2736017,714
2914835,2019-01-06T10:16:23.964Z,19010610,XBTUSD,Sell,33,3795.5,ZeroMinusTick,7aaa71b2-a1df-d709-2217-d85d0cc42503,2736050,715
2914840,2019-01-06T10:16:24.500Z,19010610,XBTUSD,Sell,1050,3795.5,ZeroMinusTick,c0d2c1f3-ad8c-4fdb-f27d-e7ec43ae7596,2737100,716
2914851,2019-01-06T10:16:25.671Z,19010610,XBTUSD,Sell,300,3795.5,ZeroMinusTick,be7de348-707b-9deb-8955-821cb7523b56,2737400,717
2914869,2019-01-06T10:16:28.096Z,19010610,XBTUSD,Sell,802,3795.5,ZeroMinusTick,829a7a12-4b0b-ecb6-e033-38d11a7927b7,2738202,718
2914900,2019-01-06T10:16:33.181Z,19010610,XBTUSD,Sell,502,3795.5,ZeroMinusTick,18e2addc-0346-c930-09f1-ed8e0adcba0a,2738704,719
2914935,2019-01-06T10:16:40.290Z,19010610,XBTUSD,Sell,29,3795.5,ZeroMinusTick,8afa686b-ea1e-cc8d-f0e9-42257dc30fb8,2738733,720
2914959,2019-01-06T10:16:42.441Z,19010610,XBTUSD,Sell,12,3795,ZeroMinusTick,5224b52f-b004-acdd-faa0-75c669ab08b3,2738745,721
2914976,2019-01-06T10:16:45.378Z,19010610,XBTUSD,Sell,1665,3795,ZeroMinusTick,2f1cd597-d4cd-3a37-fd51-709c98051749,2740410,722
2915000,2019-01-06T10:16:50.404Z,19010610,XBTUSD,Sell,100,3795,ZeroMinusTick,3230c749-96ca-a5a7-1c60-4bbc64e854c9,2740510,723
2915013,2019-01-06T10:16:50.404Z,19010610,XBTUSD,Sell,4600,3795,ZeroMinusTick,dfbba10d-06be-c329-7939-abd80140b125,2745110,724
2915028,2019-01-06T10:16:50.404Z,19010610,XBTUSD,Sell,250,3795,ZeroMinusTick,bda8f20d-467e-ebde-38c8-40a62e04ffad,2745360,725
2915032,2019-01-06T10:16:50.404Z,19010610,XBTUSD,Sell,3000,3795,ZeroMinusTick,a3c15f09-1923-5a80-ff02-334a54b35267,2748360,726
2915049,2019-01-06T10:16:53.123Z,19010610,XBTUSD,Sell,1986,3795,ZeroMinusTick,f6da15ca-4fe0-0bdd-d3ee-814b8b919a04,2750346,727
2915066,2019-01-06T10:16:56.805Z,19010610,XBTUSD,Sell,50,3795,ZeroMinusTick,3ff7ba56-349f-d575-283c-49553ae8694d,2750396,728
2915068,2019-01-06T10:16:56.805Z,19010610,XBTUSD,Sell,500,3795,ZeroMinusTick,49e0447e-9729-eb2a-ca86-9d118c669ba1,2750896,729
2915078,2019-01-06T10:16:56.805Z,19010610,XBTUSD,Sell,619,3795,ZeroMinusTick,edabf7c5-60c4-5943-38cd-2d1f6fa7733f,2751515,730
2915088,2019-01-06T10:16:56.805Z,19010610,XBTUSD,Sell,26,3795,ZeroMinusTick,109982d3-dd38-ca31-1a5d-2a83be435088,2751541,731
2915133,2019-01-06T10:17:05.818Z,19010610,XBTUSD,Sell,1000,3794.5,ZeroMinusTick,12dcf7f0-79ea-ece4-4198-b92cb69a04e9,2752541,732
2915134,2019-01-06T10:17:05.910Z,19010610,XBTUSD,Buy,200,3795,PlusTick,7c239812-bf1e-432e-6fdf-f8b32135d06a,2752741,733
2915138,2019-01-06T10:17:09.912Z,19010610,XBTUSD,Sell,2000,3794.5,MinusTick,b5c918bf-f187-045a-b698-709736a2b74f,2754741,734
2915158,2019-01-06T10:17:16.361Z,19010610,XBTUSD,Sell,200,3794.5,ZeroMinusTick,8c990c16-305b-b425-2cc9-44c3cbfe286c,2754941,735
2914812,2019-01-06T10:16:23.879Z,19010610,XBTUSD,Sell,10,3795.5,ZeroMinusTick,a8f5038d-b4b5-24c1-b843-4fc768ab5a9c,2754951,736
2914823,2019-01-06T10:16:23.879Z,19010610,XBTUSD,Sell,11,3795.5,ZeroMinusTick,6e3e17ac-6ba8-3ba8-95f4-4691d15a9c54,2754962,737
2914836,2019-01-06T10:16:23.987Z,19010610,XBTUSD,Sell,500,3795.5,ZeroMinusTick,176776b7-60c6-df0a-505a-f54c7c4f9f66,2755462,738
2914884,2019-01-06T10:16:29.763Z,19010610,XBTUSD,Sell,500,3795.5,ZeroMinusTick,3b74b568-6aaf-57d5-0ced-bfabed8baf59,2755962,739
2914894,2019-01-06T10:16:33.181Z,19010610,XBTUSD,Sell,77,3795.5,ZeroMinusTick,e2305ec6-b841-e364-ede6-01811c0a52b2,2756039,740
2914936,2019-01-06T10:16:40.290Z,19010610,XBTUSD,Sell,193,3795.5,ZeroMinusTick,50852b03-b1be-77e4-ed21-98a6709c3855,2756232,741
2914958,2019-01-06T10:16:42.441Z,19010610,XBTUSD,Sell,200,3795,ZeroMinusTick,85b8537a-872c-883c-de06-c9989be596dc,2756432,742
2915002,2019-01-06T10:16:50.404Z,19010610,XBTUSD,Sell,25,3795,ZeroMinusTick,3e12dc14-69d0-89a4-d2db-f597dd564d80,2756457,743
2915011,2019-01-06T10:16:50.404Z,19010610,XBTUSD,Sell,400,3795,ZeroMinusTick,28a258a7-62a5-8baf-29a7-698e3ca017dc,2756857,744
2915025,2019-01-06T10:16:50.404Z,19010610,XBTUSD,Sell,250,3795,ZeroMinusTick,df95346d-02d7-3472-c9e5-ee54ddff0af6,2757107,745
2915033,2019-01-06T10:16:50.404Z,19010610,XBTUSD,Sell,60,3795,ZeroMinusTick,12037daa-e112-8d77-286d-01b9af11d9b4,2757167,746
2915048,2019-01-06T10:16:53.123Z,19010610,XBTUSD,Sell,10,3795,ZeroMinusTick,3eeb82a1-2395-049a-8c6d-bfc6b6ac384b,2757177,747
2915062,2019-01-06T10:16:56.805Z,19010610,XBTUSD,Sell,300,3795,ZeroMinusTick,8c77274a-55d9-b2d2-6549-d6b441c9a002,2757477,748
2915070,2019-01-06T10:16:56.805Z,19010610,XBTUSD,Sell,7000,3795,ZeroMinusTick,3eb825df-8fcc-55cf-4a39-bd574f5b7ac1,2764477,749
2915087,2019-01-06T10:16:56.805Z,19010610,XBTUSD,Sell,100,3795,ZeroMinusTick,bcea3e15-b2c6-48b4-1804-837d130e6d90,2764577,750
2915106,2019-01-06T10:17:00.282Z,19010610,XBTUSD,Sell,500,3794.5,ZeroMinusTick,330f0e67-7ec0-4c41-8c9f-4ec29e58d3b6,2765077,751
2915107,2019-01-06T10:17:00.389Z,19010610,XBTUSD,Sell,10000,3794.5,ZeroMinusTick,7c54fb39-6557-5a01-c404-9f4e412dfaaf,2775077,752
2915110,2019-01-06T10:17:01.237Z,19010610,XBTUSD,Sell,1,3794.5,ZeroMinusTick,06fb93bd-4a29-8674-1268-e695f77c111d,2775078,753
2915113,2019-01-06T10:17:01.674Z,19010610,XBTUSD,Sell,10000,3794.5,ZeroMinusTick,a092592c-dd98-0a56-555b-1e038cf2d757,2785078,754
2915117,2019-01-06T10:17:05.157Z,19010610,XBTUSD,Sell,1000,3794.5,MinusTick,65c15bb7-3f3c-76f3-ce42-d4a2ec444a92,2786078,755
2915175,2019-01-06T10:17:26.519Z,19010610,XBTUSD,Buy,400,3795,ZeroPlusTick,74b9cd52-b0db-3884-eff9-ade906b18a72,2786478,756
2915214,2019-01-06T10:17:42.111Z,19010610,XBTUSD,Sell,30,3794.5,ZeroMinusTick,d05cef74-161e-54d9-5e84-6aa5a31912f3,2786508,757
2915227,2019-01-06T10:17:43.107Z,19010610,XBTUSD,Sell,84,3794.5,ZeroMinusTick,95b1772a-ff70-48d4-763a-7ca9e9a79bbb,2786592,758
2915233,2019-01-06T10:17:46.029Z,19010610,XBTUSD,Sell,880,3794.5,ZeroMinusTick,7eb4e2d6-3701-0b7f-c39c-bac4454ff497,2787472,759
2915238,2019-01-06T10:17:48.427Z,19010610,XBTUSD,Sell,462,3794.5,ZeroMinusTick,b46dea69-17ad-e531-517f-ac82da1eb174,2787934,760
2915245,2019-01-06T10:17:50.460Z,19010610,XBTUSD,Sell,2,3794.5,ZeroMinusTick,333cdbd3-26d7-7f90-68b0-992b97cb4443,2787936,761
2915257,2019-01-06T10:17:50.491Z,19010610,XBTUSD,Sell,1853,3794.5,ZeroMinusTick,4115c5c4-6f81-6090-86d2-5fa66c9168fe,2789789,762
2915288,2019-01-06T10:18:04.065Z,19010610,XBTUSD,Sell,100,3794.5,ZeroMinusTick,4259c04a-5508-14fa-14f1-5efc89d09fef,2789889,763
2915300,2019-01-06T10:18:04.065Z,19010610,XBTUSD,Sell,619,3794.5,ZeroMinusTick,2127e394-9d55-dbee-cfb9-cf7b33c2a4be,2790508,764
2915324,2019-01-06T10:18:05.688Z,19010610,XBTUSD,Sell,619,3794.5,ZeroMinusTick,41cf7c36-66c7-659c-cc6c-291484fe0aad,2791127,765
2915342,2019-01-06T10:18:05.741Z,19010610,XBTUSD,Sell,2064,3794.5,ZeroMinusTick,3833af59-6b79-c3b6-8141-92d8a9dffa5a,2793191,766
2915348,2019-01-06T10:18:05.741Z,19010610,XBTUSD,Sell,16,3794.5,ZeroMinusTick,561c78a3-b25f-32fb-689b-b883c81a2b14,2793207,767
2915363,2019-01-06T10:18:09.065Z,19010610,XBTUSD,Sell,280,3794.5,ZeroMinusTick,17e2097b-9012-20ba-196b-879ce9525d8c,2793487,768
2915376,2019-01-06T10:18:11.177Z,19010610,XBTUSD,Sell,619,3794.5,ZeroMinusTick,bca766e5-e4f9-5792-519d-1677f293938a,2794106,769
2915416,2019-01-06T10:18:26.199Z,19010610,XBTUSD,Sell,371,3794.5,ZeroMinusTick,8f15a07d-66df-79a9-cbb9-7ed9cbce4774,2794477,770
2915426,2019-01-06T10:18:26.199Z,19010610,XBTUSD,Sell,120,3794.5,ZeroMinusTick,68e2abc7-b36a-be4b-1f88-9061fe20ca2e,2794597,771
2914819,2019-01-06T10:16:23.879Z,19010610,XBTUSD,Sell,20,3795.5,ZeroMinusTick,4bd121fa-5813-ce35-fc54-977e107c49fa,2794617,772
2914829,2019-01-06T10:16:23.879Z,19010610,XBTUSD,Sell,2330,3795.5,ZeroMinusTick,2705c0f8-9985-6052-3a97-b255d1427a74,2796947,773
2914853,2019-01-06T10:16:25.671Z,19010610,XBTUSD,Sell,619,3795.5,ZeroMinusTick,ee9816cc-290a-be3e-d18c-0e0f1a2a2330,2797566,774
2914885,2019-01-06T10:16:29.763Z,19010610,XBTUSD,Sell,178,3795.5,ZeroMinusTick,2bc9a999-dec5-e848-a0c0-d6bd5828e665,2797744,775
2914898,2019-01-06T10:16:33.181Z,19010610,XBTUSD,Sell,29,3795.5,ZeroMinusTick,8cbb3f31-55f7-b817-12bc-40568ef5a16d,2797773,776
2914933,2019-01-06T10:16:39.901Z,19010610,XBTUSD,Sell,1000,3795.5,MinusTick,3f2193aa-24a6-5819-61cc-5145f191850c,2798773,777
2914938,2019-01-06T10:16:40.290Z,19010610,XBTUSD,Sell,2064,3795.5,ZeroMinusTick,55294c8e-0a29-2364-7a9a-a01265ad1ddc,2800837,778
2914945,2019-01-06T10:16:40.290Z,19010610,XBTUSD,Sell,22,3795.5,ZeroMinusTick,a885bfa3-83dc-9cd4-a5df-5a50203ed90c,2800859,779
2914961,2019-01-06T10:16:42.441Z,19010610,XBTUSD,Sell,1000,3795,ZeroMinusTick,ecd13ed4-d52f-4055-386a-fa6ea38ea154,2801859,780
2914975,2019-01-06T10:16:45.378Z,19010610,XBTUSD,Sell,5335,3795,ZeroMinusTick,72f64d6b-c466-0496-f0f8-2b043987433a,2807194,781
2914977,2019-01-06T10:16:45.715Z,19010610,XBTUSD,Sell,100,3795,ZeroMinusTick,9ee8ea21-39fe-aae6-b347-db4ec39ff109,2807294,782
2915007,2019-01-06T10:16:50.404Z,19010610,XBTUSD,Sell,1200,3795,ZeroMinusTick,36f3f5dc-a7e9-63b4-fcf0-3f29ec7699c0,2808494,783
2915014,2019-01-06T10:16:50.404Z,19010610,XBTUSD,Sell,2000,3795,ZeroMinusTick,1956d27f-64cf-65a2-e53e-87b3867efaed,2810494,784
2915022,2019-01-06T10:16:50.404Z,19010610,XBTUSD,Sell,15,3795,ZeroMinusTick,5c722b0d-5c16-fc03-2944-ca69f4881906,2810509,785
2915039,2019-01-06T10:16:51.528Z,19010610,XBTUSD,Sell,1,3795,ZeroMinusTick,654e6268-b949-6228-58b5-14ebbfcffbc1,2810510,786
2915064,2019-01-06T10:16:56.805Z,19010610,XBTUSD,Sell,1000,3795,ZeroMinusTick,cc583512-7d96-1dc9-734d-2ad745cfac51,2811510,787
2915071,2019-01-06T10:16:56.805Z,19010610,XBTUSD,Sell,16,3795,ZeroMinusTick,6c32882c-d462-ec30-19e8-ebe9f478fb3c,2811526,788
2915086,2019-01-06T10:16:56.805Z,19010610,XBTUSD,Sell,510,3795,ZeroMinusTick,6d38858c-fea9-bfe1-dfa2-9b56600eeb34,2812036,789
2915139,2019-01-06T10:17:10.200Z,19010610,XBTUSD,Buy,1000,3795,PlusTick,a0f5edee-0d8f-349f-8685-1b132a85e25f,2813036,790
2915141,2019-01-06T10:17:10.612Z,19010610,XBTUSD,Sell,10000,3794.5,MinusTick,9d757a9a-e3cc-ee38-3d39-c29056c9af9f,2823036,791
2915142,2019-01-06T10:17:11.058Z,19010610,XBTUSD,Buy,1,3795,PlusTick,372d8764-476a-3588-9bac-72e6a06f97f1,2823037,792
2915164,2019-01-06T10:17:20.144Z,19010610,XBTUSD,Sell,7000,3794.5,ZeroMinusTick,83a4fda1-9280-8cf0-cf46-ccc400de5dff,2830037,793
2915167,2019-01-06T10:17:22.065Z,19010610,XBTUSD,Buy,122,3795,ZeroPlusTick,d331fbd5-a764-ba30-df2b-ff1455cb1428,2830159,794
2915219,2019-01-06T10:17:42.111Z,19010610,XBTUSD,Sell,422,3794.5,ZeroMinusTick,ea22fb26-ab15-179b-0791-6ca22342c8b5,2830581,795
