id,timestamp,hour,symbol,side,size,price,tickDirection,trdMatchID,volTime,tickTime
3040263,2019-01-06T14:00:03.850Z,19010614,XBTUSD,Buy,200,3818.5,ZeroPlusTick,d372c085-f2d0-0d14-2997-c8d433ac57d1,200,1
3040313,2019-01-06T14:00:10.637Z,19010614,XBTUSD,Buy,1000,3818.5,ZeroPlusTick,f55f21eb-3821-094d-dbcb-542d8f9fe902,1200,2
3040322,2019-01-06T14:00:11.397Z,19010614,XBTUSD,Buy,800,3818.5,ZeroPlusTick,172ce256-4530-4e15-acff-01ce01fb6d1a,2000,3
3040283,2019-01-06T14:00:05.254Z,19010614,XBTUSD,Buy,400,3818.5,ZeroPlusTick,de5200d3-84a9-d7e5-0228-35ac2f3b64f3,2400,4
3040288,2019-01-06T14:00:06.010Z,19010614,XBTUSD,Buy,166,3818.5,ZeroPlusTick,23689dee-a550-8832-2a6e-62c046ffb324,2566,5
3040299,2019-01-06T14:00:07.595Z,19010614,XBTUSD,Buy,3197,3818.5,ZeroPlusTick,3ce153f3-34d7-b1e4-1cb6-dbe5dbcbd4f7,5763,6
3040334,2019-01-06T14:00:13.024Z,19010614,XBTUSD,Buy,31,3818.5,ZeroPlusTick,cdcb5b31-c3fc-ed7d-e986-0c123c24f56d,5794,7
3040349,2019-01-06T14:00:15.659Z,19010614,XBTUSD,Buy,5705,3818.5,ZeroPlusTick,9acd9b2e-7299-43b7-1858-c5f4a5412d9c,11499,8
3040358,2019-01-06T14:00:18.884Z,19010614,XBTUSD,Sell,4129,3818,MinusTick,47e9ce59-1868-eccd-9257-74683766bd8b,15628,9
3040362,2019-01-06T14:00:20.790Z,19010614,XBTUSD,Buy,1000,3818.5,PlusTick,bd133974-42f7-cdd1-0b56-a49e59299dc7,16628,10
3040370,2019-01-06T14:00:22.573Z,19010614,XBTUSD,Buy,225,3818.5,ZeroPlusTick,95a032c9-681c-021f-9b7c-51493d5ab7b3,16853,11
3040380,2019-01-06T14:00:24.719Z,19010614,XBTUSD,Buy,340,3818.5,PlusTick,8640c61e-97fb-5d1b-e8fa-819a991d58fe,17193,12
3040398,2019-01-06T14:00:29.135Z,19010614,XBTUSD,Buy,2004,3818.5,ZeroPlusTick,ae880cc2-914e-09df-da58-27f8b475cf35,19197,13
3040407,2019-01-06T14:00:29.684Z,19010614,XBTUSD,Buy,11,3818.5,ZeroPlusTick,e8d1de24-ac35-aa1c-6707-8676ee88210d,19208,14
3040427,2019-01-06T14:00:31.715Z,19010614,XBTUSD,Buy,190,3818.5,ZeroPlusTick,6a934cf6-7d37-1df3-8dad-d4914dd91899,19398,15
3040436,2019-01-06T14:00:33.474Z,19010614,XBTUSD,Buy,190,3818.5,ZeroPlusTick,6f387754-a93a-8fbc-509a-4cf61c29892f,19588,16
3040445,2019-01-06T14:00:33.474Z,19010614,XBTUSD,Buy,11,3818.5,ZeroPlusTick,db5af953-1672-6ec4-d4c3-7ca09549aa01,19599,17
3040460,2019-01-06T14:00:33.880Z,19010614,XBTUSD,Buy,27,3819,ZeroPlusTick,3e7e194f-0175-560d-fcf8-e504e2d673d9,19626,18
3040471,2019-01-06T14:00:33.880Z,19010614,XBTUSD,Buy,1000,3819,ZeroPlusTick,b8a56229-1525-224d-1482-4ada6f28dc53,20626,19
3040476,2019-01-06T14:00:33.880Z,19010614,XBTUSD,Buy,11,3819,ZeroPlusTick,8f7b321a-2bf2-5c3b-5f91-832733aa3706,20637,20
3040479,2019-01-06T14:00:34.055Z,19010614,XBTUSD,Buy,71,3819,ZeroPlusTick,b550c1ed-e7e5-2d1b-5a18-93fb45779fee,20708,21
3040486,2019-01-06T14:00:34.130Z,19010614,XBTUSD,Buy,10,3819,ZeroPlusTick,c94e2df1-0cd5-7774-63f1-db3c73bb8667,20718,22
3040495,2019-01-06T14:00:34.130Z,19010614,XBTUSD,Buy,11,3819,ZeroPlusTick,d1b541af-15fe-15f3-7f56-79e67907c020,20729,23
3040310,2019-01-06T14:00:10.598Z,19010614,XBTUSD,Buy,30,3818.5,ZeroPlusTick,68c87367-1a51-8924-2bab-8c46b65508c4,20759,24
3040327,2019-01-06T14:00:12.566Z,19010614,XBTUSD,Buy,190,3818.5,ZeroPlusTick,68cac66b-acee-6df5-57d5-8036bdb6f2e4,20949,25
3040339,2019-01-06T14:00:13.075Z,19010614,XBTUSD,Buy,879,3818.5,ZeroPlusTick,4fd4f20f-8dff-5be2-5fa4-5110e09de9c0,21828,26
3040343,2019-01-06T14:00:13.526Z,19010614,XBTUSD,Buy,1200,3818.5,ZeroPlusTick,e994d542-ca6a-9495-06c4-67bf34039fc5,23028,27
3040348,2019-01-06T14:00:15.605Z,19010614,XBTUSD,Buy,1586,3818.5,ZeroPlusTick,160ee100-6a8c-f041-fee0-ef0bf0e9397a,24614,28
3040373,2019-01-06T14:00:22.573Z,19010614,XBTUSD,Buy,2004,3818.5,ZeroPlusTick,86aba2a6-ae56-bfd6-7cd9-56e28ef669ae,26618,29
3040412,2019-01-06T14:00:29.684Z,19010614,XBTUSD,Buy,30,3818.5,ZeroPlusTick,70ac5b49-29a6-1bd0-2c52-74b463e3f8b8,26648,30
3040417,2019-01-06T14:00:29.684Z,19010614,XBTUSD,Buy,2500,3818.5,ZeroPlusTick,0bcf5ea2-afd6-859b-8d29-24f507c57e23,29148,31
3040431,2019-01-06T14:00:33.272Z,19010614,XBTUSD,Buy,77,3818.5,ZeroPlusTick,e365818a-5626-d7d6-dc9a-505c47970156,29225,32
3040440,2019-01-06T14:00:33.474Z,19010614,XBTUSD,Buy,1000,3818.5,ZeroPlusTick,56ee4b59-db14-03f0-e6a7-99539a6125e1,30225,33
3040447,2019-01-06T14:00:33.474Z,19010614,XBTUSD,Buy,4444,3818.5,ZeroPlusTick,0d6d2dee-0bc2-1007-63c3-eb6b3b565f77,34669,34
3040462,2019-01-06T14:00:33.880Z,19010614,XBTUSD,Buy,11,3819,ZeroPlusTick,fc73a81c-1437-5dc1-1bce-4faf90d97ac4,34680,35
3040464,2019-01-06T14:00:33.880Z,19010614,XBTUSD,Buy,11,3819,ZeroPlusTick,3f5e969f-89e3-0c18-b2aa-f2f61e42d276,34691,36
3040474,2019-01-06T14:00:33.880Z,19010614,XBTUSD,Buy,11,3819,ZeroPlusTick,32033755-1aba-c903-0045-83cd1dc3ddfc,34702,37
3040485,2019-01-06T14:00:34.130Z,19010614,XBTUSD,Buy,10,3819,ZeroPlusTick,697f988e-bc9a-8e54-bee5-aededfe91065,34712,38
3040289,2019-01-06T14:00:06.010Z,19010614,XBTUSD,Buy,1426,3818.5,ZeroPlusTick,2108f129-6dd6-8dd8-4bd2-7d3954746d5e,36138,39
3040296,2019-01-06T14:00:07.271Z,19010614,XBTUSD,Buy,139,3818.5,ZeroPlusTick,d448bf97-94d1-b50d-400a-d7c490edeab3,36277,40
3040320,2019-01-06T14:00:11.384Z,19010614,XBTUSD,Buy,51,3818.5,ZeroPlusTick,bc05df08-5334-6955-830d-121d4f19903c,36328,41
3040332,2019-01-06T14:00:13.024Z,19010614,XBTUSD,Buy,1520,3818.5,ZeroPlusTick,da71e1ca-1f42-a749-f542-f197b9fc650b,37848,42
3040354,2019-01-06T14:00:17.769Z,19010614,XBTUSD,Buy,30,3818.5,ZeroPlusTick,6bc8b591-d809-90f0-8c5a-41fd74965cf7,37878,43
3040375,2019-01-06T14:00:22.573Z,19010614,XBTUSD,Buy,11,3818.5,ZeroPlusTick,d6cdda30-8a0b-bde6-a98f-130ffb1df460,37889,44
3040397,2019-01-06T14:00:29.135Z,19010614,XBTUSD,Buy,1485,3818.5,ZeroPlusTick,5c015be6-ac9e-e920-1f9e-8311440f4cf1,39374,45
3040405,2019-01-06T14:00:29.684Z,19010614,XBTUSD,Buy,11,3818.5,ZeroPlusTick,e0c5bf4d-5a4e-e061-794e-bb5055b1e983,39385,46
3040414,2019-01-06T14:00:29.684Z,19010614,XBTUSD,Buy,17,3818.5,ZeroPlusTick,ce395c09-f86a-0aac-604d-6135618bd5d5,39402,47
3040419,2019-01-06T14:00:29.956Z,19010614,XBTUSD,Buy,100,3818.5,ZeroPlusTick,2c904a99-993f-2ad0-69dd-b25747f86f8d,39502,48
3040426,2019-01-06T14:00:31.715Z,19010614,XBTUSD,Buy,595,3818.5,ZeroPlusTick,d95492af-0de6-333c-5d89-f5c33f9a7251,40097,49
3040432,2019-01-06T14:00:33.474Z,19010614,XBTUSD,Buy,14826,3818.5,ZeroPlusTick,1bd3452f-37a0-d19c-2b55-63fc718b108d,54923,50
3040302,2019-01-06T14:00:07.595Z,19010614,XBTUSD,Buy,1787,3818.5,ZeroPlusTick,fc5eadc2-84a9-4ea7-562b-cfec6f3d47ef,56710,51
3040304,2019-01-06T14:00:07.816Z,19010614,XBTUSD,Sell,1,3818,MinusTick,12e3f8d1-991f-4f12-2ef4-d9680deb551b,56711,52
3040314,2019-01-06T14:00:10.637Z,19010614,XBTUSD,Buy,1905,3818.5,ZeroPlusTick,ad2e235b-e30f-ff12-c215-006efddcb728,58616,53
3040325,2019-01-06T14:00:12.521Z,19010614,XBTUSD,Buy,5,3818.5,ZeroPlusTick,e3b9cccf-3a61-8011-2e71-b8a2140d5747,58621,54
3040336,2019-01-06T14:00:13.024Z,19010614,XBTUSD,Buy,11,3818.5,ZeroPlusTick,e3cfec2b-5929-0bdc-e97a-49892b2a11db,58632,55
3040346,2019-01-06T14:00:15.605Z,19010614,XBTUSD,Buy,4790,3818.5,PlusTick,d7500504-c310-c295-24a5-d68eda77404a,63422,56
3040372,2019-01-06T14:00:22.573Z,19010614,XBTUSD,Buy,11,3818.5,ZeroPlusTick,c536964e-db06-9da3-7b15-b997525a2ca7,63433,57
3040395,2019-01-06T14:00:28.019Z,19010614,XBTUSD,Buy,519,3818.5,ZeroPlusTick,3e0ed5b5-d4a2-cfde-29de-793988cf5120,63952,58
3040409,2019-01-06T14:00:29.684Z,19010614,XBTUSD,Buy,117,3818.5,ZeroPlusTick,9f2000a9-a2d8-81af-9507-3eeb10586ebf,64069,59
3040418,2019-01-06T14:00:29.684Z,19010614,XBTUSD,Buy,3414,3818.5,ZeroPlusTick,9987f7f8-ed6b-5421-4ead-e577049aba0f,67483,60
3040430,2019-01-06T14:00:31.715Z,19010614,XBTUSD,Buy,75,3818.5,ZeroPlusTick,a8bbc474-20a8-dd7b-8a7d-835f4d259a22,67558,61
3040437,2019-01-06T14:00:33.474Z,19010614,XBTUSD,Buy,31,3818.5,ZeroPlusTick,22ab211a-ead1-5a62-20c4-a705a743fa78,67589,62
3040448,2019-01-06T14:00:33.474Z,19010614,XBTUSD,Buy,435,3818.5,ZeroPlusTick,1a4ad7a2-cf5b-85fd-0a5f-68275788ab38,68024,63
3040459,2019-01-06T14:00:33.880Z,19010614,XBTUSD,Buy,27,3819,ZeroPlusTick,8f77ba68-887e-19c8-56db-545da03154f8,68051,64
3040466,2019-01-06T14:00:33.880Z,19010614,XBTUSD,Buy,11,3819,ZeroPlusTick,c0caa5a5-71e4-862e-ff80-67d26e487d56,68062,65
3040490,2019-01-06T14:00:34.130Z,19010614,XBTUSD,Buy,11,3819,ZeroPlusTick,aa528bd0-735b-4e0b-a41c-a2f85ee4d220,68073,66
3040494,2019-01-06T14:00:34.130Z,19010614,XBTUSD,Buy,11,3819,ZeroPlusTick,767941e5-3f69-3ac8-0c3f-1c41a8186fe5,68084,67
3040509,2019-01-06T14:00:35.616Z,19010614,XBTUSD,Buy,600,3819,PlusTick,53913bec-9832-309e-6a87-f266055b7eb2,68684,68
3040260,2019-01-06T14:00:03.539Z,19010614,XBTUSD,Buy,600,3818.5,PlusTick,f73913e1-f3b4-7245-db0d-b91a23680e2d,69284,69
3040287,2019-01-06T14:00:06.010Z,19010614,XBTUSD,Buy,1165,3818.5,ZeroPlusTick,1ee1c24e-05c1-23de-64ed-c8f843bc5607,70449,70
3040298,2019-01-06T14:00:07.385Z,19010614,XBTUSD,Buy,38,3818.5,ZeroPlusTick,de0a4f21-424e-1980-9c83-0bad3edec571,70487,71
3040312,2019-01-06T14:00:10.637Z,19010614,XBTUSD,Buy,190,3818.5,ZeroPlusTick,cad52b70-770f-9ca7-e899-42bebf8c9e87,70677,72
3040335,2019-01-06T14:00:13.024Z,19010614,XBTUSD,Buy,50,3818.5,ZeroPlusTick,cedfabf3-534e-295f-6869-45a10376fb2a,70727,73
3040369,2019-01-06T14:00:22.573Z,19010614,XBTUSD,Buy,11,3818.5,ZeroPlusTick,30209710-a469-b424-17e4-305733ae64d7,70738,74
3040386,2019-01-06T14:00:24.719Z,19010614,XBTUSD,Buy,1227,3818.5,ZeroPlusTick,2c1b9d72-a086-38a5-76d9-9f84d95d6a32,71965,75
3040410,2019-01-06T14:00:29.684Z,19010614,XBTUSD,Buy,11,3818.5,ZeroPlusTick,15e7d1e8-bf0c-b579-2875-923e00908a0e,71976,76
3040428,2019-01-06T14:00:31.715Z,19010614,XBTUSD,Buy,1000,3818.5,ZeroPlusTick,ba251b9d-cfe1-6ff6-0c35-26dcc5199936,72976,77
3040433,2019-01-06T14:00:33.474Z,19010614,XBTUSD,Buy,2695,3818.5,ZeroPlusTick,b490ef69-8c96-9a32-7e7b-ec9cb9345739,75671,78
3040443,2019-01-06T14:00:33.474Z,19010614,XBTUSD,Buy,400,3818.5,ZeroPlusTick,aa37ae4d-e102-7f10-9a7b-e95feabcdf6f,76071,79
3040453,2019-01-06T14:00:33.880Z,19010614,XBTUSD,Buy,100,3819,PlusTick,21fdb664-5261-1404-261b-04259bfaf170,76171,80
3040470,2019-01-06T14:00:33.880Z,19010614,XBTUSD,Buy,11,3819,ZeroPlusTick,906b1b7e-fa09-adee-ab97-177c2d2a125c,76182,81
3040477,2019-01-06T14:00:33.880Z,19010614,XBTUSD,Buy,391,3819,ZeroPlusTick,dd49d992-cfb1-824e-f93e-28a6a6f4b1d2,76573,82
3040480,2019-01-06T14:00:34.130Z,19010614,XBTUSD,Buy,4929,3819,ZeroPlusTick,5e2b8613-1780-c4ec-195d-6767fe10cede,81502,83
3040484,2019-01-06T14:00:34.130Z,19010614,XBTUSD,Buy,860,3819,ZeroPlusTick,69be8d44-1a70-4fef-6c58-12be8a48609c,82362,84
3040499,2019-01-06T14:00:34.130Z,19010614,XBTUSD,Buy,11,3819,ZeroPlusTick,a92dda80-7db5-53af-9af1-bae1f8cd3098,82373,85
3040506,2019-01-06T14:00:34.130Z,19010614,XBTUSD,Buy,3026,3819,ZeroPlusTick,4cc2bd18-9b9b-bf00-cd37-4ccccda8978b,85399,86
3040552,2019-01-06T14:00:42.532Z,19010614,XBTUSD,Buy,50,3819,ZeroPlusTick,78ac2699-9fdb-ea72-0e4b-5e18b284611f,85449,87
3040564,2019-01-06T14:00:47.995Z,19010614,XBTUSD,Buy,110,3819,ZeroPlusTick,e9a5732a-f3a4-1f53-812b-a99f9e0b34bb,85559,88
3040581,2019-01-06T14:00:49.814Z,19010614,XBTUSD,Buy,2004,3819,ZeroPlusTick,b9872f07-8e23-d1c1-a715-c612f4778b80,87563,89
3040593,2019-01-06T14:00:49.814Z,19010614,XBTUSD,Buy,200,3819,ZeroPlusTick,b0aab2cc-08a2-9339-6101-c3c0d12075e0,87763,90
3040616,2019-01-06T14:00:53.646Z,19010614,XBTUSD,Buy,395,3819,ZeroPlusTick,aa835d32-f0e6-4876-29ef-f11f3d3292ec,88158,91
3040622,2019-01-06T14:00:55.185Z,19010614,XBTUSD,Buy,11,3819,ZeroPlusTick,74555483-748d-05a5-b803-22c95aa008fc,88169,92
3040628,2019-01-06T14:00:55.792Z,19010614,XBTUSD,Buy,1000,3819,ZeroPlusTick,80de35ff-f4a0-9197-5c41-6f4af5c0074d,89169,93
3040643,2019-01-06T14:00:57.319Z,19010614,XBTUSD,Buy,2004,3819,ZeroPlusTick,137d1c9b-616f-78bb-aa76-b7bbb7afcf57,91173,94
3040297,2019-01-06T14:00:07.318Z,19010614,XBTUSD,Buy,200,3818.5,ZeroPlusTick,54002781-4546-dff8-a7d3-51cc7ce19ce9,91373,95
3040303,2019-01-06T14:00:07.595Z,19010614,XBTUSD,Buy,6859,3818.5,ZeroPlusTick,9798b499-0f0a-ced1-9968-32449388dc8e,98232,96
3040306,2019-01-06T14:00:08.550Z,19010614,XBTUSD,Buy,77,3818.5,PlusTick,5f8cc183-b711-2802-beb9-bbac3d04ea09,98309,97
3040323,2019-01-06T14:00:11.659Z,19010614,XBTUSD,Buy,200,3818.5,ZeroPlusTick,acde6bf1-1cbc-6a39-e8ad-a9b42afcb449,98509,98
3040328,2019-01-06T14:00:12.566Z,19010614,XBTUSD,Buy,190,3818.5,ZeroPlusTick,a8030026-b146-2617-517e-06f4bab28483,98699,99
3040337,2019-01-06T14:00:13.024Z,19010614,XBTUSD,Buy,2000,3818.5,ZeroPlusTick,32116ab7-3517-0d56-49c3-cc022f033716,100699,100
3040377,2019-01-06T14:00:23.057Z,19010614,XBTUSD,Sell,200,3818,MinusTick,57e1566b-0d37-99b1-f4ff-4d245ec3c497,100899,101
3040382,2019-01-06T14:00:24.719Z,19010614,XBTUSD,Buy,11,3818.5,ZeroPlusTick,ac47787d-747c-c74c-efaf-66b4de762589,100910,102
3040394,2019-01-06T14:00:28.019Z,19010614,XBTUSD,Buy,1481,3818.5,ZeroPlusTick,88aed19a-5ad2-633d-0f88-f03476d811d9,102391,103
3040399,2019-01-06T14:00:29.135Z,19010614,XBTUSD,Buy,11,3818.5,ZeroPlusTick,a718e30d-847e-7680-05a8-3b184f02aa68,102402,104
3040401,2019-01-06T14:00:29.290Z,19010614,XBTUSD,Buy,400,3818.5,ZeroPlusTick,2b4abae9-de03-e2a8-bffd-8ae8bf86de5f,102802,105
3040403,2019-01-06T14:00:29.684Z,19010614,XBTUSD,Buy,100,3818.5,ZeroPlusTick,dce8f8a9-77ff-3a39-249f-ab786ad96bce,102902,106
3040413,2019-01-06T14:00:29.684Z,19010614,XBTUSD,Buy,14,3818.5,ZeroPlusTick,813783c3-c4dc-1249-7ea4-ac860218c425,102916,107
3040439,2019-01-06T14:00:33.474Z,19010614,XBTUSD,Buy,18,3818.5,ZeroPlusTick,523aee85-e6eb-402e-e4ab-cd430a502c39,102934,108
3040450,2019-01-06T14:00:33.474Z,19010614,XBTUSD,Buy,1000,3818.5,ZeroPlusTick,0badfe74-345b-cc5c-c7e7-ab113cf17ca3,103934,109
3040454,2019-01-06T14:00:33.880Z,19010614,XBTUSD,Buy,11,3819,ZeroPlusTick,e4b9baf7-14b4-ff7a-4ef1-556ed5ed3f56,103945,110
3040463,2019-01-06T14:00:33.880Z,19010614,XBTUSD,Buy,100,3819,ZeroPlusTick,9b95ee98-315e-7308-67fe-707d0ec4b477,104045,111
3040473,2019-01-06T14:00:33.880Z,19010614,XBTUSD,Buy,11,3819,ZeroPlusTick,c1aed79e-6062-b73d-ff2d-a999b5342139,104056,112
3040487,2019-01-06T14:00:34.130Z,19010614,XBTUSD,Buy,500,3819,ZeroPlusTick,3c484af8-3c2e-bfb0-97ee-667ae2e58af7,104556,113
3040493,2019-01-06T14:00:34.130Z,19010614,XBTUSD,Buy,11,3819,ZeroPlusTick,43f48c3e-5fa8-ce74-c6da-c6eb1eb01956,104567,114
3040503,2019-01-06T14:00:34.130Z,19010614,XBTUSD,Buy,500,3819,ZeroPlusTick,e2845cc6-d272-2e6f-1f72-c3e93943b2cf,105067,115
3040583,2019-01-06T14:00:49.814Z,19010614,XBTUSD,Buy,2004,3819,ZeroPlusTick,8904e8f5-e70e-29d4-6fd3-889fc7707666,107071,116
3040589,2019-01-06T14:00:49.814Z,19010614,XBTUSD,Buy,1000,3819,ZeroPlusTick,7a8c00d6-f276-dce6-357e-f3e83b0fe5bd,108071,117
3040607,2019-01-06T14:00:53.361Z,19010614,XBTUSD,Buy,1561,3819,ZeroPlusTick,ea3e65fe-22c9-ce36-e737-ffe96ed98188,109632,118
3040611,2019-01-06T14:00:53.646Z,19010614,XBTUSD,Buy,11,3819,ZeroPlusTick,586928d3-d329-7f6d-dfe0-34d02c4b18e3,109643,119
3040623,2019-01-06T14:00:55.185Z,19010614,XBTUSD,Buy,26,3819,ZeroPlusTick,25b9bd50-9a25-b1fb-fa0e-24f97414befd,109669,120
3040630,2019-01-06T14:00:55.792Z,19010614,XBTUSD,Buy,31,3819,ZeroPlusTick,1df25932-d3a6-683f-6f16-0f9e828aeb67,109700,121
3040642,2019-01-06T14:00:57.319Z,19010614,XBTUSD,Buy,2004,3819,ZeroPlusTick,ba9a2043-f06c-b1bc-7fd5-761a9b8fd7a4,111704,122
3040682,2019-01-06T14:01:05.645Z,19010614,XBTUSD,Buy,11,3819,ZeroPlusTick,4e86af64-706d-cb0e-e3f7-0f7afea67f88,111715,123
3040686,2019-01-06T14:01:05.645Z,19010614,XBTUSD,Buy,200,3819,ZeroPlusTick,f06a240d-9824-7915-df1c-0be6bd099f96,111915,124
3040704,2019-01-06T14:01:10.960Z,19010614,XBTUSD,Buy,100,3819,ZeroPlusTick,8a66bf95-3ff4-f4ff-d9a9-8c8fe5acce30,112015,125
3040715,2019-01-06T14:01:10.960Z,19010614,XBTUSD,Buy,11,3819,ZeroPlusTick,49f456d7-ff86-bff0-c82c-cfa794d3b5cb,112026,126
3040282,2019-01-06T14:00:05.217Z,19010614,XBTUSD,Buy,200,3818.5,ZeroPlusTick,d1474e3e-5cb9-b296-7928-2712b9ee01b7,112226,127
3040300,2019-01-06T14:00:07.595Z,19010614,XBTUSD,Buy,8000,3818.5,ZeroPlusTick,74c89d67-3d94-325b-1e38-f5c117e6ee90,120226,128
3040326,2019-01-06T14:00:12.566Z,19010614,XBTUSD,Buy,246,3818.5,ZeroPlusTick,cb08c31b-ec5b-8267-2a44-fba35fe256ac,120472,129
3040341,2019-01-06T14:00:13.075Z,19010614,XBTUSD,Buy,110,3818.5,ZeroPlusTick,f8829640-24ef-fa02-38b7-f9fc2ed3ced3,120582,130
3040356,2019-01-06T14:00:18.512Z,19010614,XBTUSD,Buy,10,3818.5,ZeroPlusTick,acd7ebab-f79e-5012-6c72-cbe3697597a8,120592,131
3040376,2019-01-06T14:00:22.573Z,19010614,XBTUSD,Buy,1660,3818.5,ZeroPlusTick,e527950c-cc1d-ce2f-b522-9782bf5ee69a,122252,132
3040383,2019-01-06T14:00:24.719Z,19010614,XBTUSD,Buy,11,3818.5,ZeroPlusTick,b209f075-46d4-cdac-897c-9c721d9b7623,122263,133
3040400,2019-01-06T14:00:29.135Z,19010614,XBTUSD,Buy,1500,3818.5,ZeroPlusTick,d680659b-82c7-77c7-0208-77176c435400,123763,134
3040404,2019-01-06T14:00:29.684Z,19010614,XBTUSD,Buy,11,3818.5,ZeroPlusTick,d518f41d-473c-85fd-0247-72dc2ecdc419,123774,135
3040438,2019-01-06T14:00:33.474Z,19010614,XBTUSD,Buy,5000,3818.5,ZeroPlusTick,0e04ba41-f52a-88d9-ad6b-dbdddcff88a9,128774,136
3040446,2019-01-06T14:00:33.474Z,19010614,XBTUSD,Buy,5555,3818.5,ZeroPlusTick,59f242a9-0526-028d-2082-4c557174b70b,134329,137
3040461,2019-01-06T14:00:33.880Z,19010614,XBTUSD,Buy,11,3819,ZeroPlusTick,0237ede2-a5f7-dedd-ab90-1060743bb8e3,134340,138
3040469,2019-01-06T14:00:33.880Z,19010614,XBTUSD,Buy,122,3819,ZeroPlusTick,911f5dbb-3e98-4d6e-0b90-46f7402fee09,134462,139
3040482,2019-01-06T14:00:34.130Z,19010614,XBTUSD,Buy,19,3819,ZeroPlusTick,9bd3408b-13ad-665b-0e82-632be9a72aaf,134481,140
3040492,2019-01-06T14:00:34.130Z,19010614,XBTUSD,Buy,20000,3819,ZeroPlusTick,0fcaeec1-227a-8f6d-1fae-0ccd3b05b917,154481,141
3040502,2019-01-06T14:00:34.130Z,19010614,XBTUSD,Buy,17175,3819,ZeroPlusTick,156efa23-ae67-427f-9c18-5d663a75ee93,171656,142
3040539,2019-01-06T14:00:39.631Z,19010614,XBTUSD,Sell,30000,3818.5,MinusTick,67527b9e-1dfc-48a7-b1cd-ee758ef2fb9c,201656,143
3040562,2019-01-06T14:00:47.995Z,19010614,XBTUSD,Buy,500,3819,ZeroPlusTick,de3880cd-12b2-90af-3ea1-fc7548886587,202156,144
3040586,2019-01-06T14:00:49.814Z,19010614,XBTUSD,Buy,1000,3819,ZeroPlusTick,d449f574-9939-b4e5-17ea-cdb80181a89d,203156,145
3040588,2019-01-06T14:00:49.814Z,19010614,XBTUSD,Buy,31,3819,ZeroPlusTick,bbf18da6-b5da-6306-f418-8fac52c0413a,203187,146
3040602,2019-01-06T14:00:53.116Z,19010614,XBTUSD,Buy,1288,3819,ZeroPlusTick,82e56ff7-3a55-190f-29bd-d5cc386ae1db,204475,147
3040604,2019-01-06T14:00:53.361Z,19010614,XBTUSD,Buy,1000,3819,ZeroPlusTick,0ca84027-38f5-539a-a71f-2f128ad1553c,205475,148
3040609,2019-01-06T14:00:53.646Z,19010614,XBTUSD,Buy,31,3819,ZeroPlusTick,e114cbd6-d641-b762-9c1c-39e6d5aa10b5,205506,149
3040619,2019-01-06T14:00:54.880Z,19010614,XBTUSD,Buy,300,3819,ZeroPlusTick,47ed80a0-c4a3-472b-6b06-a90a6b70bb87,205806,150
3040644,2019-01-06T14:00:57.319Z,19010614,XBTUSD,Buy,28,3819,ZeroPlusTick,c713cbdd-73c8-cb59-5e1b-60816e780743,205834,151
3040677,2019-01-06T14:01:05.645Z,19010614,XBTUSD,Buy,120,3819,ZeroPlusTick,e514a1ea-fb2e-b0cc-2d56-8a78f7481184,205954,152
3040687,2019-01-06T14:01:05.645Z,19010614,XBTUSD,Buy,11,3819,ZeroPlusTick,fec0fbb8-0cc6-ea63-c160-5303b5386845,205965,153
3040703,2019-01-06T14:01:10.960Z,19010614,XBTUSD,Buy,500,3819,ZeroPlusTick,9ff15af1-113b-cdb6-ad5d-3ad249a4e840,206465,154
3040719,2019-01-06T14:01:10.960Z,19010614,XBTUSD,Buy,50,3819.5,ZeroPlusTick,c5d67d4a-0d30-5f4a-0dcd-fc1a42af50fb,206515,155
3040729,2019-01-06T14:01:10.960Z,19010614,XBTUSD,Buy,1000,3819.5,ZeroPlusTick,0f70f004-292e-ea77-97c1-c3d1ddd59ffc,207515,156
3040738,2019-01-06T14:01:10.960Z,19010614,XBTUSD,Buy,1000,3819.5,ZeroPlusTick,1a6b8100-68d8-a6ed-ea2d-5ed990909c8d,208515,157
3040749,2019-01-06T14:01:10.960Z,19010614,XBTUSD,Buy,11,3819.5,ZeroPlusTick,8912c706-c866-c83b-97d3-db086a858cf3,208526,158
3040761,2019-01-06T14:01:10.960Z,19010614,XBTUSD,Buy,750,3819.5,ZeroPlusTick,fab39993-569c-a49b-4e90-86695097c2ff,209276,159
3040776,2019-01-06T14:01:10.960Z,19010614,XBTUSD,Buy,11,3819.5,ZeroPlusTick,91222640-3290-44f8-1ec5-1338faf4d73b,209287,160
3040780,2019-01-06T14:01:10.960Z,19010614,XBTUSD,Buy,11,3819.5,ZeroPlusTick,f8a1b22d-68a6-c33b-fc9c-c24c742448bd,209298,161
3040790,2019-01-06T14:01:10.960Z,19010614,XBTUSD,Buy,11,3819.5,ZeroPlusTick,39139df0-0dc5-8f34-5727-62864f4bd85b,209309,162
3040301,2019-01-06T14:00:07.595Z,19010614,XBTUSD,Buy,104,3818.5,ZeroPlusTick,994007bf-0245-a09b-5e2e-62405444fcdf,209413,163
3040308,2019-01-06T14:00:09.393Z,19010614,XBTUSD,Buy,3064,3818.5,ZeroPlusTick,c5600f84-e348-22fc-84f3-70d444452ab0,212477,164
3040311,2019-01-06T14:00:10.637Z,19010614,XBTUSD,Buy,1034,3818.5,ZeroPlusTick,5c481765-65f4-b5a0-6f11-43f3d00f22d1,213511,165
3040319,2019-01-06T14:00:10.907Z,19010614,XBTUSD,Buy,44,3818.5,ZeroPlusTick,6e36cde4-3a47-17b1-132d-8013805b6663,213555,166
3040321,2019-01-06T14:00:11.384Z,19010614,XBTUSD,Buy,749,3818.5,ZeroPlusTick,668676e7-d3ea-8f71-d938-38864f5a07cd,214304,167
3040330,2019-01-06T14:00:12.566Z,19010614,XBTUSD,Buy,1371,3818.5,ZeroPlusTick,83a37c12-bd18-f8de-f995-25fe9bfaf38a,215675,168
3040338,2019-01-06T14:00:13.024Z,19010614,XBTUSD,Buy,1121,3818.5,ZeroPlusTick,530e230e-d02c-e388-efe4-14ddfef06b3a,216796,169
3040342,2019-01-06T14:00:13.377Z,19010614,XBTUSD,Buy,900,3818.5,ZeroPlusTick,28ebfd79-5078-be7a-96b9-be7ceb232b4f,217696,170
3040347,2019-01-06T14:00:15.605Z,19010614,XBTUSD,Buy,624,3818.5,ZeroPlusTick,7b3dd3c4-5bf9-6d94-52df-bc9f1c7ad697,218320,171
3040371,2019-01-06T14:00:22.573Z,19010614,XBTUSD,Buy,500,3818.5,ZeroPlusTick,49036acf-9915-da17-b796-6bdd1e29570e,218820,172
3040381,2019-01-06T14:00:24.719Z,19010614,XBTUSD,Buy,480,3818.5,ZeroPlusTick,ba5a3f29-413e-51ea-3b53-7dc289357299,219300,173
3040406,2019-01-06T14:00:29.684Z,19010614,XBTUSD,Buy,6000,3818.5,ZeroPlusTick,1dbe1b58-c487-7c9d-7739-8f897aa47d34,225300,174
3040415,2019-01-06T14:00:29.684Z,19010614,XBTUSD,Buy,11,3818.5,ZeroPlusTick,902979a2-4883-402c-eac1-e7812eb9b550,225311,175
3040435,2019-01-06T14:00:33.474Z,19010614,XBTUSD,Buy,120,3818.5,ZeroPlusTick,b6195aa9-67f7-519e-3f81-c1dea3e17746,225431,176
3040451,2019-01-06T14:00:33.474Z,19010614,XBTUSD,Buy,29,3818.5,ZeroPlusTick,680ad3d7-c2f2-c391-7beb-baf21c7b8380,225460,177
3040456,2019-01-06T14:00:33.880Z,19010614,XBTUSD,Buy,1000,3819,ZeroPlusTick,e8838648-48af-548a-ba9a-5d2544662df1,226460,178
3040468,2019-01-06T14:00:33.880Z,19010614,XBTUSD,Buy,11,3819,ZeroPlusTick,5be123f7-b08c-769b-e554-cfae344c997a,226471,179
3040483,2019-01-06T14:00:34.130Z,19010614,XBTUSD,Buy,350,3819,ZeroPlusTick,8852b390-9e28-3a6c-0bfc-6a5597d087e5,226821,180
3040498,2019-01-06T14:00:34.130Z,19010614,XBTUSD,Buy,11,3819,ZeroPlusTick,856ab67a-8ce6-7d21-0171-7e51a2d5925f,226832,181
3040548,2019-01-06T14:00:42.532Z,19010614,XBTUSD,Buy,30,3819,ZeroPlusTick,04feeb01-47b9-2600-f495-ab7023c73866,226862,182
3040563,2019-01-06T14:00:47.995Z,19010614,XBTUSD,Buy,190,3819,ZeroPlusTick,c972fb9a-3efa-530d-e646-787e9b50bc66,227052,183
3040573,2019-01-06T14:00:49.735Z,19010614,XBTUSD,Buy,1894,3819,ZeroPlusTick,cc0bd1bd-a4a1-0e7a-7d5e-d15a75e19314,228946,184
3040580,2019-01-06T14:00:49.814Z,19010614,XBTUSD,Buy,2004,3819,ZeroPlusTick,6af88ecc-2dab-ab48-4a10-877124825da9,230950,185
3040599,2019-01-06T14:00:53.116Z,19010614,XBTUSD,Buy,476,3819,ZeroPlusTick,cd83107d-8165-74da-8322-2020d1b65ba8,231426,186
3040605,2019-01-06T14:00:53.361Z,19010614,XBTUSD,Buy,1607,3819,ZeroPlusTick,d13f1f99-dd50-bf5f-97c4-b70b65cf12f4,233033,187
3040608,2019-01-06T14:00:53.646Z,19010614,XBTUSD,Buy,443,3819,ZeroPlusTick,d6338669-6bc1-e933-acc1-1896dfc2202d,233476,188
3040620,2019-01-06T14:00:55.185Z,19010614,XBTUSD,Buy,480,3819,ZeroPlusTick,ebd04073-91cc-ea8c-b1cc-fdac7f954293,233956,189
3040631,2019-01-06T14:00:55.792Z,19010614,XBTUSD,Buy,2004,3819,ZeroPlusTick,c9da8c28-da7a-0b9c-373c-6247eefc38bf,235960,190
3040641,2019-01-06T14:00:57.319Z,19010614,XBTUSD,Buy,894,3819,ZeroPlusTick,d6dad030-37f9-3860-4a27-811293c7305d,236854,191
3040649,2019-01-06T14:01:01.005Z,19010614,XBTUSD,Buy,400,3819,ZeroPlusTick,ea5632dd-5c2f-aa11-9f0c-815bb278e021,237254,192
3040659,2019-01-06T14:01:02.202Z,19010614,XBTUSD,Buy,1,3819,ZeroPlusTick,792dee57-fd4c-5c55-8d49-56f4359f6cc7,237255,193
3040684,2019-01-06T14:01:05.645Z,19010614,XBTUSD,Buy,65,3819,ZeroPlusTick,f58891b0-0ee1-827c-fd4d-ec94e0ca081b,237320,194
3040705,2019-01-06T14:01:10.960Z,19010614,XBTUSD,Buy,53000,3819,ZeroPlusTick,36d47835-5c44-c089-09bf-e99d963b4522,290320,195
3040717,2019-01-06T14:01:10.960Z,19010614,XBTUSD,Buy,100,3819.5,ZeroPlusTick,2646e7fe-a17c-f0bf-940b-3a497b381015,290420,196
3040731,2019-01-06T14:01:10.960Z,19010614,XBTUSD,Buy,5000,3819.5,ZeroPlusTick,b2c60430-bcc9-aa78-52a9-d038088d6191,295420,197
3040742,2019-01-06T14:01:10.960Z,19010614,XBTUSD,Buy,11,3819.5,ZeroPlusTick,84cf6c72-0237-26c3-9ff5-21abcb4a9e2e,295431,198
3040751,2019-01-06T14:01:10.960Z,19010614,XBTUSD,Buy,11,3819.5,ZeroPlusTick,3de76aa9-b415-dca5-c33f-cd26e644a597,295442,199
3040759,2019-01-06T14:01:10.960Z,19010614,XBTUSD,Buy,11,3819.5,ZeroPlusTick,86f832f2-db8e-c5f0-b2ca-6c19dc2a1eb5,295453,200
3040772,2019-01-06T14:01:10.960Z,19010614,XBTUSD,Buy,11,3819.5,ZeroPlusTick,be309361-4e52-e423-c319-8f2f8b75e605,295464,201
3040785,2019-01-06T14:01:10.960Z,19010614,XBTUSD,Buy,11,3819.5,ZeroPlusTick,2c2d2a11-fb45-e721-d88c-6ee1b8263d69,295475,202
3040799,2019-01-06T14:01:10.960Z,19010614,XBTUSD,Buy,11,3819.5,ZeroPlusTick,65045323-b035-de85-35e8-fbdb4e1d76b5,295486,203
3040811,2019-01-06T14:01:10.960Z,19010614,XBTUSD,Buy,129,3819.5,ZeroPlusTick,986c41b0-81a6-ec66-236c-395aab8a704b,295615,204
3040821,2019-01-06T14:01:10.960Z,19010614,XBTUSD,Buy,11,3819.5,ZeroPlusTick,c87b6dea-d68d-0ffa-dff8-6484a4e6131a,295626,205
3040831,2019-01-06T14:01:10.960Z,19010614,XBTUSD,Buy,11,3819.5,ZeroPlusTick,c8146e55-b75d-7c6d-e558-0dd84d7f172b,295637,206
3040836,2019-01-06T14:01:11.836Z,19010614,XBTUSD,Buy,104,3819.5,ZeroPlusTick,052e18d6-0df9-979c-b36e-b4a257ce2954,295741,207
3040309,2019-01-06T14:00:09.393Z,19010614,XBTUSD,Buy,6936,3818.5,ZeroPlusTick,22801059-a669-f0ea-118b-ad8e54387c59,302677,208
3040333,2019-01-06T14:00:13.024Z,19010614,XBTUSD,Buy,120,3818.5,ZeroPlusTick,33a223d2-59e7-c8e6-5cce-919e4ae4a81b,302797,209
3040374,2019-01-06T14:00:22.573Z,19010614,XBTUSD,Buy,100,3818.5,ZeroPlusTick,1b1cbe18-286e-5168-3864-2e67c1bfb66c,302897,210
3040385,2019-01-06T14:00:24.719Z,19010614,XBTUSD,Buy,100,3818.5,ZeroPlusTick,e86d1fbc-66f9-dde0-0ff2-c3f42f03d392,302997,211
3040392,2019-01-06T14:00:26.768Z,19010614,XBTUSD,Buy,277,3818.5,ZeroPlusTick,99f496e1-3046-bd32-2e52-c69ea755d59b,303274,212
3040408,2019-01-06T14:00:29.684Z,19010614,XBTUSD,Buy,12,3818.5,ZeroPlusTick,68e06535-1bb6-d5bd-1288-7bcaa4a388a7,303286,213
3040429,2019-01-06T14:00:31.715Z,19010614,XBTUSD,Buy,1000,3818.5,ZeroPlusTick,22faf1f0-b37d-a581-a37e-97847647119b,304286,214
3040434,2019-01-06T14:00:33.474Z,19010614,XBTUSD,Buy,190,3818.5,ZeroPlusTick,bb3134cd-ebba-ac8a-18b9-4d14d69acff1,304476,215
3040449,2019-01-06T14:00:33.474Z,19010614,XBTUSD,Buy,1000,3818.5,ZeroPlusTick,4a7f5e84-9228-854a-96bc-38ab04fe01e4,305476,216
3040457,2019-01-06T14:00:33.880Z,19010614,XBTUSD,Buy,500,3819,ZeroPlusTick,bfb78850-c6c1-d40f-57e4-62eb685a1fb4,305976,217
3040467,2019-01-06T14:00:33.880Z,19010614,XBTUSD,Buy,100,3819,ZeroPlusTick,ced9f53f-4478-473c-1269-33cda8e2ebfb,306076,218
3040489,2019-01-06T14:00:34.130Z,19010614,XBTUSD,Buy,11,3819,ZeroPlusTick,06661b54-98a7-e41f-850b-f6839825e391,306087,219
3040500,2019-01-06T14:00:34.130Z,19010614,XBTUSD,Buy,500,3819,ZeroPlusTick,db6f05eb-020f-e68a-595b-e9dcefe5ebf9,306587,220
3040550,2019-01-06T14:00:42.532Z,19010614,XBTUSD,Buy,10,3819,ZeroPlusTick,5ced712c-406d-9f57-31e5-497951235e00,306597,221
3040575,2019-01-06T14:00:49.735Z,19010614,XBTUSD,Buy,1141,3819,ZeroPlusTick,70bc450a-038a-ee09-b126-69f838a3aaf8,307738,222
3040579,2019-01-06T14:00:49.814Z,19010614,XBTUSD,Buy,2004,3819,ZeroPlusTick,b07ada10-acbb-cf8e-72cf-680c2b3337e7,309742,223
3040591,2019-01-06T14:00:49.814Z,19010614,XBTUSD,Buy,120,3819,ZeroPlusTick,c5934771-9413-dddd-d6be-8b8f402c2a8d,309862,224
3040613,2019-01-06T14:00:53.646Z,19010614,XBTUSD,Buy,200,3819,ZeroPlusTick,60c75656-df8f-db19-7226-87fb2457f428,310062,225
3040624,2019-01-06T14:00:55.185Z,19010614,XBTUSD,Buy,363,3819,ZeroPlusTick,5d20787f-ae90-5b57-43d3-3b4cac7e7aa5,310425,226
3040629,2019-01-06T14:00:55.792Z,19010614,XBTUSD,Buy,2000,3819,ZeroPlusTick,835cdcb1-efef-afde-186e-1b2a6639b1f2,312425,227
3040658,2019-01-06T14:01:01.785Z,19010614,XBTUSD,Buy,1000,3819,ZeroPlusTick,212302e8-1923-86b4-76d7-d6ed83a29b52,313425,228
3040683,2019-01-06T14:01:05.645Z,19010614,XBTUSD,Buy,5000,3819,ZeroPlusTick,75e7f1b0-6d80-d86f-a22f-68c3e651bfe4,318425,229
3040694,2019-01-06T14:01:05.658Z,19010614,XBTUSD,Sell,6183,3818.5,MinusTick,4b4a0f2d-7aee-060f-87f6-e1a2af35c266,324608,230
3040710,2019-01-06T14:01:10.960Z,19010614,XBTUSD,Buy,200,3819,ZeroPlusTick,2ebea78f-7341-e211-2c1a-bbc6ba47c9bc,324808,231
3040712,2019-01-06T14:01:10.960Z,19010614,XBTUSD,Buy,500,3819,ZeroPlusTick,658eafee-0a56-46c5-3cc6-5ad061723284,325308,232
3040722,2019-01-06T14:01:10.960Z,19010614,XBTUSD,Buy,11,3819.5,ZeroPlusTick,b50bc32a-a44b-3c96-777e-bb76f6237237,325319,233
3040732,2019-01-06T14:01:10.960Z,19010614,XBTUSD,Buy,11,3819.5,ZeroPlusTick,0171d550-0cbd-5f49-c97a-90b5bc8873a1,325330,234
3040741,2019-01-06T14:01:10.960Z,19010614,XBTUSD,Buy,11,3819.5,ZeroPlusTick,73fc4435-026a-e582-f6f1-f99dfdfdf724,325341,235
3040747,2019-01-06T14:01:10.960Z,19010614,XBTUSD,Buy,11,3819.5,ZeroPlusTick,ef45433c-d159-f5f2-854a-7b983bc08043,325352,236
3040755,2019-01-06T14:01:10.960Z,19010614,XBTUSD,Buy,11,3819.5,ZeroPlusTick,6e353d1f-f309-1762-9d9c-0e3dcbe11322,325363,237
3040767,2019-01-06T14:01:10.960Z,19010614,XBTUSD,Buy,11,3819.5,ZeroPlusTick,7cf16c36-f663-16a1-33c3-b990640dbfc6,325374,238
3040774,2019-01-06T14:01:10.960Z,19010614,XBTUSD,Buy,11,3819.5,ZeroPlusTick,6d3bae5f-8e84-c07d-b250-b9c90808d013,325385,239
3040783,2019-01-06T14:01:10.960Z,19010614,XBTUSD,Buy,11,3819.5,ZeroPlusTick,fd83eb91-e578-a223-d089-c20f3412acaa,325396,240
3040797,2019-01-06T14:01:10.960Z,19010614,XBTUSD,Buy,100,3819.5,ZeroPlusTick,35464c7d-e370-308e-386c-5e988140c3ae,325496,241
3040802,2019-01-06T14:01:10.960Z,19010614,XBTUSD,Buy,11,3819.5,ZeroPlusTick,d239921f-d0a1-fc8e-e180-2b77c1f84b61,325507,242
3040817,2019-01-06T14:01:10.960Z,19010614,XBTUSD,Buy,1000,3819.5,ZeroPlusTick,e6b9f534-bafc-6517-2e09-4d86cab7c772,326507,243
3040828,2019-01-06T14:01:10.960Z,19010614,XBTUSD,Buy,1200,3819.5,ZeroPlusTick,c7fb74d1-dd3c-e667-37b8-7d73e7abe1e8,327707,244
3040898,2019-01-06T14:01:21.191Z,19010614,XBTUSD,Sell,1,3819,MinusTick,02c9e023-ad8a-ec20-45db-0955a6894303,327708,245
3040329,2019-01-06T14:00:12.566Z,19010614,XBTUSD,Buy,3,3818.5,ZeroPlusTick,d1d8cbba-6618-7317-6dbf-8ab7c3a6d4f4,327711,246
3040340,2019-01-06T14:00:13.075Z,19010614,XBTUSD,Buy,11,3818.5,ZeroPlusTick,25c3c538-ec44-9f85-5947-3d5ebeb46542,327722,247
3040344,2019-01-06T14:00:14.105Z,19010614,XBTUSD,Sell,800,3818,MinusTick,ff2aa09b-f23e-3ee5-6fe3-373ef97de0f5,328522,248
3040355,2019-01-06T14:00:18.446Z,19010614,XBTUSD,Buy,1,3818.5,ZeroPlusTick,e8ff7312-8ea2-9046-a9e6-78fb757705cc,328523,249
3040367,2019-01-06T14:00:22.294Z,19010614,XBTUSD,Buy,4,3818.5,ZeroPlusTick,8d4b8ef6-c85a-c42c-4023-7927ef9ce259,328527,250
3040368,2019-01-06T14:00:22.573Z,19010614,XBTUSD,Buy,1664,3818.5,ZeroPlusTick,39506dff-31d3-0f9e-587b-3dd481d52eb6,330191,251
3040384,2019-01-06T14:00:24.719Z,19010614,XBTUSD,Buy,11,3818.5,ZeroPlusTick,44890d2c-daa7-5675-d335-1f990ab2e77f,330202,252
3040390,2019-01-06T14:00:26.515Z,19010614,XBTUSD,Buy,500,3818.5,ZeroPlusTick,2a4c096e-d974-7844-bbee-4ad387dcf96f,330702,253
3040393,2019-01-06T14:00:26.768Z,19010614,XBTUSD,Buy,523,3818.5,ZeroPlusTick,c284ed13-26a0-1dd4-5694-225bdc0a99f8,331225,254
3040411,2019-01-06T14:00:29.684Z,19010614,XBTUSD,Buy,50,3818.5,ZeroPlusTick,2d20e6b9-9d83-89a7-e617-0e30068040f4,331275,255
3040416,2019-01-06T14:00:29.684Z,19010614,XBTUSD,Buy,28,3818.5,ZeroPlusTick,a2a78433-7ce1-ab8e-ca8c-32d10e79fc3d,331303,256
3040441,2019-01-06T14:00:33.474Z,19010614,XBTUSD,Buy,200,3818.5,ZeroPlusTick,3dca5557-defb-de20-eba0-528c9dd02cc0,331503,257
3040444,2019-01-06T14:00:33.474Z,19010614,XBTUSD,Buy,100,3818.5,ZeroPlusTick,12279188-8355-94d2-ab95-bdebec9e4e77,331603,258
3040458,2019-01-06T14:00:33.880Z,19010614,XBTUSD,Buy,480,3819,ZeroPlusTick,37ef7ed5-04e4-49d6-f39a-5f6c901cd85b,332083,259
3040465,2019-01-06T14:00:33.880Z,19010614,XBTUSD,Buy,11,3819,ZeroPlusTick,420c6f67-c9f2-8e1f-2dd8-970bbe1ebcc2,332094,260
3040475,2019-01-06T14:00:33.880Z,19010614,XBTUSD,Buy,11,3819,ZeroPlusTick,03fa927a-8628-86f4-8b92-1af091d899a4,332105,261
3040478,2019-01-06T14:00:34.055Z,19010614,XBTUSD,Buy,9,3819,ZeroPlusTick,6eaa6011-2c89-094a-8f14-7e775dac710c,332114,262
3040481,2019-01-06T14:00:34.130Z,19010614,XBTUSD,Buy,11,3819,ZeroPlusTick,f2dcd27c-4a3c-d1cf-cf4f-22133f9b2d6e,332125,263
3040491,2019-01-06T14:00:34.130Z,19010614,XBTUSD,Buy,11,3819,ZeroPlusTick,3d196322-c9cf-1fdd-beeb-1c3571d83805,332136,264
3040501,2019-01-06T14:00:34.130Z,19010614,XBTUSD,Buy,1000,3819,ZeroPlusTick,c64d002e-07b1-fb6a-8c51-e62a5ff4af34,333136,265
3040505,2019-01-06T14:00:34.130Z,19010614,XBTUSD,Buy,154,3819,ZeroPlusTick,19f14545-c35a-044a-28f1-b7c26d65cff6,333290,266
3040547,2019-01-06T14:00:42.532Z,19010614,XBTUSD,Buy,450,3819,PlusTick,9db1619c-7ea2-d9ca-286c-379b21e9fc0b,333740,267
3040576,2019-01-06T14:00:49.745Z,19010614,XBTUSD,Buy,99,3819,ZeroPlusTick,0831d495-ebba-91d0-e7b8-fd6f86256cb4,333839,268
3040577,2019-01-06T14:00:49.814Z,19010614,XBTUSD,Buy,764,3819,ZeroPlusTick,8abab59e-9312-5662-2c33-cd0eda0a8e99,334603,269
3040601,2019-01-06T14:00:53.116Z,19010614,XBTUSD,Buy,11,3819,ZeroPlusTick,9008e28e-0e17-aa36-ba0a-545c753c4a3d,334614,270
3040603,2019-01-06T14:00:53.361Z,19010614,XBTUSD,Buy,3712,3819,ZeroPlusTick,090d9518-8ba6-4510-0411-2b8afe96d0e4,338326,271
3040612,2019-01-06T14:00:53.646Z,19010614,XBTUSD,Buy,418,3819,ZeroPlusTick,83c34a1a-95ff-75e8-42d2-d136d206da8e,338744,272
3040676,2019-01-06T14:01:05.645Z,19010614,XBTUSD,Buy,480,3819,ZeroPlusTick,be05dc33-def8-ae4f-f37a-9fab4a222901,339224,273
3040690,2019-01-06T14:01:05.645Z,19010614,XBTUSD,Buy,13,3819,ZeroPlusTick,cf26e77e-6bf6-a155-184e-9ff62e3b84c7,339237,274
3040702,2019-01-06T14:01:10.960Z,19010614,XBTUSD,Buy,11,3819,ZeroPlusTick,947bc09e-4638-4962-d1db-7eb9c4e61f2c,339248,275
3040718,2019-01-06T14:01:10.960Z,19010614,XBTUSD,Buy,140,3819.5,ZeroPlusTick,9e4bdfcc-e3e4-5883-b4ad-a9d21dbf68c1,339388,276
3040725,2019-01-06T14:01:10.960Z,19010614,XBTUSD,Buy,50,3819.5,ZeroPlusTick,44ff2843-107a-e336-1ccb-fd584642bbee,339438,277
3040737,2019-01-06T14:01:10.960Z,19010614,XBTUSD,Buy,11,3819.5,ZeroPlusTick,5cf0f965-896e-91fd-d442-fec99cf83748,339449,278
3040750,2019-01-06T14:01:10.960Z,19010614,XBTUSD,Buy,11,3819.5,ZeroPlusTick,0c13b038-f074-1da9-3b30-dfcc8e54dcd6,339460,279
3040760,2019-01-06T14:01:10.960Z,19010614,XBTUSD,Buy,11,3819.5,ZeroPlusTick,6cc4a537-85f5-d808-824d-fc3f0f085903,339471,280
3040777,2019-01-06T14:01:10.960Z,19010614,XBTUSD,Buy,11,3819.5,ZeroPlusTick,4320d19a-39aa-7a31-acd0-5f42806ce0c4,339482,281
3040787,2019-01-06T14:01:10.960Z,19010614,XBTUSD,Buy,11,3819.5,ZeroPlusTick,6e568b9a-375b-4799-eda2-4c251dd1a362,339493,282
3040796,2019-01-06T14:01:10.960Z,19010614,XBTUSD,Buy,11,3819.5,ZeroPlusTick,8ad98baa-ede0-5a9b-cf53-1eb87708f0bb,339504,283
3040805,2019-01-06T14:01:10.960Z,19010614,XBTUSD,Buy,11,3819.5,ZeroPlusTick,4be07741-4e9f-b137-fa59-878ce1a5c9b2,339515,284
3040815,2019-01-06T14:01:10.960Z,19010614,XBTUSD,Buy,11,3819.5,ZeroPlusTick,2a618121-cff2-c2b0-5f95-78b260eaed16,339526,285
3040825,2019-01-06T14:01:10.960Z,19010614,XBTUSD,Buy,11,3819.5,ZeroPlusTick,03717b5c-0943-5287-da87-cdd489226ae4,339537,286
3040442,2019-01-06T14:00:33.474Z,19010614,XBTUSD,Buy,480,3818.5,ZeroPlusTick,424b33e1-ecc9-527a-6bb6-abcae57a2395,340017,287
3040452,2019-01-06T14:00:33.474Z,19010614,XBTUSD,Buy,28,3818.5,ZeroPlusTick,6d61a7ee-e061-fd1a-c2f0-65e88163a630,340045,288
3040455,2019-01-06T14:00:33.880Z,19010614,XBTUSD,Buy,129,3819,ZeroPlusTick,d6d2140e-32a8-db36-8875-c4b7b21855be,340174,289
3040472,2019-01-06T14:00:33.880Z,19010614,XBTUSD,Buy,3,3819,ZeroPlusTick,6a205fa0-3b28-4566-57bd-c41c3c001546,340177,290
3040488,2019-01-06T14:00:34.130Z,19010614,XBTUSD,Buy,200,3819,ZeroPlusTick,27e4a56c-5335-50eb-9a9a-19c1c57afec7,340377,291
3040497,2019-01-06T14:00:34.130Z,19010614,XBTUSD,Buy,11,3819,ZeroPlusTick,35c0f973-21b3-6bfd-1a35-4e6253e5f2c0,340388,292
3040510,2019-01-06T14:00:35.714Z,19010614,XBTUSD,Buy,50,3819,ZeroPlusTick,f098374f-9ba2-22ec-715c-a126f9f53ded,340438,293
3040511,2019-01-06T14:00:36.775Z,19010614,XBTUSD,Buy,234,3819,ZeroPlusTick,5d9f382e-0242-44f8-6558-f62db14ff2c5,340672,294
3040553,2019-01-06T14:00:42.532Z,19010614,XBTUSD,Buy,330,3819,ZeroPlusTick,3d38887c-8265-7ba5-1254-b255814d5ba3,341002,295
3040555,2019-01-06T14:00:42.801Z,19010614,XBTUSD,Buy,800,3819,ZeroPlusTick,0fa0517e-754e-31ca-86ae-5ac56c43f803,341802,296
3040584,2019-01-06T14:00:49.814Z,19010614,XBTUSD,Buy,2004,3819,ZeroPlusTick,42e264c0-99df-d062-f4f3-d7f3a931ec2a,343806,297
3040590,2019-01-06T14:00:49.814Z,19010614,XBTUSD,Buy,190,3819,ZeroPlusTick,1a075536-4f58-fc83-a334-0201311d46d4,343996,298
3040615,2019-01-06T14:00:53.646Z,19010614,XBTUSD,Buy,1800,3819,ZeroPlusTick,898050b4-6bc1-dd06-bdd6-5c862ffe9bdf,345796,299
3040632,2019-01-06T14:00:55.792Z,19010614,XBTUSD,Buy,1110,3819,ZeroPlusTick,e92e3c16-48a4-7a4a-6213-9538bf07202f,346906,300
3040678,2019-01-06T14:01:05.645Z,19010614,XBTUSD,Buy,11,3819,ZeroPlusTick,db6ef8fe-7a9a-375e-92c0-63240d44c1d1,346917,301
3040691,2019-01-06T14:01:05.645Z,19010614,XBTUSD,Buy,1800,3819,ZeroPlusTick,d32742a0-3134-9e4b-40c0-353e55a2657e,348717,302
3040700,2019-01-06T14:01:10.382Z,19010614,XBTUSD,Buy,1007,3819,ZeroPlusTick,5576fd7e-c174-4dd8-d062-374f11e193e7,349724,303
3040701,2019-01-06T14:01:10.960Z,19010614,XBTUSD,Buy,2656,3819,ZeroPlusTick,2f02b0ca-2c99-5d48-59e6-7b70e17b457b,352380,304
3040711,2019-01-06T14:01:10.960Z,19010614,XBTUSD,Buy,11,3819,ZeroPlusTick,504d8bee-b31c-8171-2cff-79a4a1cda8c5,352391,305
3040721,2019-01-06T14:01:10.960Z,19010614,XBTUSD,Buy,11,3819.5,ZeroPlusTick,449ffb78-da6b-2737-de7b-3ed3ff868aa3,352402,306
3040727,2019-01-06T14:01:10.960Z,19010614,XBTUSD,Buy,11,3819.5,ZeroPlusTick,59709b45-4192-2726-2b99-43bd9bc70066,352413,307
3040735,2019-01-06T14:01:10.960Z,19010614,XBTUSD,Buy,11,3819.5,ZeroPlusTick,d55a57fd-a6bf-8d67-d260-be5743e25817,352424,308
3040753,2019-01-06T14:01:10.960Z,19010614,XBTUSD,Buy,100,3819.5,ZeroPlusTick,9f4dcd53-e9d2-4928-21b4-37c53d8a48ea,352524,309
3040763,2019-01-06T14:01:10.960Z,19010614,XBTUSD,Buy,1175,3819.5,ZeroPlusTick,2685d329-ed03-43f0-a22c-1253b43feab9,353699,310
3040771,2019-01-06T14:01:10.960Z,19010614,XBTUSD,Buy,11,3819.5,ZeroPlusTick,ce10ba5b-63c1-344f-8d85-12f02d7f0fc4,353710,311
3040784,2019-01-06T14:01:10.960Z,19010614,XBTUSD,Buy,11,3819.5,ZeroPlusTick,1a0e6fc9-2089-cd6e-df9d-b633597527d4,353721,312
3040795,2019-01-06T14:01:10.960Z,19010614,XBTUSD,Buy,11,3819.5,ZeroPlusTick,b4b70281-28bd-c398-f43e-c1a0349855d5,353732,313
3040804,2019-01-06T14:01:10.960Z,19010614,XBTUSD,Buy,11,3819.5,ZeroPlusTick,f7ce87a8-c46c-6c8b-18ce-5d4e5f15cbc2,353743,314
3040816,2019-01-06T14:01:10.960Z,19010614,XBTUSD,Buy,11,3819.5,ZeroPlusTick,06a7e21b-3f16-a19c-905b-c3dd1c0355fd,353754,315
3040826,2019-01-06T14:01:10.960Z,19010614,XBTUSD,Buy,504,3819.5,ZeroPlusTick,206684c7-7cb3-fd95-cc1a-51450c59d552,354258,316
3040908,2019-01-06T14:01:24.672Z,19010614,XBTUSD,Sell,42848,3819,ZeroMinusTick,ee0d10d0-0c70-86e3-934f-5427b62ecde1,397106,317
3040934,2019-01-06T14:01:39.190Z,19010614,XBTUSD,Sell,16290,3819,MinusTick,a580a8e4-5e6a-458c-b514-49d9c713117e,413396,318
3040944,2019-01-06T14:01:39.190Z,19010614,XBTUSD,Sell,2000,3819,ZeroMinusTick,8cc80662-4c38-fa1d-d596-d6220670afba,415396,319
3040954,2019-01-06T14:01:39.190Z,19010614,XBTUSD,Sell,15,3819,ZeroMinusTick,b055118d-e420-6e7f-c9b6-b173d81d7b4b,415411,320
3040956,2019-01-06T14:01:39.190Z,19010614,XBTUSD,Sell,129,3819,ZeroMinusTick,a131fa77-1eb9-3d1e-011b-b3fa28e97994,415540,321
3040966,2019-01-06T14:01:39.190Z,19010614,XBTUSD,Sell,7000,3819,ZeroMinusTick,5965fbbf-f246-3a34-7673-16785c6c7cbe,422540,322
3040976,2019-01-06T14:01:39.190Z,19010614,XBTUSD,Sell,2,3819,ZeroMinusTick,f8e0d932-5423-13ec-0a40-79a0d4c8cc66,422542,323
3040986,2019-01-06T14:01:39.190Z,19010614,XBTUSD,Sell,16522,3819,ZeroMinusTick,4f44fdc7-c30e-65c8-b301-3d72fe7d109c,439064,324
3040496,2019-01-06T14:00:34.130Z,19010614,XBTUSD,Buy,500,3819,ZeroPlusTick,9283c3f0-ad0b-7482-3318-644925859ba3,439564,325
3040507,2019-01-06T14:00:34.130Z,19010614,XBTUSD,Buy,119116,3819,ZeroPlusTick,63dd2da4-4c6f-33f5-8ecc-879ef1deb07f,558680,326
3040508,2019-01-06T14:00:34.641Z,19010614,XBTUSD,Sell,98,3818.5,MinusTick,e25f047e-1dd8-9c5a-6591-1231eb487f73,558778,327
3040551,2019-01-06T14:00:42.532Z,19010614,XBTUSD,Buy,10,3819,ZeroPlusTick,436ef94a-a3d0-56d0-38e3-90fdcd8a9575,558788,328
3040574,2019-01-06T14:00:49.735Z,19010614,XBTUSD,Buy,2004,3819,ZeroPlusTick,838c8653-dcf8-91ad-5713-96ef8a196e06,560792,329
3040578,2019-01-06T14:00:49.814Z,19010614,XBTUSD,Buy,2004,3819,ZeroPlusTick,2e0e97e3-5b05-8d9f-5592-374108fa9009,562796,330
3040587,2019-01-06T14:00:49.814Z,19010614,XBTUSD,Buy,26,3819,ZeroPlusTick,9bd62792-de95-ee3a-51c4-105e79a8ceb5,562822,331
3040596,2019-01-06T14:00:50.298Z,19010614,XBTUSD,Buy,24,3819,ZeroPlusTick,63dbb016-35e2-38cf-d16a-c48a71c5489f,562846,332
3040614,2019-01-06T14:00:53.646Z,19010614,XBTUSD,Buy,1222,3819,ZeroPlusTick,cf1df799-9f02-692d-e053-eb06b8760120,564068,333
3040621,2019-01-06T14:00:55.185Z,19010614,XBTUSD,Buy,120,3819,ZeroPlusTick,e8a9a7e7-8fb1-9046-5ac5-bd73e47853f0,564188,334
3040625,2019-01-06T14:00:55.336Z,19010614,XBTUSD,Buy,800,3819,ZeroPlusTick,070abc4f-a746-27f7-f1c0-f97bb7448c74,564988,335
3040626,2019-01-06T14:00:55.566Z,19010614,XBTUSD,Buy,2,3819,ZeroPlusTick,b4d5e9de-f022-9d8b-b2c5-2311387d1d06,564990,336
3040627,2019-01-06T14:00:55.792Z,19010614,XBTUSD,Buy,835,3819,ZeroPlusTick,9bcafb0b-a0d0-7f3b-a529-d9dddd5a902f,565825,337
3040680,2019-01-06T14:01:05.645Z,19010614,XBTUSD,Buy,30,3819,ZeroPlusTick,3761550c-3394-7eee-a35c-a2b8a4adfa60,565855,338
3040692,2019-01-06T14:01:05.645Z,19010614,XBTUSD,Buy,5555,3819,ZeroPlusTick,5d2d84ca-a6c7-7097-55d4-2d8f65cfe25e,571410,339
3040706,2019-01-06T14:01:10.960Z,19010614,XBTUSD,Buy,120,3819,ZeroPlusTick,58d76137-dd6b-1e5a-355e-8bf5300cd818,571530,340
3040716,2019-01-06T14:01:10.960Z,19010614,XBTUSD,Buy,11,3819.5,PlusTick,8ca2e6bb-dc4d-3fe4-65a9-d577f2a21e77,571541,341
3040730,2019-01-06T14:01:10.960Z,19010614,XBTUSD,Buy,11,3819.5,ZeroPlusTick,3b788a83-2def-1b22-152d-477741165cef,571552,342
3040734,2019-01-06T14:01:10.960Z,19010614,XBTUSD,Buy,11,3819.5,ZeroPlusTick,f5513c0e-999e-d6af-527c-cd862f7145fd,571563,343
3040744,2019-01-06T14:01:10.960Z,19010614,XBTUSD,Buy,11,3819.5,ZeroPlusTick,a8c34b05-9e29-e6b6-1d6b-52677e72cee7,571574,344
3040754,2019-01-06T14:01:10.960Z,19010614,XBTUSD,Buy,1000,3819.5,ZeroPlusTick,637d9018-dc53-9b68-307f-6e2508f62075,572574,345
3040766,2019-01-06T14:01:10.960Z,19010614,XBTUSD,Buy,11,3819.5,ZeroPlusTick,e1c2f2e1-7983-7154-5661-ceb1fc1220fd,572585,346
3040770,2019-01-06T14:01:10.960Z,19010614,XBTUSD,Buy,11,3819.5,ZeroPlusTick,0d9dfc45-e8c1-5780-a233-29bbe2a3361c,572596,347
3040786,2019-01-06T14:01:10.960Z,19010614,XBTUSD,Buy,11,3819.5,ZeroPlusTick,2f902ff9-52f3-a4df-399d-d486a4fa1c0b,572607,348
3040792,2019-01-06T14:01:10.960Z,19010614,XBTUSD,Buy,11,3819.5,ZeroPlusTick,dc05c158-4910-b019-6c0e-41bb390e266c,572618,349
3040807,2019-01-06T14:01:10.960Z,19010614,XBTUSD,Buy,11,3819.5,ZeroPlusTick,5efdfbd5-4be7-e239-060f-67566795e680,572629,350
3040812,2019-01-06T14:01:10.960Z,19010614,XBTUSD,Buy,11,3819.5,ZeroPlusTick,2335d523-0653-ebac-78a4-99304d4c4c60,572640,351
3040822,2019-01-06T14:01:10.960Z,19010614,XBTUSD,Buy,11,3819.5,ZeroPlusTick,9a2f7aac-793b-bf6c-e3b8-a26b45e9ca82,572651,352
3040832,2019-01-06T14:01:10.960Z,19010614,XBTUSD,Buy,11,3819.5,ZeroPlusTick,17aa230a-cf79-d500-67d9-152da43b154e,572662,353
3040912,2019-01-06T14:01:24.672Z,19010614,XBTUSD,Sell,20000,3819,ZeroMinusTick,d47fde4d-8cee-be55-dbf6-db36f44731e0,592662,354
3040939,2019-01-06T14:01:39.190Z,19010614,XBTUSD,Sell,2000,3819,ZeroMinusTick,cd832e70-ea74-e416-53a9-cce20cbc95d2,594662,355
3040945,2019-01-06T14:01:39.190Z,19010614,XBTUSD,Sell,100,3819,ZeroMinusTick,4dcf6d15-d4f4-0483-2fb3-ba08ee1b327e,594762,356
3040955,2019-01-06T14:01:39.190Z,19010614,XBTUSD,Sell,150,3819,ZeroMinusTick,b495b666-7208-3aab-bef8-ba14b1b1e180,594912,357
3040965,2019-01-06T14:01:39.190Z,19010614,XBTUSD,Sell,304,3819,ZeroMinusTick,0f3ebe4c-4596-1591-9be4-e77cb5fb967c,595216,358
3040968,2019-01-06T14:01:39.190Z,19010614,XBTUSD,Sell,15,3819,ZeroMinusTick,6d0b9706-4577-48e7-b326-3f60b22a4e6c,595231,359
3040981,2019-01-06T14:01:39.190Z,19010614,XBTUSD,Sell,10256,3819,ZeroMinusTick,1b547e9e-6ad6-9f58-3914-9f22b42235d5,605487,360
3040992,2019-01-06T14:01:39.353Z,19010614,XBTUSD,Buy,100,3819.5,ZeroPlusTick,3bdd8cab-df65-5042-730c-9593eb71857d,605587,361
3040999,2019-01-06T14:01:42.758Z,19010614,XBTUSD,Buy,25,3819.5,ZeroPlusTick,3b0e851b-a9b3-212c-b85e-0fb9d81a0b70,605612,362
3041007,2019-01-06T14:01:50.229Z,19010614,XBTUSD,Buy,469,3819.5,ZeroPlusTick,e6618dfe-4a83-180c-035e-7005ff56c341,606081,363
3041016,2019-01-06T14:01:54.306Z,19010614,XBTUSD,Sell,530,3819,ZeroMinusTick,48ffcbc0-6696-7245-fd29-83085f76e854,606611,364
3040504,2019-01-06T14:00:34.130Z,19010614,XBTUSD,Buy,1000,3819,ZeroPlusTick,28b7dfd3-f63e-a0cb-2e23-24fcaba3a11d,607611,365
3040512,2019-01-06T14:00:36.775Z,19010614,XBTUSD,Buy,174,3819,ZeroPlusTick,97652f6a-131f-f06c-d703-56eab905b9ba,607785,366
3040585,2019-01-06T14:00:49.814Z,19010614,XBTUSD,Buy,382,3819,ZeroPlusTick,d1fd59e4-f384-b7d0-a643-de0b64accb33,608167,367
3040594,2019-01-06T14:00:49.814Z,19010614,XBTUSD,Buy,1779,3819,ZeroPlusTick,b167b94c-53d6-7f06-6ac8-5f45fdd7a1e7,609946,368
3040600,2019-01-06T14:00:53.116Z,19010614,XBTUSD,Buy,225,3819,ZeroPlusTick,ca50724f-56ad-ba14-10c5-1b4d9b24c4db,610171,369
3040606,2019-01-06T14:00:53.361Z,19010614,XBTUSD,Buy,120,3819,ZeroPlusTick,8ea3fd41-5629-73ea-cc9b-64fe1a83441b,610291,370
3040610,2019-01-06T14:00:53.646Z,19010614,XBTUSD,Buy,480,3819,ZeroPlusTick,6ba86ec5-5b12-4140-b2cc-085aaaa88791,610771,371
3040675,2019-01-06T14:01:05.645Z,19010614,XBTUSD,Buy,999,3819,ZeroPlusTick,a064bab7-4572-140d-33af-d80452d1f983,611770,372
3040685,2019-01-06T14:01:05.645Z,19010614,XBTUSD,Buy,500,3819,ZeroPlusTick,6bbb4aea-280b-99c7-fa9f-ea71305d92c9,612270,373
3040693,2019-01-06T14:01:05.645Z,19010614,XBTUSD,Buy,7114,3819,ZeroPlusTick,e1a7765b-4635-ec18-fcf7-642c61751383,619384,374
3040707,2019-01-06T14:01:10.960Z,19010614,XBTUSD,Buy,480,3819,ZeroPlusTick,e0081b3b-5909-177c-4044-c6f691d635dd,619864,375
3040714,2019-01-06T14:01:10.960Z,19010614,XBTUSD,Buy,26,3819,ZeroPlusTick,a974dc19-b2b8-d56f-aa83-f3bcdad3c06e,619890,376
3040728,2019-01-06T14:01:10.960Z,19010614,XBTUSD,Buy,11,3819.5,ZeroPlusTick,81ecc340-2265-8579-9527-15cc573829c9,619901,377
3040739,2019-01-06T14:01:10.960Z,19010614,XBTUSD,Buy,11,3819.5,ZeroPlusTick,9c999a4f-74d0-0c96-7006-d37741dc2f2a,619912,378
3040748,2019-01-06T14:01:10.960Z,19010614,XBTUSD,Buy,11,3819.5,ZeroPlusTick,e7488405-fc26-38a9-c62a-14eb958ca80a,619923,379
3040758,2019-01-06T14:01:10.960Z,19010614,XBTUSD,Buy,11,3819.5,ZeroPlusTick,d337ba2e-7162-6e0f-a5b8-7a4e99ecbed8,619934,380
3040768,2019-01-06T14:01:10.960Z,19010614,XBTUSD,Buy,1000,3819.5,ZeroPlusTick,ddbcfa45-bd76-a7c3-effc-f8564c85169a,620934,381
3040778,2019-01-06T14:01:10.960Z,19010614,XBTUSD,Buy,11,3819.5,ZeroPlusTick,502150e5-cd66-de7c-3637-69981c2181d9,620945,382
3040782,2019-01-06T14:01:10.960Z,19010614,XBTUSD,Buy,11,3819.5,ZeroPlusTick,96e5f374-7ace-fe17-2e21-27f9162b872e,620956,383
3040793,2019-01-06T14:01:10.960Z,19010614,XBTUSD,Buy,480,3819.5,ZeroPlusTick,c60b3725-c8d5-9170-bb81-77d027e74eb0,621436,384
3040803,2019-01-06T14:01:10.960Z,19010614,XBTUSD,Buy,11,3819.5,ZeroPlusTick,b5a5fc5a-e28a-3e48-2360-c1b415c3e9db,621447,385
3040818,2019-01-06T14:01:10.960Z,19010614,XBTUSD,Buy,11,3819.5,ZeroPlusTick,a5ad614f-0a94-885f-d12e-8fdbf9ef8ab3,621458,386
3040824,2019-01-06T14:01:10.960Z,19010614,XBTUSD,Buy,11,3819.5,ZeroPlusTick,189afebd-b4d7-fb1b-92ca-2015de74e9b9,621469,387
3040833,2019-01-06T14:01:10.960Z,19010614,XBTUSD,Buy,11,3819.5,ZeroPlusTick,f6b60bf0-4181-8ed0-905c-a6f18070bbf2,621480,388
3040903,2019-01-06T14:01:24.672Z,19010614,XBTUSD,Sell,89,3819,MinusTick,1fb30e25-beae-ac65-92c0-73889e4985e0,621569,389
3040913,2019-01-06T14:01:24.672Z,19010614,XBTUSD,Sell,3710,3819,ZeroMinusTick,0d780aa3-d325-91fd-e9a4-71ec33496219,625279,390
3040922,2019-01-06T14:01:33.868Z,19010614,XBTUSD,Buy,5,3819.5,ZeroPlusTick,e3f02955-ab8f-c628-99e9-404945fd4022,625284,391
3040937,2019-01-06T14:01:39.190Z,19010614,XBTUSD,Sell,90,3819,ZeroMinusTick,09157905-f00a-f7ce-c710-65d631ab2c34,625374,392
3040946,2019-01-06T14:01:39.190Z,19010614,XBTUSD,Sell,4000,3819,ZeroMinusTick,97ff6ee7-db30-4d13-a36c-22bd5b92d5bd,629374,393
3040962,2019-01-06T14:01:39.190Z,19010614,XBTUSD,Sell,15276,3819,ZeroMinusTick,f70d3d8e-abe7-97aa-452b-2b3831a3de99,644650,394
3040975,2019-01-06T14:01:39.190Z,19010614,XBTUSD,Sell,31,3819,ZeroMinusTick,27b5a7b2-ba5a-793e-e167-68143b15e601,644681,395
3040978,2019-01-06T14:01:39.190Z,19010614,XBTUSD,Sell,376,3819,ZeroMinusTick,1d15ed7d-349c-2f0b-0c0e-504da7d61fbc,645057,396
3040987,2019-01-06T14:01:39.353Z,19010614,XBTUSD,Buy,4608,3819.5,PlusTick,f647d298-dcd0-23d1-8380-8fcd4d34a035,649665,397
3041000,2019-01-06T14:01:43.583Z,19010614,XBTUSD,Sell,850,3819,MinusTick,e06ac6a6-52c9-d44b-fa72-08b86b810e26,650515,398
3040549,2019-01-06T14:00:42.532Z,19010614,XBTUSD,Buy,120,3819,ZeroPlusTick,1ff686ac-619a-9f5c-e907-89ce375970fa,650635,399
3040582,2019-01-06T14:00:49.814Z,19010614,XBTUSD,Buy,2004,3819,ZeroPlusTick,323a9af3-92fc-acd2-9be9-f6b1cea7bdd4,652639,400
3040592,2019-01-06T14:00:49.814Z,19010614,XBTUSD,Buy,480,3819,ZeroPlusTick,6a8833d7-47a9-8c43-a775-d1edae9cd340,653119,401
3040595,2019-01-06T14:00:50.298Z,19010614,XBTUSD,Buy,122,3819,ZeroPlusTick,65f98da1-1dc8-ccce-8fbb-cdeca6edbce4,653241,402
3040681,2019-01-06T14:01:05.645Z,19010614,XBTUSD,Buy,10,3819,ZeroPlusTick,b134b1ce-010d-4d8d-c964-2db962782a93,653251,403
3040689,2019-01-06T14:01:05.645Z,19010614,XBTUSD,Buy,50,3819,ZeroPlusTick,96f987bb-ac46-19ef-4d62-098b79d9919d,653301,404
3040696,2019-01-06T14:01:07.341Z,19010614,XBTUSD,Buy,43,3819,ZeroPlusTick,0fe5260d-b3c0-ced5-d968-e898bd4ec3af,653344,405
3040709,2019-01-06T14:01:10.960Z,19010614,XBTUSD,Buy,11,3819,ZeroPlusTick,3fb95ef8-8e63-434a-4123-96b1a8e56a60,653355,406
3040720,2019-01-06T14:01:10.960Z,19010614,XBTUSD,Buy,11,3819.5,ZeroPlusTick,f1080823-73e1-0c6c-64e8-af242b35bab8,653366,407
3040723,2019-01-06T14:01:10.960Z,19010614,XBTUSD,Buy,200,3819.5,ZeroPlusTick,9ca3bc20-a0d2-634c-efbe-1217893e79c1,653566,408
3040733,2019-01-06T14:01:10.960Z,19010614,XBTUSD,Buy,11,3819.5,ZeroPlusTick,7944964e-5ea1-99f6-2e34-1561b20eb82c,653577,409
3040743,2019-01-06T14:01:10.960Z,19010614,XBTUSD,Buy,11,3819.5,ZeroPlusTick,e624575f-6b80-fb24-926d-bb90e54c8fa1,653588,410
3040752,2019-01-06T14:01:10.960Z,19010614,XBTUSD,Buy,11,3819.5,ZeroPlusTick,4fb88463-4c59-2717-5fe2-22a736d001ba,653599,411
3040764,2019-01-06T14:01:10.960Z,19010614,XBTUSD,Buy,11,3819.5,ZeroPlusTick,822cd60f-1f86-a647-e96f-05cca6d377a6,653610,412
3040769,2019-01-06T14:01:10.960Z,19010614,XBTUSD,Buy,700,3819.5,ZeroPlusTick,38b515c4-1c16-8893-86c2-6471f2733d15,654310,413
3040779,2019-01-06T14:01:10.960Z,19010614,XBTUSD,Buy,11,3819.5,ZeroPlusTick,ea0fe21b-38fe-640a-dec5-bf9232cf33a6,654321,414
3040789,2019-01-06T14:01:10.960Z,19010614,XBTUSD,Buy,11,3819.5,ZeroPlusTick,cb45aca3-578b-b371-5b68-bfaeb5a47a5c,654332,415
3040791,2019-01-06T14:01:10.960Z,19010614,XBTUSD,Buy,11,3819.5,ZeroPlusTick,7e2d6677-0fc0-a58c-2e2b-07c32047353d,654343,416
3040801,2019-01-06T14:01:10.960Z,19010614,XBTUSD,Buy,1,3819.5,ZeroPlusTick,b6467016-63fc-fb9a-5b04-9bcdc283ffdb,654344,417
3040809,2019-01-06T14:01:10.960Z,19010614,XBTUSD,Buy,27,3819.5,ZeroPlusTick,766e2b98-20d0-54c3-56e8-4ab309588997,654371,418
3040819,2019-01-06T14:01:10.960Z,19010614,XBTUSD,Buy,11,3819.5,ZeroPlusTick,ab2074bf-5939-db2b-c94a-d39890644877,654382,419
3040830,2019-01-06T14:01:10.960Z,19010614,XBTUSD,Buy,11,3819.5,ZeroPlusTick,1c2377f0-35b9-88bf-3468-6d961efbc06e,654393,420
3040905,2019-01-06T14:01:24.672Z,19010614,XBTUSD,Sell,1,3819,ZeroMinusTick,2a9ae731-a9ea-e5e2-27b5-13fca386c893,654394,421
3040918,2019-01-06T14:01:29.562Z,19010614,XBTUSD,Buy,2000,3819.5,PlusTick,c56bfae2-c590-0919-2939-bbd4933ad27e,656394,422
3040925,2019-01-06T14:01:36.207Z,19010614,XBTUSD,Buy,25,3819.5,ZeroPlusTick,4c4adb61-6d00-3289-7804-b59c9e35a163,656419,423
3040935,2019-01-06T14:01:39.190Z,19010614,XBTUSD,Sell,5000,3819,ZeroMinusTick,e09d8bbf-6e9b-2007-bcd1-2d58701d7a7e,661419,424
3040952,2019-01-06T14:01:39.190Z,19010614,XBTUSD,Sell,11,3819,ZeroMinusTick,1a26743f-6338-267d-67bb-61d8acc96196,661430,425
3040961,2019-01-06T14:01:39.190Z,19010614,XBTUSD,Sell,100,3819,ZeroMinusTick,b7364c1e-5a64-9a82-2707-4142c0015506,661530,426
3040973,2019-01-06T14:01:39.190Z,19010614,XBTUSD,Sell,15,3819,ZeroMinusTick,cefc522a-126a-c1ad-0f57-08ecd26b4bb1,661545,427
3040979,2019-01-06T14:01:39.190Z,19010614,XBTUSD,Sell,73959,3819,ZeroMinusTick,0bc253c4-64e0-29a0-8bac-902f112b69dc,735504,428
3041010,2019-01-06T14:01:50.229Z,19010614,XBTUSD,Buy,4374,3819.5,ZeroPlusTick,b8ede2f9-0ad4-c1c8-6a40-1e745d578df1,739878,429
3041013,2019-01-06T14:01:51.727Z,19010614,XBTUSD,Buy,2173,3819.5,ZeroPlusTick,8be3fb17-9d3d-9b6d-8f6d-1a329c677e6a,742051,430
3041024,2019-01-06T14:01:59.095Z,19010614,XBTUSD,Sell,300,3819,MinusTick,640f1d08-3952-6abd-0a4c-0d55b5952e9d,742351,431
3041049,2019-01-06T14:02:03.532Z,19010614,XBTUSD,Buy,800,3819.5,PlusTick,386e0d65-cbea-94c8-b5ff-b4bd0ca7f97f,743151,432
3041055,2019-01-06T14:02:04.437Z,19010614,XBTUSD,Buy,407,3819.5,ZeroPlusTick,feb252de-467c-6ea2-092b-87fcf20affde,743558,433
3040645,2019-01-06T14:00:57.393Z,19010614,XBTUSD,Buy,60,3819,ZeroPlusTick,3eab59d0-8595-91b3-9846-00ac91c84bf1,743618,434
3040679,2019-01-06T14:01:05.645Z,19010614,XBTUSD,Buy,31,3819,ZeroPlusTick,f406afac-f1f6-19ba-3813-aac55395b41b,743649,435
3040688,2019-01-06T14:01:05.645Z,19010614,XBTUSD,Buy,3000,3819,ZeroPlusTick,235188f9-83fc-eeff-38d1-6065daf6bf24,746649,436
3040695,2019-01-06T14:01:06.041Z,19010614,XBTUSD,Buy,163,3819,PlusTick,3c88df49-8b28-c538-dbd2-794292d1a773,746812,437
3040698,2019-01-06T14:01:09.487Z,19010614,XBTUSD,Buy,1007,3819,ZeroPlusTick,649a3640-2fad-fee8-1723-6694c17044c1,747819,438
3040699,2019-01-06T14:01:09.589Z,19010614,XBTUSD,Buy,10,3819,ZeroPlusTick,2851f90b-b48c-0526-8a46-ce6ec5edf067,747829,439
3040708,2019-01-06T14:01:10.960Z,19010614,XBTUSD,Buy,31,3819,ZeroPlusTick,0ec6f115-4ef3-a20c-c592-d35a63feabf7,747860,440
3040713,2019-01-06T14:01:10.960Z,19010614,XBTUSD,Buy,27,3819,ZeroPlusTick,c27a0ace-0a88-ac6c-d760-c6c68d328324,747887,441
3040726,2019-01-06T14:01:10.960Z,19010614,XBTUSD,Buy,11,3819.5,ZeroPlusTick,a911e54c-04cd-98e0-192e-b8c91f7629bb,747898,442
3040736,2019-01-06T14:01:10.960Z,19010614,XBTUSD,Buy,50,3819.5,ZeroPlusTick,87219744-55a2-1a1f-c501-5b882698de2e,747948,443
3040746,2019-01-06T14:01:10.960Z,19010614,XBTUSD,Buy,11,3819.5,ZeroPlusTick,908f0614-b156-afbb-bea4-12762f8741f7,747959,444
3040757,2019-01-06T14:01:10.960Z,19010614,XBTUSD,Buy,11,3819.5,ZeroPlusTick,4510f30b-8c07-1cec-38a8-399e92e3917a,747970,445
3040762,2019-01-06T14:01:10.960Z,19010614,XBTUSD,Buy,11,3819.5,ZeroPlusTick,a2501842-2fa8-1e2c-d57e-971dc10ed22b,747981,446
3040773,2019-01-06T14:01:10.960Z,19010614,XBTUSD,Buy,11,3819.5,ZeroPlusTick,83c42ae6-385b-8d0a-7907-ab25de8417a9,747992,447
3040788,2019-01-06T14:01:10.960Z,19010614,XBTUSD,Buy,11,3819.5,ZeroPlusTick,cf73e539-1f04-91c6-7fe3-2122d1d28cff,748003,448
3040798,2019-01-06T14:01:10.960Z,19010614,XBTUSD,Buy,11,3819.5,ZeroPlusTick,098ceeb3-874a-330f-a65a-6b5158cc769d,748014,449
3040808,2019-01-06T14:01:10.960Z,19010614,XBTUSD,Buy,11,3819.5,ZeroPlusTick,50de136f-0882-8187-8f0f-9162671ae949,748025,450
3040814,2019-01-06T14:01:10.960Z,19010614,XBTUSD,Buy,11,3819.5,ZeroPlusTick,8e5dcfa4-b44f-1c38-f239-7420845d3baf,748036,451
3040827,2019-01-06T14:01:10.960Z,19010614,XBTUSD,Buy,11,3819.5,ZeroPlusTick,fec99bc1-58d8-0cd7-fae2-22618b854170,748047,452
3040906,2019-01-06T14:01:24.672Z,19010614,XBTUSD,Sell,75,3819,ZeroMinusTick,b1d63aab-4aa2-272e-172e-963ec3dd8f25,748122,453
3040940,2019-01-06T14:01:39.190Z,19010614,XBTUSD,Sell,90,3819,ZeroMinusTick,413a0caf-f62d-b602-e0b0-65df9f92f471,748212,454
3040953,2019-01-06T14:01:39.190Z,19010614,XBTUSD,Sell,27,3819,ZeroMinusTick,3841d8b7-e4e8-6c3c-2931-01f0c7d27e22,748239,455
3040960,2019-01-06T14:01:39.190Z,19010614,XBTUSD,Sell,1587,3819,ZeroMinusTick,3b51b268-2685-4c7e-2f16-3bc842ed7197,749826,456
3040967,2019-01-06T14:01:39.190Z,19010614,XBTUSD,Sell,124,3819,ZeroMinusTick,76249924-a3c6-357e-f3ae-62a87e546377,749950,457
3040977,2019-01-06T14:01:39.190Z,19010614,XBTUSD,Sell,181,3819,ZeroMinusTick,d6cb3244-086e-7f52-7cca-8f6cf84c3025,750131,458
3040988,2019-01-06T14:01:39.353Z,19010614,XBTUSD,Buy,11,3819.5,ZeroPlusTick,5c899572-1d23-5ded-ca0c-c7ebc544842a,750142,459
3041004,2019-01-06T14:01:46.693Z,19010614,XBTUSD,Sell,300,3819,ZeroMinusTick,61e2a0f3-475a-990d-5dde-2f2ddb03f3ff,750442,460
3041006,2019-01-06T14:01:50.209Z,19010614,XBTUSD,Buy,1,3819.5,PlusTick,40d24c9d-106f-de7d-bf4e-c9d831f47141,750443,461
3041008,2019-01-06T14:01:50.229Z,19010614,XBTUSD,Buy,3,3819.5,ZeroPlusTick,82030cac-85bc-0476-8648-b108a7812c63,750446,462
3041017,2019-01-06T14:01:56.397Z,19010614,XBTUSD,Sell,1,3819,ZeroMinusTick,73338287-3db6-2121-31af-fa725d573adb,750447,463
3041086,2019-01-06T14:02:10.772Z,19010614,XBTUSD,Sell,970,3819,ZeroMinusTick,2ee5ba79-426a-e30e-927f-c60fcfe69ce0,751417,464
3041140,2019-01-06T14:02:31.762Z,19010614,XBTUSD,Sell,10,3819,ZeroMinusTick,401d6cb4-39d9-ee44-d87f-658b293f4f23,751427,465
3041144,2019-01-06T14:02:31.762Z,19010614,XBTUSD,Sell,15276,3819,ZeroMinusTick,d6677bf2-4305-dbd0-7513-9b6202146417,766703,466
3041161,2019-01-06T14:02:31.762Z,19010614,XBTUSD,Sell,2222,3819,ZeroMinusTick,b2b37066-0518-a33b-eb10-a45f0992e89b,768925,467
3040724,2019-01-06T14:01:10.960Z,19010614,XBTUSD,Buy,11,3819.5,ZeroPlusTick,4135a477-7d7b-67bf-b0d3-bcb4ea68144d,768936,468
3040740,2019-01-06T14:01:10.960Z,19010614,XBTUSD,Buy,10000,3819.5,ZeroPlusTick,149cdf00-be7a-43e3-3e7a-f8e61649eabb,778936,469
3040745,2019-01-06T14:01:10.960Z,19010614,XBTUSD,Buy,11,3819.5,ZeroPlusTick,cb58c62d-e260-f9a8-032b-f3778c5dfc41,778947,470
3040756,2019-01-06T14:01:10.960Z,19010614,XBTUSD,Buy,11,3819.5,ZeroPlusTick,733c3ccc-f493-d497-da04-29f9c3487697,778958,471
3040765,2019-01-06T14:01:10.960Z,19010614,XBTUSD,Buy,11,3819.5,ZeroPlusTick,9ca6e5a9-e1f2-d4dc-129a-ca3255546cf1,778969,472
3040775,2019-01-06T14:01:10.960Z,19010614,XBTUSD,Buy,200,3819.5,ZeroPlusTick,aac81b92-5433-4028-5d39-abd42969d780,779169,473
3040781,2019-01-06T14:01:10.960Z,19010614,XBTUSD,Buy,100,3819.5,ZeroPlusTick,5e47d44d-630b-ba96-8ab4-319e402a1fc7,779269,474
3040794,2019-01-06T14:01:10.960Z,19010614,XBTUSD,Buy,11,3819.5,ZeroPlusTick,d10996a5-cd76-faad-c230-f258416966fd,779280,475
3040806,2019-01-06T14:01:10.960Z,19010614,XBTUSD,Buy,10000,3819.5,ZeroPlusTick,0675b6b3-6f63-807a-d48c-e0a38f15fa7b,789280,476
3040813,2019-01-06T14:01:10.960Z,19010614,XBTUSD,Buy,1000,3819.5,ZeroPlusTick,3c13965a-b57f-d8bd-d86b-b19093e6b053,790280,477
3040829,2019-01-06T14:01:10.960Z,19010614,XBTUSD,Buy,11,3819.5,ZeroPlusTick,7aee4f16-1605-b6ae-60dc-3b15651fc147,790291,478
3040904,2019-01-06T14:01:24.672Z,19010614,XBTUSD,Sell,150,3819,ZeroMinusTick,446a8533-78e1-3470-af62-64629dee4fda,790441,479
3040938,2019-01-06T14:01:39.190Z,19010614,XBTUSD,Sell,100,3819,ZeroMinusTick,ebe9fd9e-748a-33a3-7f3c-9af9b7c7395c,790541,480
3040950,2019-01-06T14:01:39.190Z,19010614,XBTUSD,Sell,5000,3819,ZeroMinusTick,8da300d3-18b8-1eac-6b44-54ef00d68bca,795541,481
3040964,2019-01-06T14:01:39.190Z,19010614,XBTUSD,Sell,2000,3819,ZeroMinusTick,90381efe-143e-051e-c9ed-66afdc55c561,797541,482
3040974,2019-01-06T14:01:39.190Z,19010614,XBTUSD,Sell,30,3819,ZeroMinusTick,8935e86c-6d4e-2b8f-c45e-1226ca4a250e,797571,483
3040985,2019-01-06T14:01:39.190Z,19010614,XBTUSD,Sell,1294,3819,ZeroMinusTick,c378ba27-bd40-ac76-3b0a-f58238666ec9,798865,484
3040989,2019-01-06T14:01:39.353Z,19010614,XBTUSD,Buy,11,3819.5,ZeroPlusTick,135f2535-d3fa-29b4-0c2e-cb12a4f0e44a,798876,485
3041084,2019-01-06T14:02:10.772Z,19010614,XBTUSD,Sell,25,3819,ZeroMinusTick,90a2f42b-c846-df8d-26fb-42b950f3196c,798901,486
3041135,2019-01-06T14:02:31.762Z,19010614,XBTUSD,Sell,625,3819,ZeroMinusTick,45d44794-6a38-a436-6dd7-e9fc8e2f63ea,799526,487
3041143,2019-01-06T14:02:31.762Z,19010614,XBTUSD,Sell,10000,3819,ZeroMinusTick,adf36cd3-5379-f2f4-ddde-850e6234ba4e,809526,488
3041153,2019-01-06T14:02:31.762Z,19010614,XBTUSD,Sell,15,3819,ZeroMinusTick,4d3e9fa9-edbb-3609-2c99-d5865d198f22,809541,489
3041163,2019-01-06T14:02:31.762Z,19010614,XBTUSD,Sell,20,3819,ZeroMinusTick,284dd06f-833e-77e3-2170-e17a7b219976,809561,490
3041166,2019-01-06T14:02:31.762Z,19010614,XBTUSD,Sell,38,3819,ZeroMinusTick,f7e6cacc-cce7-97aa-2f77-745b5a58cf22,809599,491
3041184,2019-01-06T14:02:35.834Z,19010614,XBTUSD,Sell,11,3818.5,ZeroMinusTick,b6f4f40f-9e3d-5816-96b8-18b3ccc37201,809610,492
3041199,2019-01-06T14:02:36.831Z,19010614,XBTUSD,Sell,16,3818.5,ZeroMinusTick,28d1ef61-c56b-62ff-02c5-7016393a00c4,809626,493
3041208,2019-01-06T14:02:36.831Z,19010614,XBTUSD,Sell,748,3818.5,ZeroMinusTick,a08ed2cc-7c75-b6ad-ecc5-30130482ae40,810374,494
3041241,2019-01-06T14:02:47.240Z,19010614,XBTUSD,Sell,1777,3818.5,MinusTick,8f07aa16-ec86-f70c-d3b3-184efe08288f,812151,495
3040800,2019-01-06T14:01:10.960Z,19010614,XBTUSD,Buy,1000,3819.5,ZeroPlusTick,27bc7d49-3c7e-a2da-6d0e-e6f5bc72aab6,813151,496
3040810,2019-01-06T14:01:10.960Z,19010614,XBTUSD,Buy,11,3819.5,ZeroPlusTick,a038549c-2e8a-efb3-edd1-3695038ea6f8,813162,497
3040820,2019-01-06T14:01:10.960Z,19010614,XBTUSD,Buy,71,3819.5,ZeroPlusTick,8ae1bdc2-be52-ce72-520d-58645aacdbe8,813233,498
3040823,2019-01-06T14:01:10.960Z,19010614,XBTUSD,Buy,50,3819.5,ZeroPlusTick,57f69181-4105-40fe-f9ad-56914175b28b,813283,499
3040834,2019-01-06T14:01:10.960Z,19010614,XBTUSD,Buy,3182,3819.5,ZeroPlusTick,6c410347-a618-2859-d829-7739452a1ab4,816465,500
3040835,2019-01-06T14:01:11.485Z,19010614,XBTUSD,Buy,1,3819.5,ZeroPlusTick,d8ff7e82-4138-128c-95a0-fedc03fc31d3,816466,501
3040907,2019-01-06T14:01:24.672Z,19010614,XBTUSD,Sell,10000,3819,ZeroMinusTick,98abf5fa-686c-acd3-a17f-1c1f1606e4f9,826466,502
3040942,2019-01-06T14:01:39.190Z,19010614,XBTUSD,Sell,150,3819,ZeroMinusTick,28946886-cd65-bba7-c106-844746fec2f3,826616,503
3040949,2019-01-06T14:01:39.190Z,19010614,XBTUSD,Sell,4000,3819,ZeroMinusTick,c8163ca7-26f3-0ce4-2166-42a71833b63a,830616,504
3040957,2019-01-06T14:01:39.190Z,19010614,XBTUSD,Sell,32,3819,ZeroMinusTick,ead30c83-2975-add3-040d-e16b6e49b146,830648,505
3040969,2019-01-06T14:01:39.190Z,19010614,XBTUSD,Sell,625,3819,ZeroMinusTick,410e4982-0a46-09bd-0aa3-2fe25cc2e99f,831273,506
3040982,2019-01-06T14:01:39.190Z,19010614,XBTUSD,Sell,11,3819,ZeroMinusTick,ce154456-e82d-291a-7dce-7bfbabc13464,831284,507
3040990,2019-01-06T14:01:39.353Z,19010614,XBTUSD,Buy,2,3819.5,ZeroPlusTick,e5171e02-a857-8de8-105b-06b313eda450,831286,508
3041019,2019-01-06T14:01:57.540Z,19010614,XBTUSD,Sell,1,3819,ZeroMinusTick,59908226-4499-ec38-e5a4-852ea84fa904,831287,509
3041047,2019-01-06T14:02:02.744Z,19010614,XBTUSD,Sell,3000,3819,ZeroMinusTick,af1cf5dd-44d9-e732-2085-f44dac95cb55,834287,510
3041063,2019-01-06T14:02:04.813Z,19010614,XBTUSD,Buy,149,3819.5,ZeroPlusTick,8af66b29-34d2-6540-f62b-ca509c3a2de7,834436,511
3041134,2019-01-06T14:02:31.762Z,19010614,XBTUSD,Sell,10,3819,ZeroMinusTick,71a0c9fb-ef37-6ca6-c100-5490ad1155d0,834446,512
3041151,2019-01-06T14:02:31.762Z,19010614,XBTUSD,Sell,50,3819,ZeroMinusTick,bdb0e8fb-5a22-ce43-ab88-983ddf8098e9,834496,513
3041157,2019-01-06T14:02:31.762Z,19010614,XBTUSD,Sell,480,3819,ZeroMinusTick,1aed362c-0f67-9611-cf8f-77affea6baf1,834976,514
3041183,2019-01-06T14:02:35.834Z,19010614,XBTUSD,Sell,129,3818.5,ZeroMinusTick,c034d4d3-f110-4d84-cd3f-130bb7026d85,835105,515
3041200,2019-01-06T14:02:36.831Z,19010614,XBTUSD,Sell,5000,3818.5,ZeroMinusTick,ecfda870-bdf1-7823-cd7e-c54b75f0cff7,840105,516
3041206,2019-01-06T14:02:36.831Z,19010614,XBTUSD,Sell,20,3818.5,ZeroMinusTick,c2318e78-91a9-e4d9-fab0-85e2b2d87633,840125,517
3041219,2019-01-06T14:02:38.621Z,19010614,XBTUSD,Sell,482,3818.5,ZeroMinusTick,e0715760-1ded-eefd-5626-f63c00c024f0,840607,518
3041271,2019-01-06T14:03:01.324Z,19010614,XBTUSD,Buy,400,3819,PlusTick,9ca4b504-e443-bbc4-76bc-5ae3853be34e,841007,519
3041353,2019-01-06T14:03:24.208Z,19010614,XBTUSD,Sell,9416,3818.5,ZeroMinusTick,fb7908b8-66ce-9a76-6085-faacb02671d5,850423,520
3040911,2019-01-06T14:01:24.672Z,19010614,XBTUSD,Sell,5000,3819,ZeroMinusTick,c3bca5db-a650-ae4b-b8cb-4566a60ffeec,855423,521
3040943,2019-01-06T14:01:39.190Z,19010614,XBTUSD,Sell,10129,3819,ZeroMinusTick,ba9be942-f6cb-120b-a52b-21d095f9c7f3,865552,522
3040947,2019-01-06T14:01:39.190Z,19010614,XBTUSD,Sell,20000,3819,ZeroMinusTick,46bc0d17-1222-6b2f-56c5-e4af3b38437f,885552,523
3040963,2019-01-06T14:01:39.190Z,19010614,XBTUSD,Sell,480,3819,ZeroMinusTick,3271bd1b-7238-5107-b7ee-df9fb0b29706,886032,524
3040970,2019-01-06T14:01:39.190Z,19010614,XBTUSD,Sell,625,3819,ZeroMinusTick,87112826-9299-9d80-70ee-eb252d4df005,886657,525
3040980,2019-01-06T14:01:39.190Z,19010614,XBTUSD,Sell,10,3819,ZeroMinusTick,b44ae591-149c-4223-c452-5fe81ea0dad2,886667,526
3040991,2019-01-06T14:01:39.353Z,19010614,XBTUSD,Buy,1,3819.5,ZeroPlusTick,f26041b8-bdb8-2650-b083-86a7bd792c43,886668,527
3041009,2019-01-06T14:01:50.229Z,19010614,XBTUSD,Buy,154,3819.5,ZeroPlusTick,1b42f371-0c2e-9ca4-e8bd-438425d5564c,886822,528
3041085,2019-01-06T14:02:10.772Z,19010614,XBTUSD,Sell,480,3819,ZeroMinusTick,fa2dc2ce-f4fc-8c2a-e0d0-0ea879cbbee5,887302,529
3041110,2019-01-06T14:02:18.025Z,19010614,XBTUSD,Buy,1248,3819.5,ZeroPlusTick,9af26127-2814-902d-227f-47c6290cd25c,888550,530
3041132,2019-01-06T14:02:31.762Z,19010614,XBTUSD,Sell,3000,3819,ZeroMinusTick,88c2c99f-ccfc-e927-2dfd-b4c87eb157a8,891550,531
3041146,2019-01-06T14:02:31.762Z,19010614,XBTUSD,Sell,20,3819,ZeroMinusTick,b21ae1b4-3012-4942-55d6-faa58e3deed8,891570,532
3041162,2019-01-06T14:02:31.762Z,19010614,XBTUSD,Sell,40,3819,ZeroMinusTick,751d1ba8-ac5a-057b-d765-e1a317b6ae0c,891610,533
3041187,2019-01-06T14:02:35.834Z,19010614,XBTUSD,Sell,10,3818.5,ZeroMinusTick,8f4de26b-0a70-d28d-6dd4-fd87d54ec566,891620,534
3041197,2019-01-06T14:02:36.831Z,19010614,XBTUSD,Sell,122,3818.5,ZeroMinusTick,1d8ad217-5418-0cf4-2fb8-5be65e6ffd34,891742,535
3041210,2019-01-06T14:02:36.831Z,19010614,XBTUSD,Sell,15,3818.5,ZeroMinusTick,5d129e3f-2850-7215-8b01-a50f7493c646,891757,536
3041222,2019-01-06T14:02:39.351Z,19010614,XBTUSD,Buy,40000,3819,PlusTick,91f5fa18-8b95-de56-e200-258fb33b2db7,931757,537
3041223,2019-01-06T14:02:39.658Z,19010614,XBTUSD,Sell,787,3818.5,MinusTick,169c02f9-13db-aaa7-ced2-31f18b70addb,932544,538
3041230,2019-01-06T14:02:43.703Z,19010614,XBTUSD,Sell,1500,3818.5,ZeroMinusTick,86c3d3af-2cfc-2e4c-730b-0d82334b4ed2,934044,539
3041359,2019-01-06T14:03:24.208Z,19010614,XBTUSD,Sell,7637,3818.5,ZeroMinusTick,ab2b32b6-d49b-91f1-3eb6-3f0b2c121c95,941681,540
3041375,2019-01-06T14:03:26.670Z,19010614,XBTUSD,Sell,828,3818.5,ZeroMinusTick,335eb82e-c379-86e6-cf78-5007217cda81,942509,541
3040899,2019-01-06T14:01:21.994Z,19010614,XBTUSD,Buy,75,3819.5,PlusTick,ce35165b-a55f-66eb-5710-372075ff59ab,942584,542
3040909,2019-01-06T14:01:24.672Z,19010614,XBTUSD,Sell,18117,3819,ZeroMinusTick,bb724403-4409-4416-c39c-bc637b51abb4,960701,543
3040936,2019-01-06T14:01:39.190Z,19010614,XBTUSD,Sell,5000,3819,ZeroMinusTick,9b0cc7b1-865a-f721-56f1-9842bc0781e3,965701,544
3040948,2019-01-06T14:01:39.190Z,19010614,XBTUSD,Sell,38052,3819,ZeroMinusTick,a3eab345-61f4-358e-c124-0e4b6f85f6f8,1003753,545
3040958,2019-01-06T14:01:39.190Z,19010614,XBTUSD,Sell,55,3819,ZeroMinusTick,f30974cb-1ba2-74da-2b0d-584cf60b534b,1003808,546
3040971,2019-01-06T14:01:39.190Z,19010614,XBTUSD,Sell,10,3819,ZeroMinusTick,8dadd484-42df-4dbe-4a00-82a87290aba8,1003818,547
3040983,2019-01-06T14:01:39.190Z,19010614,XBTUSD,Sell,3000,3819,ZeroMinusTick,268030e7-11a5-360b-825e-907bf64163b4,1006818,548
3041022,2019-01-06T14:01:58.636Z,19010614,XBTUSD,Buy,13000,3819.5,PlusTick,cb26150a-c1ce-cd70-f76c-c599f9cf6e21,1019818,549
3041079,2019-01-06T14:02:09.008Z,19010614,XBTUSD,Sell,5000,3819,MinusTick,ad907bfe-7795-78f5-ec66-c5bdcdda4530,1024818,550
3041108,2019-01-06T14:02:18.025Z,19010614,XBTUSD,Buy,10000,3819.5,ZeroPlusTick,cf3a958b-a725-3442-577e-11b6874f5162,1034818,551
3041133,2019-01-06T14:02:31.762Z,19010614,XBTUSD,Sell,1,3819,ZeroMinusTick,e930e66c-902f-4c69-6f4a-9a2dc0a9908f,1034819,552
3041142,2019-01-06T14:02:31.762Z,19010614,XBTUSD,Sell,7638,3819,ZeroMinusTick,382e7090-38e1-cd7f-31be-8f0c2b13bfde,1042457,553
3041152,2019-01-06T14:02:31.762Z,19010614,XBTUSD,Sell,19,3819,ZeroMinusTick,39651672-355b-cbae-5d1a-9e211dc4680c,1042476,554
3041160,2019-01-06T14:02:31.762Z,19010614,XBTUSD,Sell,13,3819,ZeroMinusTick,993aaaa0-d03f-a80c-18e1-8a0b06f9be62,1042489,555
3041173,2019-01-06T14:02:34.395Z,19010614,XBTUSD,Sell,60,3818.5,ZeroMinusTick,a810b34b-7643-c4c7-735d-175a77b81f54,1042549,556
3041174,2019-01-06T14:02:34.552Z,19010614,XBTUSD,Buy,17,3819,PlusTick,3829f46f-d774-637b-8258-c28ab7542c4f,1042566,557
3041175,2019-01-06T14:02:34.587Z,19010614,XBTUSD,Buy,4000,3819,ZeroPlusTick,6b95db3f-3238-69e0-aa64-163f8f009dbe,1046566,558
3041181,2019-01-06T14:02:35.834Z,19010614,XBTUSD,Sell,27,3818.5,ZeroMinusTick,95362694-43d5-4a7d-ed05-ec56a3e279ad,1046593,559
3041191,2019-01-06T14:02:36.054Z,19010614,XBTUSD,Sell,500,3818.5,ZeroMinusTick,ccec8088-3fe2-9f73-b92e-3729f46dc818,1047093,560
3041195,2019-01-06T14:02:36.831Z,19010614,XBTUSD,Sell,62,3818.5,ZeroMinusTick,f1bd7959-9e60-3627-8b99-9fa7f9175546,1047155,561
3041204,2019-01-06T14:02:36.831Z,19010614,XBTUSD,Sell,950,3818.5,ZeroMinusTick,587503a7-faf6-2db6-5aaa-ab66f51be7b2,1048105,562
3041244,2019-01-06T14:02:48.148Z,19010614,XBTUSD,Buy,90,3819,PlusTick,5dc88847-2f2d-e948-b82f-eb1fe9458470,1048195,563
3041362,2019-01-06T14:03:24.208Z,19010614,XBTUSD,Sell,4000,3818.5,ZeroMinusTick,9bbf5329-b17d-4cad-f0e1-7beb855d3427,1052195,564
3040910,2019-01-06T14:01:24.672Z,19010614,XBTUSD,Sell,10,3819,ZeroMinusTick,7e436582-c1a1-57b1-d964-3df63d060eb3,1052205,565
3040941,2019-01-06T14:01:39.190Z,19010614,XBTUSD,Sell,10000,3819,ZeroMinusTick,447c187b-8595-203d-b139-905761968b0c,1062205,566
3040951,2019-01-06T14:01:39.190Z,19010614,XBTUSD,Sell,109,3819,ZeroMinusTick,caf204ca-e655-e58d-8ffe-e27447bebd60,1062314,567
3040959,2019-01-06T14:01:39.190Z,19010614,XBTUSD,Sell,7638,3819,ZeroMinusTick,7e041cc0-a9de-f9b5-0bcc-7f1f9702bec1,1069952,568
3040972,2019-01-06T14:01:39.190Z,19010614,XBTUSD,Sell,3000,3819,ZeroMinusTick,b44f31bd-ec47-3e88-a417-272c014fda58,1072952,569
3040984,2019-01-06T14:01:39.190Z,19010614,XBTUSD,Sell,3000,3819,ZeroMinusTick,d5fa4ef2-adb2-bfa7-f468-06c653b516f7,1075952,570
3040993,2019-01-06T14:01:39.353Z,19010614,XBTUSD,Buy,105,3819.5,ZeroPlusTick,dbdecd9e-b9a5-e3b8-059d-afde149d122e,1076057,571
3041082,2019-01-06T14:02:10.772Z,19010614,XBTUSD,Sell,250,3819,ZeroMinusTick,2ccb655f-1a86-e873-ed3b-f83fe5ac1afe,1076307,572
3041138,2019-01-06T14:02:31.762Z,19010614,XBTUSD,Sell,11,3819,ZeroMinusTick,b5bf75d0-7786-b7bd-d7c3-a6351e221bcc,1076318,573
3041148,2019-01-06T14:02:31.762Z,19010614,XBTUSD,Sell,20000,3819,ZeroMinusTick,6a791398-84f5-cc6e-98f2-7587eea27d9d,1096318,574
3041159,2019-01-06T14:02:31.762Z,19010614,XBTUSD,Sell,40,3819,ZeroMinusTick,cd341312-e8a9-d23b-0097-54b3aa5e32ef,1096358,575
3041178,2019-01-06T14:02:35.834Z,19010614,XBTUSD,Sell,25407,3818.5,MinusTick,3c8e0d27-e0eb-03b5-101d-4204c9b52e45,1121765,576
3041188,2019-01-06T14:02:35.834Z,19010614,XBTUSD,Sell,10,3818.5,ZeroMinusTick,e81a8343-27ee-b49a-931d-e9d959b1d5c7,1121775,577
3041198,2019-01-06T14:02:36.831Z,19010614,XBTUSD,Sell,13,3818.5,ZeroMinusTick,f6b3b78d-769f-f32d-4d4a-9cd8dc71e7b1,1121788,578
3041209,2019-01-06T14:02:36.831Z,19010614,XBTUSD,Sell,1000,3818.5,ZeroMinusTick,9cef3172-75ac-958a-5f24-87e70e878b34,1122788,579
3041225,2019-01-06T14:02:39.658Z,19010614,XBTUSD,Sell,647,3818.5,ZeroMinusTick,62a6e908-71cc-3c09-02f7-a38ec6f41036,1123435,580
3041295,2019-01-06T14:03:06.651Z,19010614,XBTUSD,Sell,30,3818.5,MinusTick,8933519a-d19f-0a04-7725-279f156b4639,1123465,581
3041355,2019-01-06T14:03:24.208Z,19010614,XBTUSD,Sell,10,3818.5,ZeroMinusTick,f01e3302-dc87-9bce-3fa5-d0ee0003db67,1123475,582
3041450,2019-01-06T14:03:46.144Z,19010614,XBTUSD,Sell,500,3818.5,MinusTick,4ba89cda-ee45-6dd0-991c-064805d90960,1123975,583
3041014,2019-01-06T14:01:52.466Z,19010614,XBTUSD,Sell,144,3819,MinusTick,70c22474-f776-3e45-97ec-f287dc595109,1124119,584
3041015,2019-01-06T14:01:52.662Z,19010614,XBTUSD,Sell,9067,3819,ZeroMinusTick,cb9307c4-2eea-efa0-f7ea-9be081375baa,1133186,585
3041107,2019-01-06T14:02:18.025Z,19010614,XBTUSD,Buy,500,3819.5,ZeroPlusTick,2c0fe8bd-10f5-f66a-2af9-06aa6e9ccc58,1133686,586
3041139,2019-01-06T14:02:31.762Z,19010614,XBTUSD,Sell,3000,3819,ZeroMinusTick,2a135605-7f82-6903-f386-1479c7c120eb,1136686,587
3041149,2019-01-06T14:02:31.762Z,19010614,XBTUSD,Sell,1893,3819,ZeroMinusTick,0141ae34-10c3-35d4-da66-74f7b3f54836,1138579,588
3041158,2019-01-06T14:02:31.762Z,19010614,XBTUSD,Sell,100,3819,ZeroMinusTick,dfca4428-8d8d-404c-c801-f75c6165523c,1138679,589
3041169,2019-01-06T14:02:34.147Z,19010614,XBTUSD,Sell,500,3818.5,MinusTick,f2a80f3a-9124-84ae-b741-e4f43b9df513,1139179,590
3041179,2019-01-06T14:02:35.834Z,19010614,XBTUSD,Sell,100,3818.5,ZeroMinusTick,cbcc4542-5db3-5325-4fb3-6d24f3d3c355,1139279,591
3041190,2019-01-06T14:02:35.834Z,19010614,XBTUSD,Sell,11,3818.5,ZeroMinusTick,9066a967-3fab-2cf6-dbd9-85f278256ad3,1139290,592
3041196,2019-01-06T14:02:36.831Z,19010614,XBTUSD,Sell,117,3818.5,ZeroMinusTick,fcbd6b07-554d-9062-be9c-3f719d04701a,1139407,593
3041212,2019-01-06T14:02:36.831Z,19010614,XBTUSD,Sell,143,3818.5,ZeroMinusTick,4d79e61b-8cf9-9d27-1065-229f8a394a7b,1139550,594
3041246,2019-01-06T14:02:49.802Z,19010614,XBTUSD,Sell,600,3818.5,MinusTick,8bcb34d4-4ac3-aa7e-077b-6e0bd39192d7,1140150,595
3041304,2019-01-06T14:03:10.236Z,19010614,XBTUSD,Buy,10,3819,PlusTick,8f1d0d5a-a584-d04c-ae99-1cb4cebed0ca,1140160,596
3041307,2019-01-06T14:03:11.084Z,19010614,XBTUSD,Buy,10,3819,ZeroPlusTick,455fb8bc-edbe-18f1-3a92-4ccd90c22c7c,1140170,597
3041361,2019-01-06T14:03:24.208Z,19010614,XBTUSD,Sell,480,3818.5,ZeroMinusTick,df7069b7-be5d-7185-605e-cfb2bfd72d12,1140650,598
3041002,2019-01-06T14:01:44.063Z,19010614,XBTUSD,Sell,2505,3819,ZeroMinusTick,0a72aff8-3ea4-b9af-b266-29afbcf0f14a,1143155,599
3041081,2019-01-06T14:02:10.772Z,19010614,XBTUSD,Sell,1731,3819,ZeroMinusTick,e9ee5aed-4769-0028-ce91-e4ed4a0114e9,1144886,600
3041106,2019-01-06T14:02:18.025Z,19010614,XBTUSD,Buy,7252,3819.5,ZeroPlusTick,d7471119-2c48-0d3d-7ba9-796842ac110c,1152138,601
3041115,2019-01-06T14:02:23.992Z,19010614,XBTUSD,Sell,100,3819,MinusTick,b6fd490a-0330-33d6-9f18-b890e0384c54,1152238,602
3041131,2019-01-06T14:02:31.762Z,19010614,XBTUSD,Sell,12356,3819,ZeroMinusTick,38acb792-6f63-6d40-fd9b-780f5f0890fc,1164594,603
3041141,2019-01-06T14:02:31.762Z,19010614,XBTUSD,Sell,100,3819,ZeroMinusTick,ed15093a-69b9-9cf1-d5ac-b8f97c73c274,1164694,604
3041150,2019-01-06T14:02:31.762Z,19010614,XBTUSD,Sell,47,3819,ZeroMinusTick,2fd61f4f-2b0c-5602-44ca-e88197d079c9,1164741,605
3041154,2019-01-06T14:02:31.762Z,19010614,XBTUSD,Sell,15,3819,ZeroMinusTick,2285b6e8-97ed-24e6-c0ad-0928410d84fd,1164756,606
3041164,2019-01-06T14:02:31.762Z,19010614,XBTUSD,Sell,1,3819,ZeroMinusTick,3c3712fa-f2b3-48f4-cb76-983edcd225b6,1164757,607
3041182,2019-01-06T14:02:35.834Z,19010614,XBTUSD,Sell,27,3818.5,ZeroMinusTick,56c148df-2af9-ca8b-398e-ce733f4c59ae,1164784,608
3041202,2019-01-06T14:02:36.831Z,19010614,XBTUSD,Sell,11,3818.5,ZeroMinusTick,373b6256-01c5-97dd-93e6-a9030b76510d,1164795,609
3041205,2019-01-06T14:02:36.831Z,19010614,XBTUSD,Sell,3,3818.5,ZeroMinusTick,5ae9a98a-cd8f-3c54-273e-d49aaf3d78f0,1164798,610
3041340,2019-01-06T14:03:13.842Z,19010614,XBTUSD,Sell,30,3818.5,MinusTick,8f2b7c46-9abf-7eb6-1608-70e180bfe1dd,1164828,611
3041360,2019-01-06T14:03:24.208Z,19010614,XBTUSD,Sell,12000,3818.5,ZeroMinusTick,cee7d4ee-5dc9-1089-ba9a-49be6e6d4269,1176828,612
3041457,2019-01-06T14:03:46.144Z,19010614,XBTUSD,Sell,12373,3818.5,ZeroMinusTick,3119025f-0b60-ce9c-5b0c-1666d1d87a97,1189201,613
3041485,2019-01-06T14:03:58.454Z,19010614,XBTUSD,Sell,300,3818.5,ZeroMinusTick,3572569f-3b53-022f-ce43-b4c13c9b58cd,1189501,614
3041491,2019-01-06T14:04:00.678Z,19010614,XBTUSD,Sell,5000,3818.5,ZeroMinusTick,c7b34429-c9dd-98a1-3076-9fdeea4b5e1a,1194501,615
3041584,2019-01-06T14:04:19.974Z,19010614,XBTUSD,Sell,20000,3818.5,ZeroMinusTick,a07d099a-9442-14a8-c168-18879994a847,1214501,616
3041026,2019-01-06T14:01:59.736Z,19010614,XBTUSD,Sell,49,3819,ZeroMinusTick,81751f5d-d240-e9c2-e6cd-1836ad4dcb1d,1214550,617
3041083,2019-01-06T14:02:10.772Z,19010614,XBTUSD,Sell,1000,3819,ZeroMinusTick,05b6bffc-0c6f-ada9-be2d-8876e05d7f7d,1215550,618
3041137,2019-01-06T14:02:31.762Z,19010614,XBTUSD,Sell,2,3819,ZeroMinusTick,7be54bf1-0f78-27a3-b7dd-1c63297485c2,1215552,619
3041145,2019-01-06T14:02:31.762Z,19010614,XBTUSD,Sell,10000,3819,ZeroMinusTick,f8d1a40f-fe72-76b7-0b9d-38a8053575e6,1225552,620
3041155,2019-01-06T14:02:31.762Z,19010614,XBTUSD,Sell,4000,3819,ZeroMinusTick,091ab951-749c-e323-66a3-3596d81efb7f,1229552,621
3041165,2019-01-06T14:02:31.762Z,19010614,XBTUSD,Sell,37,3819,ZeroMinusTick,602d7ca8-eaa7-9b41-9681-9e77feb0d014,1229589,622
3041185,2019-01-06T14:02:35.834Z,19010614,XBTUSD,Sell,512,3818.5,ZeroMinusTick,722ac91c-67a5-42df-d8e5-4ec2ed10ee0f,1230101,623
3041203,2019-01-06T14:02:36.831Z,19010614,XBTUSD,Sell,50,3818.5,ZeroMinusTick,c4244a08-ac35-dd0d-d9d7-52048dd874ed,1230151,624
3041229,2019-01-06T14:02:42.892Z,19010614,XBTUSD,Sell,2000,3818.5,ZeroMinusTick,23747edb-d317-7b06-d643-44546bbd8cd3,1232151,625
3041354,2019-01-06T14:03:24.208Z,19010614,XBTUSD,Sell,2000,3818.5,ZeroMinusTick,a25bec7c-40f9-3375-2a7d-630895ddb862,1234151,626
3041363,2019-01-06T14:03:24.208Z,19010614,XBTUSD,Sell,1000,3818.5,ZeroMinusTick,9ed52ad9-0f0f-57c8-5c09-2f96e3184a7a,1235151,627
3041373,2019-01-06T14:03:26.670Z,19010614,XBTUSD,Sell,122,3818.5,ZeroMinusTick,21a55b54-f4a6-03d1-9a11-d099fbc9378c,1235273,628
3041455,2019-01-06T14:03:46.144Z,19010614,XBTUSD,Sell,20,3818.5,ZeroMinusTick,cae294b8-6f2b-f16a-fa2a-f8d40ed60b16,1235293,629
3041476,2019-01-06T14:03:52.872Z,19010614,XBTUSD,Sell,4000,3818.5,MinusTick,05715496-cdba-12fe-1a8d-2eaa6e67303c,1239293,630
3041508,2019-01-06T14:04:04.132Z,19010614,XBTUSD,Buy,1,3819,PlusTick,c5f4f76d-24a1-913e-7a76-8177628e34b7,1239294,631
3041555,2019-01-06T14:04:13.704Z,19010614,XBTUSD,Sell,16644,3818.5,ZeroMinusTick,df58d779-dadb-bf40-8868-1243e216e8c6,1255938,632
3041087,2019-01-06T14:02:10.772Z,19010614,XBTUSD,Sell,544,3819,ZeroMinusTick,b9dde1e8-341f-fc92-2635-ba8c720834ab,1256482,633
3041089,2019-01-06T14:02:11.718Z,19010614,XBTUSD,Buy,10000,3819.5,PlusTick,05b64236-996c-8280-cef7-edf333e2b2a4,1266482,634
3041109,2019-01-06T14:02:18.025Z,19010614,XBTUSD,Buy,8000,3819.5,ZeroPlusTick,e3e6ed49-c74e-abd9-9a47-d6a0c3918fd2,1274482,635
3041111,2019-01-06T14:02:20.266Z,19010614,XBTUSD,Buy,400,3819.5,ZeroPlusTick,66b43b60-8b62-fc25-fcfe-a58ad0b11ac3,1274882,636
3041136,2019-01-06T14:02:31.762Z,19010614,XBTUSD,Sell,625,3819,ZeroMinusTick,8beb4561-7faa-8539-6142-6c9e2473beda,1275507,637
3041147,2019-01-06T14:02:31.762Z,19010614,XBTUSD,Sell,150,3819,ZeroMinusTick,3e4b3e37-4888-cd02-2a5b-3f958e1e6ba8,1275657,638
3041156,2019-01-06T14:02:31.762Z,19010614,XBTUSD,Sell,4500,3819,ZeroMinusTick,61e0ae02-c8ac-9041-20ec-93e574b946fe,1280157,639
3041180,2019-01-06T14:02:35.834Z,19010614,XBTUSD,Sell,480,3818.5,ZeroMinusTick,2fdf87f1-e6d2-bf30-2c09-96f6ad1f059f,1280637,640
3041189,2019-01-06T14:02:35.834Z,19010614,XBTUSD,Sell,3076,3818.5,ZeroMinusTick,efc94941-65a5-ab47-0685-f7b94d63bc5e,1283713,641
3041192,2019-01-06T14:02:36.349Z,19010614,XBTUSD,Sell,6000,3818.5,ZeroMinusTick,dd82327d-668a-c5c8-d147-6c6f53bd8de4,1289713,642
3041194,2019-01-06T14:02:36.831Z,19010614,XBTUSD,Sell,680,3818.5,ZeroMinusTick,c10f4124-82bd-527d-f3c8-159bfc714eb2,1290393,643
3041211,2019-01-06T14:02:36.831Z,19010614,XBTUSD,Sell,6000,3818.5,ZeroMinusTick,accc0970-3f26-9d2b-e765-9872b10cf298,1296393,644
3041236,2019-01-06T14:02:45.870Z,19010614,XBTUSD,Buy,40000,3819,PlusTick,457aea36-f057-a652-953c-1065b7c42fa2,1336393,645
3041358,2019-01-06T14:03:24.208Z,19010614,XBTUSD,Sell,15274,3818.5,ZeroMinusTick,b1d277b0-7751-16b9-0e39-91adc0bee128,1351667,646
3041407,2019-01-06T14:03:30.884Z,19010614,XBTUSD,Sell,250,3818.5,ZeroMinusTick,70fa4535-2329-971e-b9b1-fc991c2b9df9,1351917,647
3041525,2019-01-06T14:04:07.715Z,19010614,XBTUSD,Sell,200,3818.5,ZeroMinusTick,658c5fbe-b4a5-2198-cf26-ec6033e89dd6,1352117,648
3041533,2019-01-06T14:04:12.920Z,19010614,XBTUSD,Sell,394,3818.5,ZeroMinusTick,603b1c06-83ea-2263-3e2b-64ccc9b7ef4c,1352511,649
3041534,2019-01-06T14:04:12.929Z,19010614,XBTUSD,Sell,175,3818.5,ZeroMinusTick,26725d26-6328-423a-4ad0-b61a375e8375,1352686,650
3041536,2019-01-06T14:04:12.945Z,19010614,XBTUSD,Sell,2237,3818.5,ZeroMinusTick,9c36fc94-9ac7-c81e-1f8b-1374822a285d,1354923,651
3041537,2019-01-06T14:04:12.952Z,19010614,XBTUSD,Sell,483,3818.5,ZeroMinusTick,d398a238-3692-dca7-d99e-2eb9f8218e32,1355406,652
3041554,2019-01-06T14:04:13.108Z,19010614,XBTUSD,Sell,561,3818.5,ZeroMinusTick,5a907f63-cdf9-2540-b545-4d572c8bc442,1355967,653
3041660,2019-01-06T14:04:32.615Z,19010614,XBTUSD,Sell,7637,3818.5,ZeroMinusTick,8ebd93a2-234f-ec5f-0081-8173bc650526,1363604,654
3041186,2019-01-06T14:02:35.834Z,19010614,XBTUSD,Sell,200,3818.5,ZeroMinusTick,31573ad6-f6a9-c686-d278-0e204e5cc551,1363804,655
3041201,2019-01-06T14:02:36.831Z,19010614,XBTUSD,Sell,5000,3818.5,ZeroMinusTick,6345a43e-fb02-0e7d-7fa3-144e81d2bf8c,1368804,656
3041207,2019-01-06T14:02:36.831Z,19010614,XBTUSD,Sell,50,3818.5,ZeroMinusTick,3b942efb-f4af-e502-f6dc-9e8d338170f7,1368854,657
3041220,2019-01-06T14:02:38.621Z,19010614,XBTUSD,Sell,2213,3818.5,ZeroMinusTick,870a27e1-ec68-75d0-a454-ffce11682ecc,1371067,658
3041224,2019-01-06T14:02:39.658Z,19010614,XBTUSD,Sell,3000,3818.5,ZeroMinusTick,566703f2-c9ed-266f-3161-1b7f9f06c690,1374067,659
3041227,2019-01-06T14:02:40.767Z,19010614,XBTUSD,Sell,1000,3818.5,ZeroMinusTick,1f10daba-6484-8a5d-adbb-01676c182d04,1375067,660
3041357,2019-01-06T14:03:24.208Z,19010614,XBTUSD,Sell,12,3818.5,ZeroMinusTick,22b0b14c-648f-0d6d-a057-98356249dcb8,1375079,661
3041366,2019-01-06T14:03:24.208Z,19010614,XBTUSD,Sell,5071,3818.5,ZeroMinusTick,6f781e0e-f804-78d1-947e-2e729d07072b,1380150,662
3041456,2019-01-06T14:03:46.144Z,19010614,XBTUSD,Sell,1,3818.5,ZeroMinusTick,2dc4a6b2-dad6-85b2-01f6-536d5261bfeb,1380151,663
3041553,2019-01-06T14:04:13.101Z,19010614,XBTUSD,Sell,44,3818.5,ZeroMinusTick,c60a84d3-d6aa-1089-d5e9-e1ae7b7f9a97,1380195,664
3041653,2019-01-06T14:04:32.615Z,19010614,XBTUSD,Sell,10,3818.5,ZeroMinusTick,81f1053f-1efa-3029-b49f-3d08f26441c8,1380205,665
3041663,2019-01-06T14:04:32.615Z,19010614,XBTUSD,Sell,1000,3818.5,ZeroMinusTick,d0b5983b-f3e9-490e-dfbf-8f0df12fb607,1381205,666
3041356,2019-01-06T14:03:24.208Z,19010614,XBTUSD,Sell,2000,3818.5,ZeroMinusTick,631d8a4f-c341-307a-02e7-8e4aafce2bb9,1383205,667
3041365,2019-01-06T14:03:24.208Z,19010614,XBTUSD,Sell,100,3818.5,ZeroMinusTick,8017a42b-e46c-6846-b465-4679281e6d45,1383305,668
3041454,2019-01-06T14:03:46.144Z,19010614,XBTUSD,Sell,47,3818.5,ZeroMinusTick,89d71ef4-15f3-7416-c2ef-49ff633b9bd1,1383352,669
3041509,2019-01-06T14:04:04.401Z,19010614,XBTUSD,Sell,164,3818.5,MinusTick,59b8b2b2-f80d-e1eb-2260-16b4765a15c2,1383516,670
3041510,2019-01-06T14:04:04.598Z,19010614,XBTUSD,Sell,1000,3818.5,ZeroMinusTick,252b993d-bb99-90bd-4938-cfe209b7d5e1,1384516,671
3041552,2019-01-06T14:04:13.094Z,19010614,XBTUSD,Sell,648,3818.5,ZeroMinusTick,bff8b3b9-2705-a958-828a-12d60ad6651f,1385164,672
3041657,2019-01-06T14:04:32.615Z,19010614,XBTUSD,Sell,3000,3818.5,ZeroMinusTick,14f355e7-5ca0-3b2b-8387-b26dfb566536,1388164,673
3041669,2019-01-06T14:04:32.615Z,19010614,XBTUSD,Sell,50,3818.5,ZeroMinusTick,516e39bd-dab7-f923-6c2e-df3b3f3cc212,1388214,674
3041811,2019-01-06T14:05:16.246Z,19010614,XBTUSD,Sell,20,3818.5,ZeroMinusTick,a2c11cfa-8bf9-9d91-9e32-7b96ea49973a,1388234,675
3041829,2019-01-06T14:05:16.349Z,19010614,XBTUSD,Sell,40,3818.5,ZeroMinusTick,9f4a4684-1dea-78e4-8e2b-d57fadb03ebf,1388274,676
3041831,2019-01-06T14:05:16.358Z,19010614,XBTUSD,Sell,267,3818.5,ZeroMinusTick,281532c5-359b-8d46-5f04-12af51822e16,1388541,677
3041833,2019-01-06T14:05:16.366Z,19010614,XBTUSD,Sell,88,3818.5,ZeroMinusTick,bdf6d93a-e0ef-1583-c479-cfb422e7d8e2,1388629,678
3041838,2019-01-06T14:05:16.398Z,19010614,XBTUSD,Sell,175,3818.5,ZeroMinusTick,22d02d8e-648e-a61c-6a10-4a703c4483be,1388804,679
3041839,2019-01-06T14:05:16.407Z,19010614,XBTUSD,Sell,84,3818.5,ZeroMinusTick,fa7fc26c-2e9c-e844-8685-8200c588317c,1388888,680
3041840,2019-01-06T14:05:16.419Z,19010614,XBTUSD,Sell,49,3818.5,ZeroMinusTick,46e1bb7f-0cca-8b9c-9fa9-10ad2eb3de53,1388937,681
3041841,2019-01-06T14:05:16.430Z,19010614,XBTUSD,Sell,20,3818.5,ZeroMinusTick,f7452a8c-2d81-5a35-47bf-fbd0aa530b05,1388957,682
3041842,2019-01-06T14:05:16.450Z,19010614,XBTUSD,Sell,75,3818.5,ZeroMinusTick,c23fdf21-7236-7988-2341-bc1ce4fb18d6,1389032,683
3041854,2019-01-06T14:05:17.641Z,19010614,XBTUSD,Sell,25,3818.5,ZeroMinusTick,92a6c0f3-8d0b-2733-d057-7f742c54f254,1389057,684
3041876,2019-01-06T14:05:20.838Z,19010614,XBTUSD,Sell,10,3818,ZeroMinusTick,2c579cd4-4a46-7617-114b-55779e2e19cf,1389067,685
3041881,2019-01-06T14:05:20.838Z,19010614,XBTUSD,Sell,750,3818,ZeroMinusTick,45065299-ebd8-6f43-280d-046f1448aeee,1389817,686
3041893,2019-01-06T14:05:20.838Z,19010614,XBTUSD,Sell,200,3818,ZeroMinusTick,e73830ec-bb04-9665-11ac-c28f9c6ce04f,1390017,687
3041904,2019-01-06T14:05:20.838Z,19010614,XBTUSD,Sell,13,3817.5,ZeroMinusTick,2462c528-a69f-4901-d462-f1ad190692e8,1390030,688
3041364,2019-01-06T14:03:24.208Z,19010614,XBTUSD,Sell,1000,3818.5,ZeroMinusTick,82db121d-752b-5e51-dace-f44f0f4cfa38,1391030,689
3041370,2019-01-06T14:03:26.277Z,19010614,XBTUSD,Sell,435,3818.5,ZeroMinusTick,827fdae2-437b-dedc-f5f9-05f76a3ca49d,1391465,690
3041374,2019-01-06T14:03:26.670Z,19010614,XBTUSD,Sell,625,3818.5,ZeroMinusTick,45c553c9-09bb-2392-fe1e-ec11bf563c6c,1392090,691
3041378,2019-01-06T14:03:27.583Z,19010614,XBTUSD,Sell,500,3818.5,ZeroMinusTick,d3a1afd3-994e-23a2-4292-c4a736d6da6a,1392590,692
3041431,2019-01-06T14:03:39.472Z,19010614,XBTUSD,Sell,200,3818.5,ZeroMinusTick,19b28afa-48b9-3ad7-6ac7-1e740380b7f9,1392790,693
3041432,2019-01-06T14:03:39.882Z,19010614,XBTUSD,Buy,350,3819,PlusTick,832c74ee-84bc-9e6b-790d-518a977fee87,1393140,694
3041453,2019-01-06T14:03:46.144Z,19010614,XBTUSD,Sell,50,3818.5,ZeroMinusTick,ec7b6e1f-fe4f-f651-6995-a10fc87c4527,1393190,695
3041459,2019-01-06T14:03:49.412Z,19010614,XBTUSD,Sell,500,3818.5,ZeroMinusTick,4975f9e8-5ace-10ec-5638-fb558d571df9,1393690,696
3041532,2019-01-06T14:04:12.913Z,19010614,XBTUSD,Sell,10,3818.5,ZeroMinusTick,e8502676-f3ef-59ed-2884-26ac677e7981,1393700,697
3041535,2019-01-06T14:04:12.937Z,19010614,XBTUSD,Sell,20,3818.5,ZeroMinusTick,798a72c3-3888-e981-8807-d1c6eaaf0165,1393720,698
3041538,2019-01-06T14:04:12.960Z,19010614,XBTUSD,Sell,41,3818.5,ZeroMinusTick,aacc5a17-3495-778b-7610-fb30db919f95,1393761,699
3041541,2019-01-06T14:04:12.982Z,19010614,XBTUSD,Sell,2414,3818.5,ZeroMinusTick,4508268c-e1ac-fd50-958e-d4d60b7ca38a,1396175,700
3041543,2019-01-06T14:04:13.004Z,19010614,XBTUSD,Sell,281,3818.5,ZeroMinusTick,b5918670-ec24-268a-c539-0f49b4f515b5,1396456,701
3041623,2019-01-06T14:04:30.934Z,19010614,XBTUSD,Sell,10,3818.5,ZeroMinusTick,e8fc431b-407c-9eee-7699-2ece005b78f7,1396466,702
3041624,2019-01-06T14:04:31.018Z,19010614,XBTUSD,Sell,1000,3818.5,ZeroMinusTick,d77c9ea6-30e1-25b6-49a1-2ae3a99af932,1397466,703
3041658,2019-01-06T14:04:32.615Z,19010614,XBTUSD,Sell,10,3818.5,ZeroMinusTick,a8f54e5d-63cc-ad43-6834-9746a3081c0a,1397476,704
3041666,2019-01-06T14:04:32.615Z,19010614,XBTUSD,Sell,98,3818.5,ZeroMinusTick,a7e10ff6-2036-2d8f-fae7-4294fde8d63f,1397574,705
3041718,2019-01-06T14:04:48.894Z,19010614,XBTUSD,Sell,102,3818.5,ZeroMinusTick,40ace2ca-bc6a-c498-0ff2-d65a00dcf3f7,1397676,706
3041739,2019-01-06T14:04:54.164Z,19010614,XBTUSD,Sell,3000,3818.5,ZeroMinusTick,d176f3fa-c583-72b5-322c-5119d19f9458,1400676,707
3041743,2019-01-06T14:04:56.200Z,19010614,XBTUSD,Buy,3000,3819,PlusTick,42d4e7d8-9e94-231b-acdf-b64b9116f57c,1403676,708
3041744,2019-01-06T14:04:56.755Z,19010614,XBTUSD,Sell,505,3818.5,MinusTick,90a5d0fe-ae5b-92d8-d967-9f83fee262e6,1404181,709
3041752,2019-01-06T14:05:00.917Z,19010614,XBTUSD,Sell,100,3818.5,ZeroMinusTick,0cbecdc2-70dc-e2a0-32b7-958a2b28de01,1404281,710
3041816,2019-01-06T14:05:16.279Z,19010614,XBTUSD,Sell,995,3818.5,ZeroMinusTick,735091a2-b9b7-37aa-e815-431cf67a80a7,1405276,711
3041852,2019-01-06T14:05:17.641Z,19010614,XBTUSD,Sell,15,3818.5,ZeroMinusTick,dcee667b-48df-493e-1ab8-8de173e1f7f5,1405291,712
3041859,2019-01-06T14:05:17.641Z,19010614,XBTUSD,Sell,11,3818,ZeroMinusTick,fc969512-5b51-54d6-e877-ef32d8feeecc,1405302,713
3041451,2019-01-06T14:03:46.144Z,19010614,XBTUSD,Sell,2000,3818.5,ZeroMinusTick,6a37529c-bb88-ce73-a8eb-acb70dbadf56,1407302,714
3041540,2019-01-06T14:04:12.974Z,19010614,XBTUSD,Sell,55,3818.5,ZeroMinusTick,7b73dda6-e1f3-f62b-07dc-07c62befab41,1407357,715
3041542,2019-01-06T14:04:12.994Z,19010614,XBTUSD,Sell,2745,3818.5,ZeroMinusTick,c6ae1508-67c6-46a7-305a-45007e85a94a,1410102,716
3041544,2019-01-06T14:04:13.011Z,19010614,XBTUSD,Sell,49,3818.5,ZeroMinusTick,de18404f-eda4-678e-e45e-f3848c2cff87,1410151,717
3041546,2019-01-06T14:04:13.026Z,19010614,XBTUSD,Sell,68,3818.5,ZeroMinusTick,224c31d8-515a-275d-3974-f39e9e003716,1410219,718
3041547,2019-01-06T14:04:13.035Z,19010614,XBTUSD,Sell,995,3818.5,ZeroMinusTick,8acce75a-ccd1-5e66-ed8f-d50faf011c88,1411214,719
3041548,2019-01-06T14:04:13.056Z,19010614,XBTUSD,Sell,84,3818.5,ZeroMinusTick,31788cae-460a-32aa-e37a-f850c27bba15,1411298,720
3041549,2019-01-06T14:04:13.070Z,19010614,XBTUSD,Sell,5485,3818.5,ZeroMinusTick,8a4f84a7-34af-3152-180e-98a49f27b530,1416783,721
3041550,2019-01-06T14:04:13.077Z,19010614,XBTUSD,Sell,188,3818.5,ZeroMinusTick,aeaafb6b-242c-15e1-21d2-865e6fbceea3,1416971,722
3041551,2019-01-06T14:04:13.085Z,19010614,XBTUSD,Sell,279,3818.5,ZeroMinusTick,a2eb7399-c805-dc11-38bf-cc691613bf2e,1417250,723
3041651,2019-01-06T14:04:32.615Z,19010614,XBTUSD,Sell,5467,3818.5,ZeroMinusTick,33d10d5e-9362-e96b-6539-9f87a3a8164d,1422717,724
3041661,2019-01-06T14:04:32.615Z,19010614,XBTUSD,Sell,1,3818.5,ZeroMinusTick,2e5635a9-519e-2f4c-fbb6-ba0eebfb44d5,1422718,725
3041671,2019-01-06T14:04:32.615Z,19010614,XBTUSD,Sell,895,3818.5,ZeroMinusTick,a40ee381-b27c-0c55-a5a7-31ebcfa31237,1423613,726
3041751,2019-01-06T14:05:00.917Z,19010614,XBTUSD,Sell,1949,3818.5,ZeroMinusTick,3a27f11d-b73b-ad55-f6bd-d98446b155bd,1425562,727
3041756,2019-01-06T14:05:01.135Z,19010614,XBTUSD,Sell,7176,3818.5,ZeroMinusTick,0788719a-f5a5-246b-ecff-e38854af8b11,1432738,728
3041815,2019-01-06T14:05:16.268Z,19010614,XBTUSD,Sell,5179,3818.5,ZeroMinusTick,ea0564d7-7ffc-a2ca-4fa3-f2b509e89032,1437917,729
3041826,2019-01-06T14:05:16.349Z,19010614,XBTUSD,Sell,87,3818.5,ZeroMinusTick,8fdf5034-82f8-a2f6-0672-f465218a349c,1438004,730
3041834,2019-01-06T14:05:16.366Z,19010614,XBTUSD,Sell,2657,3818.5,ZeroMinusTick,11a896f0-cb6a-7c8d-990f-934f25d31ba3,1440661,731
3041835,2019-01-06T14:05:16.374Z,19010614,XBTUSD,Sell,68,3818.5,ZeroMinusTick,6e5272de-28d9-f1b7-23e3-547f94c837e1,1440729,732
3041836,2019-01-06T14:05:16.382Z,19010614,XBTUSD,Sell,648,3818.5,ZeroMinusTick,b21cfdaf-6eb1-23e5-418e-a10e0b6b4b11,1441377,733
3041837,2019-01-06T14:05:16.390Z,19010614,XBTUSD,Sell,44,3818.5,ZeroMinusTick,5df59953-3856-f9ca-e484-497feef670b7,1441421,734
3041843,2019-01-06T14:05:16.450Z,19010614,XBTUSD,Sell,480,3818.5,ZeroMinusTick,23210d60-1f32-1a2e-ca2c-d9bee4480271,1441901,735
3041849,2019-01-06T14:05:17.641Z,19010614,XBTUSD,Sell,300,3818.5,ZeroMinusTick,a3257132-b67a-f2a5-3627-b64c94264234,1442201,736
3041452,2019-01-06T14:03:46.144Z,19010614,XBTUSD,Sell,10,3818.5,ZeroMinusTick,c9f21379-e907-cc89-7f71-f888dc3373fb,1442211,737
3041460,2019-01-06T14:03:51.006Z,19010614,XBTUSD,Buy,1500,3819,PlusTick,64a191c1-5506-2c44-e464-3d23fde07aea,1443711,738
3041528,2019-01-06T14:04:11.175Z,19010614,XBTUSD,Sell,1000,3818.5,ZeroMinusTick,c7cbac3d-c356-0d79-e8a6-1f1954b00002,1444711,739
3041529,2019-01-06T14:04:12.833Z,19010614,XBTUSD,Sell,10000,3818.5,ZeroMinusTick,c3aab853-bee9-8c11-462e-a62113dafc36,1454711,740
3041530,2019-01-06T14:04:12.898Z,19010614,XBTUSD,Sell,715,3818.5,ZeroMinusTick,1c12cc5c-f394-87d3-e902-b7e6b9c76108,1455426,741
3041531,2019-01-06T14:04:12.906Z,19010614,XBTUSD,Sell,20,3818.5,ZeroMinusTick,d7539876-1b02-4f32-7721-4d55c4fff668,1455446,742
3041539,2019-01-06T14:04:12.967Z,19010614,XBTUSD,Sell,68,3818.5,ZeroMinusTick,b3addfad-897d-0522-85e0-22260aaa23d7,1455514,743
3041545,2019-01-06T14:04:13.018Z,19010614,XBTUSD,Sell,278,3818.5,ZeroMinusTick,9c4ad2b7-8814-4d9c-feae-46d30329e15f,1455792,744
3041562,2019-01-06T14:04:14.965Z,19010614,XBTUSD,Sell,5,3818.5,ZeroMinusTick,751a9f7a-bd54-9f02-5430-63c8862915e2,1455797,745
3041573,2019-01-06T14:04:15.567Z,19010614,XBTUSD,Sell,1000,3818.5,ZeroMinusTick,ecb597d8-c097-49e0-f71d-1e88de10d332,1456797,746
3041655,2019-01-06T14:04:32.615Z,19010614,XBTUSD,Sell,1000,3818.5,ZeroMinusTick,3abf7ce1-2ccb-3694-45ba-58a95d4bb348,1457797,747
3041670,2019-01-06T14:04:32.615Z,19010614,XBTUSD,Sell,15,3818.5,ZeroMinusTick,701a58f3-8cf3-ac59-026b-d110843f4fa8,1457812,748
3041724,2019-01-06T14:04:49.533Z,19010614,XBTUSD,Sell,346,3818.5,ZeroMinusTick,649b1f68-ce1c-e86d-0e7f-e4ce49908359,1458158,749
3041755,2019-01-06T14:05:00.917Z,19010614,XBTUSD,Sell,461,3818.5,ZeroMinusTick,478ae0d2-e2c2-baf3-9ad8-3e0ea601eb40,1458619,750
3041818,2019-01-06T14:05:16.300Z,19010614,XBTUSD,Sell,188,3818.5,ZeroMinusTick,7503bd5f-4f50-611b-a3b3-cb00fecab592,1458807,751
3041819,2019-01-06T14:05:16.307Z,19010614,XBTUSD,Sell,10,3818.5,ZeroMinusTick,1985b586-aea9-3fa0-eebe-d475faec59ee,1458817,752
3041820,2019-01-06T14:05:16.314Z,19010614,XBTUSD,Sell,394,3818.5,ZeroMinusTick,beeb7193-3ec2-b211-1fe8-2eb50939d939,1459211,753
3041821,2019-01-06T14:05:16.320Z,19010614,XBTUSD,Sell,278,3818.5,ZeroMinusTick,fd64c40f-17ce-67c8-eccc-232b5aca67d2,1459489,754
3041822,2019-01-06T14:05:16.327Z,19010614,XBTUSD,Sell,561,3818.5,ZeroMinusTick,95685f0f-449d-a8d7-f9d9-93fc015ff1c1,1460050,755
3041823,2019-01-06T14:05:16.333Z,19010614,XBTUSD,Sell,715,3818.5,ZeroMinusTick,4a226908-aa01-7da5-8b0a-0335e54d95cb,1460765,756
3041824,2019-01-06T14:05:16.340Z,19010614,XBTUSD,Sell,55,3818.5,ZeroMinusTick,fbb9e807-8deb-aaeb-245d-2f4df233379d,1460820,757
3041825,2019-01-06T14:05:16.349Z,19010614,XBTUSD,Sell,1142,3818.5,ZeroMinusTick,714cab8a-fbe9-1749-6ed5-a838a30623e6,1461962,758
3041847,2019-01-06T14:05:16.450Z,19010614,XBTUSD,Sell,1422,3818.5,ZeroMinusTick,8db67d17-b7c5-fd25-5305-05f23e927a29,1463384,759
3041855,2019-01-06T14:05:17.641Z,19010614,XBTUSD,Sell,21,3818.5,ZeroMinusTick,de6df938-7e20-0c9e-8db9-0fb3fc924e3a,1463405,760
3041873,2019-01-06T14:05:20.838Z,19010614,XBTUSD,Sell,13,3818,ZeroMinusTick,2a479929-8efb-a76c-eb83-f69787c030f1,1463418,761
3041880,2019-01-06T14:05:20.838Z,19010614,XBTUSD,Sell,11,3818,ZeroMinusTick,b0ec91e7-5b48-c68f-72bf-d6da7f13e072,1463429,762
3041894,2019-01-06T14:05:20.838Z,19010614,XBTUSD,Sell,25,3818,ZeroMinusTick,02c8f813-742a-c7dd-2f33-e2f159e4ccd2,1463454,763
3041903,2019-01-06T14:05:20.838Z,19010614,XBTUSD,Sell,154,3817.5,ZeroMinusTick,1f7e6c26-9928-d0cf-74a8-fc51666796d5,1463608,764
3041911,2019-01-06T14:05:20.838Z,19010614,XBTUSD,Sell,15,3817.5,ZeroMinusTick,3370d2e7-b525-0f58-6165-ec10ab3e79e2,1463623,765
3041916,2019-01-06T14:05:21.049Z,19010614,XBTUSD,Sell,50,3817.5,ZeroMinusTick,84594d15-5957-087b-66ba-4c02dd3b93f6,1463673,766
3041922,2019-01-06T14:05:21.049Z,19010614,XBTUSD,Sell,1000,3817,ZeroMinusTick,9780662b-a082-c2b3-51b5-0df330f3bb65,1464673,767
3041652,2019-01-06T14:04:32.615Z,19010614,XBTUSD,Sell,1000,3818.5,ZeroMinusTick,b354874a-4198-dbac-9371-dd3fc1d927e3,1465673,768
3041665,2019-01-06T14:04:32.615Z,19010614,XBTUSD,Sell,13,3818.5,ZeroMinusTick,d4305ec1-cb7f-825b-d97e-6615e91c755a,1465686,769
3041720,2019-01-06T14:04:48.894Z,19010614,XBTUSD,Sell,100,3818.5,ZeroMinusTick,22e1c021-adbb-8d47-e531-dfbb1c69d3a6,1465786,770
3041753,2019-01-06T14:05:00.917Z,19010614,XBTUSD,Sell,10,3818.5,ZeroMinusTick,c1813bf2-585d-408b-235f-e4a593661199,1465796,771
3041805,2019-01-06T14:05:12.177Z,19010614,XBTUSD,Sell,1000,3818.5,ZeroMinusTick,a2bcacdb-e145-fcdd-1f90-4648e196ef81,1466796,772
3041817,2019-01-06T14:05:16.290Z,19010614,XBTUSD,Sell,483,3818.5,ZeroMinusTick,78f36c6d-072a-f01b-0f4f-2ab33bdafc2b,1467279,773
3041827,2019-01-06T14:05:16.349Z,19010614,XBTUSD,Sell,1000,3818.5,ZeroMinusTick,a14fd78a-400e-4c3a-df09-7ef79a139083,1468279,774
3041832,2019-01-06T14:05:16.358Z,19010614,XBTUSD,Sell,12,3818.5,ZeroMinusTick,83e0a05b-ba1e-23a1-cab3-0afb9073fff1,1468291,775
3041844,2019-01-06T14:05:16.450Z,19010614,XBTUSD,Sell,50,3818.5,ZeroMinusTick,8d2b7ae5-153e-c9fe-8630-e311edded595,1468341,776
3041848,2019-01-06T14:05:17.641Z,19010614,XBTUSD,Sell,6215,3818.5,ZeroMinusTick,8cdbe0a3-a00c-f287-4dee-b33e87891bb4,1474556,777
3041861,2019-01-06T14:05:17.641Z,19010614,XBTUSD,Sell,129,3818,ZeroMinusTick,b4c22084-ac1c-01c1-3a33-f10300e6b99a,1474685,778
3041875,2019-01-06T14:05:20.838Z,19010614,XBTUSD,Sell,20,3818,ZeroMinusTick,dd130795-04b5-b37f-b4ae-7c64f701e53e,1474705,779
3041884,2019-01-06T14:05:20.838Z,19010614,XBTUSD,Sell,100,3818,ZeroMinusTick,db2c400d-2aee-95a0-71f5-96b4b9da1bcc,1474805,780
3041890,2019-01-06T14:05:20.838Z,19010614,XBTUSD,Sell,2000,3818,ZeroMinusTick,b9e1f1e6-f22b-5250-9f25-e893c2477757,1476805,781
3041900,2019-01-06T14:05:20.838Z,19010614,XBTUSD,Sell,11,3817.5,ZeroMinusTick,29db99cc-d4e9-867e-7146-60b88929bfe6,1476816,782
3041910,2019-01-06T14:05:20.838Z,19010614,XBTUSD,Sell,10,3817.5,ZeroMinusTick,7ec5f140-f64b-8051-1e37-22923d82eb3d,1476826,783
3041919,2019-01-06T14:05:21.049Z,19010614,XBTUSD,Sell,27,3817,MinusTick,d58e9769-8ff6-b99e-ea4d-7165d898e284,1476853,784
3041961,2019-01-06T14:05:21.631Z,19010614,XBTUSD,Sell,2971,3817,MinusTick,b5a102ba-363e-7789-4a61-bcba36b4a7a4,1479824,785
3041970,2019-01-06T14:05:21.631Z,19010614,XBTUSD,Sell,509,3817,ZeroMinusTick,78cd3c70-2706-fc12-9fce-acc8600d4119,1480333,786
3041974,2019-01-06T14:05:22.049Z,19010614,XBTUSD,Sell,500,3817,ZeroMinusTick,072bcc8e-1c98-ac62-913c-198917bdea82,1480833,787
3042005,2019-01-06T14:05:24.267Z,19010614,XBTUSD,Sell,27423,3817,ZeroMinusTick,44c8302e-6038-ad45-0115-03fecce58806,1508256,788
3042025,2019-01-06T14:05:26.566Z,19010614,XBTUSD,Sell,5853,3817,ZeroMinusTick,b7a14868-9ca3-8d9a-2af5-a8ee0f4616ba,1514109,789
3042033,2019-01-06T14:05:27.339Z,19010614,XBTUSD,Sell,7634,3817,ZeroMinusTick,66ace28c-32e6-6e52-f9ca-97fe09c36e8a,1521743,790
3042038,2019-01-06T14:05:27.339Z,19010614,XBTUSD,Sell,26481,3817,ZeroMinusTick,27a1b7e4-8916-8814-13ad-cd6c204eaafb,1548224,791
3042046,2019-01-06T14:05:30.027Z,19010614,XBTUSD,Sell,9000,3817,ZeroMinusTick,6f50fccc-7ba8-8a08-875e-3c9476a26d91,1557224,792
3042057,2019-01-06T14:05:32.015Z,19010614,XBTUSD,Sell,3000,3817,ZeroMinusTick,f2a8c078-7713-4604-97cd-d464888e5d9d,1560224,793
3042075,2019-01-06T14:05:32.609Z,19010614,XBTUSD,Sell,20,3817,ZeroMinusTick,8b0a090c-be51-c21a-4582-5c2003aad414,1560244,794
3042094,2019-01-06T14:05:36.442Z,19010614,XBTUSD,Buy,710,3817,ZeroPlusTick,1f41636d-be03-a211-4331-2799f7b7f1ca,1560954,795
3042101,2019-01-06T14:05:37.720Z,19010614,XBTUSD,Sell,30,3816.5,ZeroMinusTick,b6386408-f385-9fc0-835d-f275ba2feaec,1560984,796
3041589,2019-01-06T14:04:23.468Z,19010614,XBTUSD,Sell,3000,3818.5,ZeroMinusTick,4b760b45-d58d-3be7-0db1-252e04099d3f,1563984,797
3041659,2019-01-06T14:04:32.615Z,19010614,XBTUSD,Sell,480,3818.5,ZeroMinusTick,55534e0d-ef4a-b25a-93db-835a84e4e402,1564464,798
3041667,2019-01-06T14:04:32.615Z,19010614,XBTUSD,Sell,200,3818.5,ZeroMinusTick,c63c68e2-de61-aa80-115a-71e531e6edf3,1564664,799
3041687,2019-01-06T14:04:37.267Z,19010614,XBTUSD,Sell,3,3818.5,ZeroMinusTick,f701ec23-2536-4df3-1a0a-d82eff52d73f,1564667,800
3041731,2019-01-06T14:04:51.435Z,19010614,XBTUSD,Sell,10000,3818.5,ZeroMinusTick,66e6c53a-abf4-6728-b776-66a36366a07b,1574667,801
