id,timestamp,hour,symbol,bidPrice,bidSize,askPrice,askSize,midPrice,microPrice
10064344,2019-01-06T07:00:03.705Z,19010607,XBTUSD,3793,613167,3793.5,189749,3793.25,3793.5
10064354,2019-01-06T07:00:04.287Z,19010607,XBTUSD,3793.5,54912,3794,15610,3793.75,3794
10064364,2019-01-06T07:00:04.324Z,19010607,XBTUSD,3793.5,325610,3794,15575,3793.75,3794
10064374,2019-01-06T07:00:04.369Z,19010607,XBTUSD,3793.5,389803,3794,27849,3793.75,3794
10064384,2019-01-06T07:00:04.398Z,19010607,XBTUSD,3793.5,554970,3794,27849,3793.75,3794
10064400,2019-01-06T07:00:04.412Z,19010607,XBTUSD,3793.5,575970,3794,28228,3793.75,3794
10064410,2019-01-06T07:00:04.465Z,19010607,XBTUSD,3793.5,627527,3794,28128,3793.75,3794
10064421,2019-01-06T07:00:04.553Z,19010607,XBTUSD,3793.5,642882,3794,28128,3793.75,3794
10064430,2019-01-06T07:00:04.856Z,19010607,XBTUSD,3793.5,643187,3794,28827,3793.75,3794
10064454,2019-01-06T07:00:05.299Z,19010607,XBTUSD,3793.5,703116,3794,45285,3793.75,3794
10064464,2019-01-06T07:00:05.404Z,19010607,XBTUSD,3793.5,758320,3794,58183,3793.75,3794
10064474,2019-01-06T07:00:05.982Z,19010607,XBTUSD,3793.5,782170,3794,53965,3793.75,3794
10064510,2019-01-06T07:00:07.245Z,19010607,XBTUSD,3793.5,802190,3794,56365,3793.75,3794
10064514,2019-01-06T07:00:07.861Z,19010607,XBTUSD,3793.5,802859,3794,56267,3793.75,3794
10064334,2019-01-06T07:00:03.308Z,19010607,XBTUSD,3793,612096,3793.5,173049,3793.25,3793.5
10064353,2019-01-06T07:00:04.283Z,19010607,XBTUSD,3793.5,54822,3794,15610,3793.75,3794
10064359,2019-01-06T07:00:04.307Z,19010607,XBTUSD,3793.5,306162,3794,15575,3793.75,3794
10064371,2019-01-06T07:00:04.363Z,19010607,XBTUSD,3793.5,380803,3794,27849,3793.75,3794
10064379,2019-01-06T07:00:04.387Z,19010607,XBTUSD,3793.5,465861,3794,27849,3793.75,3794
10064403,2019-01-06T07:00:04.430Z,19010607,XBTUSD,3793.5,589198,3794,28228,3793.75,3794
10064412,2019-01-06T07:00:04.497Z,19010607,XBTUSD,3793.5,630277,3794,28128,3793.75,3794
10064423,2019-01-06T07:00:04.622Z,19010607,XBTUSD,3793.5,642897,3794,28178,3793.75,3794
10064433,2019-01-06T07:00:04.935Z,19010607,XBTUSD,3793.5,647687,3794,34398,3793.75,3794
10064442,2019-01-06T07:00:05.284Z,19010607,XBTUSD,3793.5,703116,3794,34587,3793.75,3794
10064457,2019-01-06T07:00:05.322Z,19010607,XBTUSD,3793.5,703320,3794,45375,3793.75,3794
10064472,2019-01-06T07:00:05.685Z,19010607,XBTUSD,3793.5,768170,3794,57559,3793.75,3794
10064518,2019-01-06T07:00:07.959Z,19010607,XBTUSD,3793.5,812904,3794,50078,3793.75,3794
10064346,2019-01-06T07:00:03.807Z,19010607,XBTUSD,3793.5,48041,3794,16235,3793.75,3794
10064355,2019-01-06T07:00:04.290Z,19010607,XBTUSD,3793.5,175912,3794,15610,3793.75,3794
10064365,2019-01-06T07:00:04.328Z,19010607,XBTUSD,3793.5,335739,3794,15575,3793.75,3794
10064375,2019-01-06T07:00:04.372Z,19010607,XBTUSD,3793.5,394803,3794,27849,3793.75,3794
10064382,2019-01-06T07:00:04.393Z,19010607,XBTUSD,3793.5,476970,3794,27849,3793.75,3794
10064402,2019-01-06T07:00:04.428Z,19010607,XBTUSD,3793.5,580766,3794,28228,3793.75,3794
10064415,2019-01-06T07:00:04.526Z,19010607,XBTUSD,3793.5,642167,3794,28128,3793.75,3794
10064426,2019-01-06T07:00:04.731Z,19010607,XBTUSD,3793.5,642987,3794,36898,3793.75,3794
10064435,2019-01-06T07:00:05.034Z,19010607,XBTUSD,3793.5,651287,3794,34398,3793.75,3794
10064455,2019-01-06T07:00:05.310Z,19010607,XBTUSD,3793.5,703287,3794,45285,3793.75,3794
10064467,2019-01-06T07:00:05.541Z,19010607,XBTUSD,3793.5,768170,3794,57558,3793.75,3794
10064475,2019-01-06T07:00:06.402Z,19010607,XBTUSD,3793.5,802170,3794,53965,3793.75,3794
10064507,2019-01-06T07:00:06.873Z,19010607,XBTUSD,3793.5,802170,3794,56264,3793.75,3794
10064574,2019-01-06T07:00:09.465Z,19010607,XBTUSD,3793.5,732838,3794,54744,3793.75,3794
10064348,2019-01-06T07:00:04.216Z,19010607,XBTUSD,3793.5,89285,3794,15610,3793.75,3794
10064357,2019-01-06T07:00:04.301Z,19010607,XBTUSD,3793.5,305912,3794,15575,3793.75,3794
10064369,2019-01-06T07:00:04.350Z,19010607,XBTUSD,3793.5,355803,3794,19589,3793.75,3794
10064377,2019-01-06T07:00:04.378Z,19010607,XBTUSD,3793.5,451861,3794,27849,3793.75,3794
10064406,2019-01-06T07:00:04.448Z,19010607,XBTUSD,3793.5,616940,3794,28228,3793.75,3794
10064411,2019-01-06T07:00:04.468Z,19010607,XBTUSD,3793.5,629777,3794,28128,3793.75,3794
10064422,2019-01-06T07:00:04.563Z,19010607,XBTUSD,3793.5,642897,3794,28128,3793.75,3794
10064432,2019-01-06T07:00:04.899Z,19010607,XBTUSD,3793.5,647687,3794,28827,3793.75,3794
10064440,2019-01-06T07:00:05.168Z,19010607,XBTUSD,3793.5,703087,3794,34398,3793.75,3794
10064459,2019-01-06T07:00:05.328Z,19010607,XBTUSD,3793.5,703320,3794,59287,3793.75,3794
10064465,2019-01-06T07:00:05.472Z,19010607,XBTUSD,3793.5,758320,3794,57558,3793.75,3794
10064476,2019-01-06T07:00:06.499Z,19010607,XBTUSD,3793.5,802170,3794,54002,3793.75,3794
10064516,2019-01-06T07:00:07.905Z,19010607,XBTUSD,3793.5,812904,3794,56267,3793.75,3794
10064536,2019-01-06T07:00:08.623Z,19010607,XBTUSD,3793.5,814160,3794,50741,3793.75,3794
10064572,2019-01-06T07:00:09.376Z,19010607,XBTUSD,3793.5,732938,3794,52744,3793.75,3794
10064580,2019-01-06T07:00:09.737Z,19010607,XBTUSD,3793.5,735047,3794,55692,3793.75,3794
10064628,2019-01-06T07:00:10.635Z,19010607,XBTUSD,3793.5,675232,3794,56075,3793.75,3794
10064631,2019-01-06T07:00:10.659Z,19010607,XBTUSD,3793.5,655532,3794,56075,3793.75,3794
10064652,2019-01-06T07:00:10.938Z,19010607,XBTUSD,3793.5,649692,3794,56883,3793.75,3794
10064662,2019-01-06T07:00:11.773Z,19010607,XBTUSD,3793.5,649362,3794,55788,3793.75,3794
10064707,2019-01-06T07:00:12.327Z,19010607,XBTUSD,3793.5,659377,3794,55790,3793.75,3794
10064345,2019-01-06T07:00:03.721Z,19010607,XBTUSD,3793.5,10251,3794,16235,3793.75,3794
10064363,2019-01-06T07:00:04.319Z,19010607,XBTUSD,3793.5,325460,3794,15575,3793.75,3794
10064373,2019-01-06T07:00:04.367Z,19010607,XBTUSD,3793.5,387803,3794,27849,3793.75,3794
10064385,2019-01-06T07:00:04.400Z,19010607,XBTUSD,3793.5,555970,3794,27849,3793.75,3794
10064399,2019-01-06T07:00:04.408Z,19010607,XBTUSD,3793.5,575970,3794,27849,3793.75,3794
10064409,2019-01-06T07:00:04.462Z,19010607,XBTUSD,3793.5,623027,3794,28128,3793.75,3794
10064419,2019-01-06T07:00:04.543Z,19010607,XBTUSD,3793.5,642582,3794,28128,3793.75,3794
10064428,2019-01-06T07:00:04.761Z,19010607,XBTUSD,3793.5,643087,3794,37087,3793.75,3794
10064438,2019-01-06T07:00:05.141Z,19010607,XBTUSD,3793.5,681287,3794,34398,3793.75,3794
10064461,2019-01-06T07:00:05.342Z,19010607,XBTUSD,3793.5,703320,3794,59990,3793.75,3794
10064466,2019-01-06T07:00:05.485Z,19010607,XBTUSD,3793.5,758170,3794,57558,3793.75,3794
10064477,2019-01-06T07:00:06.517Z,19010607,XBTUSD,3793.5,802170,3794,50907,3793.75,3794
10064519,2019-01-06T07:00:07.980Z,19010607,XBTUSD,3793.5,802874,3794,50078,3793.75,3794
10064533,2019-01-06T07:00:08.397Z,19010607,XBTUSD,3793.5,802904,3794,50122,3793.75,3794
10064568,2019-01-06T07:00:09.246Z,19010607,XBTUSD,3793.5,738349,3794,50743,3793.75,3794
10064581,2019-01-06T07:00:09.914Z,19010607,XBTUSD,3793.5,735047,3794,56692,3793.75,3794
10064622,2019-01-06T07:00:10.581Z,19010607,XBTUSD,3793.5,705017,3794,56073,3793.75,3794
10064657,2019-01-06T07:00:11.325Z,19010607,XBTUSD,3793.5,649562,3794,55886,3793.75,3794
10064712,2019-01-06T07:00:13.037Z,19010607,XBTUSD,3793.5,658708,3794,54123,3793.75,3794
10064728,2019-01-06T07:00:13.108Z,19010607,XBTUSD,3793.5,658736,3794,53124,3793.75,3794
10064738,2019-01-06T07:00:13.895Z,19010607,XBTUSD,3793.5,652114,3794,48127,3793.75,3794
10064338,2019-01-06T07:00:03.623Z,19010607,XBTUSD,3793,613167,3793.5,173249,3793.25,3793.5
10064349,2019-01-06T07:00:04.234Z,19010607,XBTUSD,3793.5,89321,3794,15610,3793.75,3794
10064356,2019-01-06T07:00:04.291Z,19010607,XBTUSD,3793.5,175912,3794,15575,3793.75,3794
10064367,2019-01-06T07:00:04.333Z,19010607,XBTUSD,3793.5,355703,3794,15575,3793.75,3794
10064380,2019-01-06T07:00:04.388Z,19010607,XBTUSD,3793.5,465970,3794,27849,3793.75,3794
10064408,2019-01-06T07:00:04.453Z,19010607,XBTUSD,3793.5,618527,3794,28128,3793.75,3794
10064416,2019-01-06T07:00:04.533Z,19010607,XBTUSD,3793.5,642267,3794,28128,3793.75,3794
10064425,2019-01-06T07:00:04.729Z,19010607,XBTUSD,3793.5,642987,3794,36875,3793.75,3794
10064437,2019-01-06T07:00:05.141Z,19010607,XBTUSD,3793.5,676287,3794,34398,3793.75,3794
10064462,2019-01-06T07:00:05.371Z,19010607,XBTUSD,3793.5,703320,3794,57983,3793.75,3794
10064470,2019-01-06T07:00:05.800Z,19010607,XBTUSD,3793.5,768170,3794,55552,3793.75,3794
10064479,2019-01-06T07:00:06.699Z,19010607,XBTUSD,3793.5,802170,3794,53170,3793.75,3794
10064509,2019-01-06T07:00:07.120Z,19010607,XBTUSD,3793.5,802170,3794,56365,3793.75,3794
10064539,2019-01-06T07:00:08.866Z,19010607,XBTUSD,3793.5,813160,3794,50743,3793.75,3794
10064569,2019-01-06T07:00:09.261Z,19010607,XBTUSD,3793.5,722938,3794,50743,3793.75,3794
10064579,2019-01-06T07:00:09.668Z,19010607,XBTUSD,3793.5,733260,3794,55692,3793.75,3794
10064621,2019-01-06T07:00:10.484Z,19010607,XBTUSD,3793.5,705017,3794,56692,3793.75,3794
10064659,2019-01-06T07:00:11.552Z,19010607,XBTUSD,3793.5,649362,3794,55787,3793.75,3794
10064708,2019-01-06T07:00:12.336Z,19010607,XBTUSD,3793.5,658708,3794,55790,3793.75,3794
10064734,2019-01-06T07:00:13.707Z,19010607,XBTUSD,3793.5,652114,3794,53126,3793.75,3794
10064335,2019-01-06T07:00:03.532Z,19010607,XBTUSD,3793,612117,3793.5,173049,3793.25,3793.5
10064347,2019-01-06T07:00:04.032Z,19010607,XBTUSD,3793.5,89285,3794,16235,3793.75,3794
10064361,2019-01-06T07:00:04.314Z,19010607,XBTUSD,3793.5,306327,3794,15575,3793.75,3794
10064370,2019-01-06T07:00:04.352Z,19010607,XBTUSD,3793.5,355803,3794,27849,3793.75,3794
10064381,2019-01-06T07:00:04.391Z,19010607,XBTUSD,3793.5,475970,3794,27849,3793.75,3794
10064401,2019-01-06T07:00:04.423Z,19010607,XBTUSD,3793.5,578966,3794,28228,3793.75,3794
10064414,2019-01-06T07:00:04.518Z,19010607,XBTUSD,3793.5,640367,3794,28128,3793.75,3794
10064427,2019-01-06T07:00:04.753Z,19010607,XBTUSD,3793.5,642987,3794,37087,3793.75,3794
10064439,2019-01-06T07:00:05.141Z,19010607,XBTUSD,3793.5,701287,3794,34398,3793.75,3794
10064463,2019-01-06T07:00:05.375Z,19010607,XBTUSD,3793.5,758320,3794,57983,3793.75,3794
10064473,2019-01-06T07:00:05.906Z,19010607,XBTUSD,3793.5,782170,3794,55552,3793.75,3794
10064478,2019-01-06T07:00:06.600Z,19010607,XBTUSD,3793.5,802170,3794,50908,3793.75,3794
10064511,2019-01-06T07:00:07.267Z,19010607,XBTUSD,3793.5,802190,3794,56366,3793.75,3794
10064517,2019-01-06T07:00:07.940Z,19010607,XBTUSD,3793.5,812904,3794,56268,3793.75,3794
10064537,2019-01-06T07:00:08.718Z,19010607,XBTUSD,3793.5,814160,3794,50742,3793.75,3794
10064570,2019-01-06T07:00:09.272Z,19010607,XBTUSD,3793.5,722938,3794,52743,3793.75,3794
10064582,2019-01-06T07:00:10.021Z,19010607,XBTUSD,3793.5,745047,3794,56692,3793.75,3794
10064623,2019-01-06T07:00:10.584Z,19010607,XBTUSD,3793.5,705032,3794,56073,3793.75,3794
10064650,2019-01-06T07:00:10.885Z,19010607,XBTUSD,3793.5,645532,3794,56789,3793.75,3794
10064656,2019-01-06T07:00:11.188Z,19010607,XBTUSD,3793.5,649542,3794,55886,3793.75,3794
10064729,2019-01-06T07:00:13.197Z,19010607,XBTUSD,3793.5,658747,3794,53124,3793.75,3794
10064336,2019-01-06T07:00:03.555Z,19010607,XBTUSD,3793,612117,3793.5,173249,3793.25,3793.5
10064350,2019-01-06T07:00:04.248Z,19010607,XBTUSD,3793.5,95826,3794,15610,3793.75,3794
10064360,2019-01-06T07:00:04.310Z,19010607,XBTUSD,3793.5,306237,3794,15575,3793.75,3794
10064372,2019-01-06T07:00:04.365Z,19010607,XBTUSD,3793.5,385803,3794,27849,3793.75,3794
10064383,2019-01-06T07:00:04.395Z,19010607,XBTUSD,3793.5,486970,3794,27849,3793.75,3794
10064405,2019-01-06T07:00:04.436Z,19010607,XBTUSD,3793.5,606409,3794,28228,3793.75,3794
10064418,2019-01-06T07:00:04.541Z,19010607,XBTUSD,3793.5,642492,3794,28128,3793.75,3794
10064424,2019-01-06T07:00:04.689Z,19010607,XBTUSD,3793.5,642897,3794,36875,3793.75,3794
10064436,2019-01-06T07:00:05.141Z,19010607,XBTUSD,3793.5,656287,3794,34398,3793.75,3794
10064458,2019-01-06T07:00:05.326Z,19010607,XBTUSD,3793.5,703320,3794,45564,3793.75,3794
10064468,2019-01-06T07:00:05.765Z,19010607,XBTUSD,3793.5,768170,3794,55552,3793.75,3794
10064508,2019-01-06T07:00:07.083Z,19010607,XBTUSD,3793.5,802170,3794,56364,3793.75,3794
10064540,2019-01-06T07:00:08.877Z,19010607,XBTUSD,3793.5,758160,3794,50743,3793.75,3794
10064567,2019-01-06T07:00:09.211Z,19010607,XBTUSD,3793.5,738460,3794,50743,3793.75,3794
10064578,2019-01-06T07:00:09.651Z,19010607,XBTUSD,3793.5,732960,3794,55692,3793.75,3794
10064620,2019-01-06T07:00:10.481Z,19010607,XBTUSD,3793.5,715017,3794,56692,3793.75,3794
10064630,2019-01-06T07:00:10.658Z,19010607,XBTUSD,3793.5,665532,3794,56075,3793.75,3794
10064661,2019-01-06T07:00:11.392Z,19010607,XBTUSD,3793.5,649562,3794,55887,3793.75,3794
10064711,2019-01-06T07:00:13.003Z,19010607,XBTUSD,3793.5,658708,3794,55123,3793.75,3794
10064726,2019-01-06T07:00:13.086Z,19010607,XBTUSD,3793.5,658708,3794,53123,3793.75,3794
10064730,2019-01-06T07:00:13.362Z,19010607,XBTUSD,3793.5,658747,3794,53125,3793.75,3794
10064773,2019-01-06T07:00:15.699Z,19010607,XBTUSD,3793.5,654135,3794,48128,3793.75,3794
10064824,2019-01-06T07:00:15.800Z,19010607,XBTUSD,3793.5,654160,3794,50129,3793.75,3794
10064833,2019-01-06T07:00:16.308Z,19010607,XBTUSD,3793.5,654160,3794,47914,3793.75,3794
10064853,2019-01-06T07:00:17.446Z,19010607,XBTUSD,3793.5,650645,3794,47628,3793.75,3794
10064352,2019-01-06T07:00:04.278Z,19010607,XBTUSD,3793.5,54672,3794,15610,3793.75,3794
10064358,2019-01-06T07:00:04.303Z,19010607,XBTUSD,3793.5,306062,3794,15575,3793.75,3794
10064368,2019-01-06T07:00:04.337Z,19010607,XBTUSD,3793.5,355803,3794,15575,3793.75,3794
10064378,2019-01-06T07:00:04.384Z,19010607,XBTUSD,3793.5,455861,3794,27849,3793.75,3794
10064407,2019-01-06T07:00:04.451Z,19010607,XBTUSD,3793.5,616940,3794,28128,3793.75,3794
10064413,2019-01-06T07:00:04.508Z,19010607,XBTUSD,3793.5,640277,3794,28128,3793.75,3794
10064420,2019-01-06T07:00:04.551Z,19010607,XBTUSD,3793.5,642732,3794,28128,3793.75,3794
10064431,2019-01-06T07:00:04.865Z,19010607,XBTUSD,3793.5,645437,3794,28827,3793.75,3794
10064441,2019-01-06T07:00:05.273Z,19010607,XBTUSD,3793.5,703087,3794,34587,3793.75,3794
10064456,2019-01-06T07:00:05.316Z,19010607,XBTUSD,3793.5,703320,3794,45285,3793.75,3794
10064471,2019-01-06T07:00:05.862Z,19010607,XBTUSD,3793.5,778170,3794,55552,3793.75,3794
10064512,2019-01-06T07:00:07.425Z,19010607,XBTUSD,3793.5,802859,3794,56366,3793.75,3794
10064515,2019-01-06T07:00:07.871Z,19010607,XBTUSD,3793.5,802874,3794,56267,3793.75,3794
10064538,2019-01-06T07:00:08.849Z,19010607,XBTUSD,3793.5,814160,3794,50743,3793.75,3794
10064566,2019-01-06T07:00:09.089Z,19010607,XBTUSD,3793.5,758460,3794,50743,3793.75,3794
10064576,2019-01-06T07:00:09.609Z,19010607,XBTUSD,3793.5,732960,3794,55744,3793.75,3794
10064626,2019-01-06T07:00:10.613Z,19010607,XBTUSD,3793.5,705232,3794,56075,3793.75,3794
10064648,2019-01-06T07:00:10.716Z,19010607,XBTUSD,3793.5,645532,3794,56694,3793.75,3794
10064654,2019-01-06T07:00:11.015Z,19010607,XBTUSD,3793.5,649542,3794,56884,3793.75,3794
10064735,2019-01-06T07:00:13.883Z,19010607,XBTUSD,3793.5,652114,3794,50126,3793.75,3794
10064823,2019-01-06T07:00:15.763Z,19010607,XBTUSD,3793.5,654160,3794,48129,3793.75,3794
10064832,2019-01-06T07:00:16.294Z,19010607,XBTUSD,3793.5,654160,3794,47913,3793.75,3794
10064850,2019-01-06T07:00:17.175Z,19010607,XBTUSD,3793.5,652445,3794,47616,3793.75,3794
10064894,2019-01-06T07:00:19.576Z,19010607,XBTUSD,3793.5,652638,3794,47765,3793.75,3794
10064952,2019-01-06T07:00:21.557Z,19010607,XBTUSD,3793.5,649163,3794,54670,3793.75,3794
10064991,2019-01-06T07:00:24.008Z,19010607,XBTUSD,3793.5,649388,3794,54672,3793.75,3794
10064337,2019-01-06T07:00:03.620Z,19010607,XBTUSD,3793,612167,3793.5,173249,3793.25,3793.5
10064351,2019-01-06T07:00:04.273Z,19010607,XBTUSD,3793.5,54582,3794,15610,3793.75,3794
10064362,2019-01-06T07:00:04.318Z,19010607,XBTUSD,3793.5,325445,3794,15575,3793.75,3794
10064366,2019-01-06T07:00:04.329Z,19010607,XBTUSD,3793.5,335703,3794,15575,3793.75,3794
10064376,2019-01-06T07:00:04.375Z,19010607,XBTUSD,3793.5,401861,3794,27849,3793.75,3794
10064404,2019-01-06T07:00:04.432Z,19010607,XBTUSD,3793.5,604609,3794,28228,3793.75,3794
10064417,2019-01-06T07:00:04.538Z,19010607,XBTUSD,3793.5,642417,3794,28128,3793.75,3794
10064429,2019-01-06T07:00:04.793Z,19010607,XBTUSD,3793.5,643187,3794,37087,3793.75,3794
10064434,2019-01-06T07:00:05.026Z,19010607,XBTUSD,3793.5,649487,3794,34398,3793.75,3794
10064460,2019-01-06T07:00:05.331Z,19010607,XBTUSD,3793.5,703320,3794,59906,3793.75,3794
10064469,2019-01-06T07:00:05.789Z,19010607,XBTUSD,3793.5,768170,3794,49362,3793.75,3794
10064480,2019-01-06T07:00:06.716Z,19010607,XBTUSD,3793.5,802170,3794,53169,3793.75,3794
10064513,2019-01-06T07:00:07.757Z,19010607,XBTUSD,3793.5,802859,3794,56266,3793.75,3794
10064535,2019-01-06T07:00:08.549Z,19010607,XBTUSD,3793.5,814160,3794,50122,3793.75,3794
10064573,2019-01-06T07:00:09.447Z,19010607,XBTUSD,3793.5,732938,3794,54744,3793.75,3794
10064577,2019-01-06T07:00:09.612Z,19010607,XBTUSD,3793.5,732960,3794,55712,3793.75,3794
10064629,2019-01-06T07:00:10.639Z,19010607,XBTUSD,3793.5,675532,3794,56075,3793.75,3794
10064649,2019-01-06T07:00:10.876Z,19010607,XBTUSD,3793.5,645532,3794,56788,3793.75,3794
10064655,2019-01-06T07:00:11.017Z,19010607,XBTUSD,3793.5,649542,3794,56505,3793.75,3794
10064710,2019-01-06T07:00:12.870Z,19010607,XBTUSD,3793.5,658708,3794,55792,3793.75,3794
10064727,2019-01-06T07:00:13.105Z,19010607,XBTUSD,3793.5,658736,3794,53123,3793.75,3794
10064737,2019-01-06T07:00:13.889Z,19010607,XBTUSD,3793.5,652114,3794,48126,3793.75,3794
10064825,2019-01-06T07:00:15.802Z,19010607,XBTUSD,3793.5,654160,3794,50130,3793.75,3794
10064836,2019-01-06T07:00:16.655Z,19010607,XBTUSD,3793.5,654270,3794,47615,3793.75,3794
10064866,2019-01-06T07:00:18.758Z,19010607,XBTUSD,3793.5,648845,3794,47762,3793.75,3794
10064947,2019-01-06T07:00:21.111Z,19010607,XBTUSD,3793.5,651388,3794,54767,3793.75,3794
10064532,2019-01-06T07:00:08.277Z,19010607,XBTUSD,3793.5,802874,3794,50178,3793.75,3794
10064571,2019-01-06T07:00:09.373Z,19010607,XBTUSD,3793.5,722938,3794,52744,3793.75,3794
10064624,2019-01-06T07:00:10.585Z,19010607,XBTUSD,3793.5,705032,3794,56074,3793.75,3794
10064651,2019-01-06T07:00:10.899Z,19010607,XBTUSD,3793.5,645532,3794,56883,3793.75,3794
10064660,2019-01-06T07:00:11.281Z,19010607,XBTUSD,3793.5,649552,3794,55886,3793.75,3794
10064706,2019-01-06T07:00:12.142Z,19010607,XBTUSD,3793.5,659377,3794,55789,3793.75,3794
10064736,2019-01-06T07:00:13.842Z,19010607,XBTUSD,3793.5,652114,3794,52126,3793.75,3794
10064834,2019-01-06T07:00:16.509Z,19010607,XBTUSD,3793.5,654158,3794,47914,3793.75,3794
10064865,2019-01-06T07:00:18.735Z,19010607,XBTUSD,3793.5,648845,3794,47761,3793.75,3794
10064892,2019-01-06T07:00:19.268Z,19010607,XBTUSD,3793.5,652638,3794,47763,3793.75,3794
10064905,2019-01-06T07:00:20.455Z,19010607,XBTUSD,3793.5,648638,3794,52765,3793.75,3794
10064953,2019-01-06T07:00:22.028Z,19010607,XBTUSD,3793.5,649163,3794,54671,3793.75,3794
10064993,2019-01-06T07:00:24.109Z,19010607,XBTUSD,3793.5,649388,3794,54674,3793.75,3794
10065033,2019-01-06T07:00:26.754Z,19010607,XBTUSD,3793.5,649388,3794,52475,3793.75,3794
10065056,2019-01-06T07:00:29.746Z,19010607,XBTUSD,3793.5,689387,3794,54281,3793.75,3794
10065081,2019-01-06T07:00:31.533Z,19010607,XBTUSD,3793.5,680348,3794,49095,3793.75,3794
10065116,2019-01-06T07:00:33.871Z,19010607,XBTUSD,3793.5,705323,3794,49694,3793.75,3794
10065137,2019-01-06T07:00:35.293Z,19010607,XBTUSD,3793.5,701333,3794,54648,3793.75,3794
10065145,2019-01-06T07:00:36.058Z,19010607,XBTUSD,3793.5,731333,3794,54031,3793.75,3794
10065159,2019-01-06T07:00:37.400Z,19010607,XBTUSD,3793.5,731337,3794,55625,3793.75,3794
10065174,2019-01-06T07:00:38.106Z,19010607,XBTUSD,3793.5,731362,3794,55659,3793.75,3794
10065195,2019-01-06T07:00:39.207Z,19010607,XBTUSD,3793.5,729362,3794,54671,3793.75,3794
10065218,2019-01-06T07:00:41.386Z,19010607,XBTUSD,3793.5,679462,3794,53321,3793.75,3794
10065250,2019-01-06T07:00:43.410Z,19010607,XBTUSD,3793.5,679453,3794,48181,3793.75,3794
10065261,2019-01-06T07:00:44.405Z,19010607,XBTUSD,3793.5,680453,3794,48185,3793.75,3794
10065279,2019-01-06T07:00:47.481Z,19010607,XBTUSD,3793.5,704453,3794,49794,3793.75,3794
10065319,2019-01-06T07:00:51.503Z,19010607,XBTUSD,3793.5,676483,3794,73604,3793.75,3794
10064534,2019-01-06T07:00:08.449Z,19010607,XBTUSD,3793.5,812934,3794,50122,3793.75,3794
10064575,2019-01-06T07:00:09.571Z,19010607,XBTUSD,3793.5,732960,3794,54744,3793.75,3794
10064583,2019-01-06T07:00:10.028Z,19010607,XBTUSD,3793.5,725047,3794,56692,3793.75,3794
10064625,2019-01-06T07:00:10.590Z,19010607,XBTUSD,3793.5,705232,3794,56074,3793.75,3794
10064658,2019-01-06T07:00:11.525Z,19010607,XBTUSD,3793.5,649562,3794,55787,3793.75,3794
10064705,2019-01-06T07:00:12.109Z,19010607,XBTUSD,3793.5,649377,3794,55789,3793.75,3794
10064731,2019-01-06T07:00:13.431Z,19010607,XBTUSD,3793.5,658772,3794,53125,3793.75,3794
10064829,2019-01-06T07:00:15.998Z,19010607,XBTUSD,3793.5,654160,3794,49412,3793.75,3794
10064838,2019-01-06T07:00:16.905Z,19010607,XBTUSD,3793.5,652445,3794,47615,3793.75,3794
10064854,2019-01-06T07:00:18.065Z,19010607,XBTUSD,3793.5,650645,3794,47608,3793.75,3794
10064895,2019-01-06T07:00:19.669Z,19010607,XBTUSD,3793.5,648638,3794,47765,3793.75,3794
10064948,2019-01-06T07:00:21.381Z,19010607,XBTUSD,3793.5,651413,3794,54767,3793.75,3794
10064960,2019-01-06T07:00:22.090Z,19010607,XBTUSD,3793.5,649163,3794,54672,3793.75,3794
10065034,2019-01-06T07:00:26.756Z,19010607,XBTUSD,3793.5,649388,3794,52476,3793.75,3794
10065070,2019-01-06T07:00:30.464Z,19010607,XBTUSD,3793.5,685348,3794,54281,3793.75,3794
10065079,2019-01-06T07:00:31.403Z,19010607,XBTUSD,3793.5,680348,3794,53095,3793.75,3794
10065103,2019-01-06T07:00:32.807Z,19010607,XBTUSD,3793.5,700348,3794,54525,3793.75,3794
10065142,2019-01-06T07:00:35.922Z,19010607,XBTUSD,3793.5,721333,3794,54031,3793.75,3794
10065160,2019-01-06T07:00:37.433Z,19010607,XBTUSD,3793.5,731337,3794,55557,3793.75,3794
10065178,2019-01-06T07:00:38.606Z,19010607,XBTUSD,3793.5,729362,3794,54070,3793.75,3794
10065194,2019-01-06T07:00:39.110Z,19010607,XBTUSD,3793.5,729362,3794,54670,3793.75,3794
10065209,2019-01-06T07:00:40.707Z,19010607,XBTUSD,3793.5,701362,3794,53938,3793.75,3794
10065221,2019-01-06T07:00:41.998Z,19010607,XBTUSD,3793.5,679453,3794,53323,3793.75,3794
10065260,2019-01-06T07:00:44.403Z,19010607,XBTUSD,3793.5,680453,3794,48184,3793.75,3794
10065291,2019-01-06T07:00:48.652Z,19010607,XBTUSD,3793.5,704463,3794,33596,3793.75,3794
10065298,2019-01-06T07:00:48.949Z,19010607,XBTUSD,3793.5,676463,3794,67047,3793.75,3794
10065308,2019-01-06T07:00:49.505Z,19010607,XBTUSD,3793.5,676463,3794,69286,3793.75,3794
10064627,2019-01-06T07:00:10.618Z,19010607,XBTUSD,3793.5,685232,3794,56075,3793.75,3794
10064647,2019-01-06T07:00:10.713Z,19010607,XBTUSD,3793.5,655532,3794,56694,3793.75,3794
10064653,2019-01-06T07:00:11.009Z,19010607,XBTUSD,3793.5,649542,3794,56883,3793.75,3794
10064663,2019-01-06T07:00:11.907Z,19010607,XBTUSD,3793.5,649362,3794,55789,3793.75,3794
10064709,2019-01-06T07:00:12.557Z,19010607,XBTUSD,3793.5,658708,3794,55791,3793.75,3794
10064732,2019-01-06T07:00:13.513Z,19010607,XBTUSD,3793.5,659172,3794,53125,3793.75,3794
10064774,2019-01-06T07:00:15.703Z,19010607,XBTUSD,3793.5,654135,3794,48129,3793.75,3794
10064826,2019-01-06T07:00:15.814Z,19010607,XBTUSD,3793.5,654160,3794,52130,3793.75,3794
10064837,2019-01-06T07:00:16.838Z,19010607,XBTUSD,3793.5,654245,3794,47615,3793.75,3794
10064945,2019-01-06T07:00:20.892Z,19010607,XBTUSD,3793.5,648638,3794,54767,3793.75,3794
10065030,2019-01-06T07:00:26.530Z,19010607,XBTUSD,3793.5,649388,3794,54474,3793.75,3794
10065051,2019-01-06T07:00:28.977Z,19010607,XBTUSD,3793.5,689388,3794,54478,3793.75,3794
10065052,2019-01-06T07:00:29.447Z,19010607,XBTUSD,3793.5,689388,3794,54402,3793.75,3794
10065074,2019-01-06T07:00:30.979Z,19010607,XBTUSD,3793.5,680348,3794,52021,3793.75,3794
10065099,2019-01-06T07:00:32.326Z,19010607,XBTUSD,3793.5,690348,3794,54668,3793.75,3794
10065112,2019-01-06T07:00:33.231Z,19010607,XBTUSD,3793.5,700348,3794,49692,3793.75,3794
10065139,2019-01-06T07:00:35.730Z,19010607,XBTUSD,3793.5,701333,3794,54030,3793.75,3794
10065148,2019-01-06T07:00:36.393Z,19010607,XBTUSD,3793.5,731337,3794,54650,3793.75,3794
10065182,2019-01-06T07:00:39.066Z,19010607,XBTUSD,3793.5,729362,3794,54690,3793.75,3794
10065200,2019-01-06T07:00:39.749Z,19010607,XBTUSD,3793.5,719362,3794,53319,3793.75,3794
10065211,2019-01-06T07:00:40.799Z,19010607,XBTUSD,3793.5,681362,3794,53938,3793.75,3794
10065251,2019-01-06T07:00:43.503Z,19010607,XBTUSD,3793.5,679453,3794,48182,3793.75,3794
10065283,2019-01-06T07:00:47.593Z,19010607,XBTUSD,3793.5,704463,3794,49696,3793.75,3794
10065288,2019-01-06T07:00:48.641Z,19010607,XBTUSD,3793.5,704463,3794,38596,3793.75,3794
10065311,2019-01-06T07:00:50.005Z,19010607,XBTUSD,3793.5,676483,3794,69267,3793.75,3794
10065358,2019-01-06T07:00:55.398Z,19010607,XBTUSD,3793.5,675083,3794,70017,3793.75,3794
10065372,2019-01-06T07:00:56.862Z,19010607,XBTUSD,3793.5,674946,3794,64354,3793.75,3794
10065392,2019-01-06T07:00:58.353Z,19010607,XBTUSD,3793.5,674956,3794,71826,3793.75,3794
10065405,2019-01-06T07:00:59.424Z,19010607,XBTUSD,3793.5,667163,3794,71809,3793.75,3794
10064733,2019-01-06T07:00:13.655Z,19010607,XBTUSD,3793.5,652114,3794,53125,3793.75,3794
10064828,2019-01-06T07:00:15.825Z,19010607,XBTUSD,3793.5,654160,3794,51412,3793.75,3794
10064867,2019-01-06T07:00:18.813Z,19010607,XBTUSD,3793.5,648845,3794,47763,3793.75,3794
10064896,2019-01-06T07:00:19.788Z,19010607,XBTUSD,3793.5,648638,3794,48765,3793.75,3794
10064949,2019-01-06T07:00:21.414Z,19010607,XBTUSD,3793.5,651413,3794,54768,3793.75,3794
10065072,2019-01-06T07:00:30.811Z,19010607,XBTUSD,3793.5,685348,3794,52020,3793.75,3794
10065080,2019-01-06T07:00:31.407Z,19010607,XBTUSD,3793.5,680348,3794,53096,3793.75,3794
10065131,2019-01-06T07:00:34.805Z,19010607,XBTUSD,3793.5,705323,3794,54647,3793.75,3794
10065141,2019-01-06T07:00:35.918Z,19010607,XBTUSD,3793.5,711333,3794,54031,3793.75,3794
10065181,2019-01-06T07:00:38.885Z,19010607,XBTUSD,3793.5,729362,3794,54071,3793.75,3794
10065287,2019-01-06T07:00:48.611Z,19010607,XBTUSD,3793.5,704463,3794,39596,3793.75,3794
10065348,2019-01-06T07:00:54.903Z,19010607,XBTUSD,3793.5,675083,3794,73458,3793.75,3794
10065363,2019-01-06T07:00:56.043Z,19010607,XBTUSD,3793.5,674946,3794,69867,3793.75,3794
10065374,2019-01-06T07:00:56.907Z,19010607,XBTUSD,3793.5,674946,3794,72355,3793.75,3794
10065407,2019-01-06T07:00:59.703Z,19010607,XBTUSD,3793.5,670956,3794,71810,3793.75,3794
10065420,2019-01-06T07:01:01.317Z,19010607,XBTUSD,3793.5,666980,3794,71813,3793.75,3794
10065442,2019-01-06T07:01:04.067Z,19010607,XBTUSD,3793.5,605515,3794,71269,3793.75,3794
10065454,2019-01-06T07:01:05.133Z,19010607,XBTUSD,3793.5,608425,3794,72190,3793.75,3794
10065497,2019-01-06T07:01:09.554Z,19010607,XBTUSD,3793.5,824136,3794,21694,3793.75,3794
10065512,2019-01-06T07:01:11.003Z,19010607,XBTUSD,3793.5,833959,3794,18459,3793.75,3794
10064771,2019-01-06T07:00:14.994Z,19010607,XBTUSD,3793.5,654114,3794,48127,3793.75,3794
10064772,2019-01-06T07:00:15.698Z,19010607,XBTUSD,3793.5,654135,3794,48127,3793.75,3794
10064827,2019-01-06T07:00:15.818Z,19010607,XBTUSD,3793.5,654160,3794,52131,3793.75,3794
10064831,2019-01-06T07:00:16.282Z,19010607,XBTUSD,3793.5,654160,3794,47413,3793.75,3794
10064950,2019-01-06T07:00:21.418Z,19010607,XBTUSD,3793.5,651413,3794,54769,3793.75,3794
10065031,2019-01-06T07:00:26.560Z,19010607,XBTUSD,3793.5,649388,3794,53474,3793.75,3794
10065050,2019-01-06T07:00:28.969Z,19010607,XBTUSD,3793.5,689388,3794,53478,3793.75,3794
10065053,2019-01-06T07:00:29.503Z,19010607,XBTUSD,3793.5,689388,3794,54382,3793.75,3794
10065071,2019-01-06T07:00:30.506Z,19010607,XBTUSD,3793.5,685348,3794,52019,3793.75,3794
10065082,2019-01-06T07:00:31.588Z,19010607,XBTUSD,3793.5,680348,3794,49714,3793.75,3794
10065102,2019-01-06T07:00:32.805Z,19010607,XBTUSD,3793.5,700348,3794,54524,3793.75,3794
10065114,2019-01-06T07:00:33.434Z,19010607,XBTUSD,3793.5,700323,3794,49693,3793.75,3794
10065149,2019-01-06T07:00:36.527Z,19010607,XBTUSD,3793.5,731337,3794,54651,3793.75,3794
10065161,2019-01-06T07:00:37.455Z,19010607,XBTUSD,3793.5,731362,3794,55557,3793.75,3794
10065179,2019-01-06T07:00:38.608Z,19010607,XBTUSD,3793.5,729362,3794,54071,3793.75,3794
10065198,2019-01-06T07:00:39.706Z,19010607,XBTUSD,3793.5,729362,3794,54054,3793.75,3794
10065210,2019-01-06T07:00:40.797Z,19010607,XBTUSD,3793.5,691362,3794,53938,3793.75,3794
10065220,2019-01-06T07:00:41.973Z,19010607,XBTUSD,3793.5,679453,3794,53322,3793.75,3794
10065278,2019-01-06T07:00:47.473Z,19010607,XBTUSD,3793.5,704453,3794,48044,3793.75,3794
10065294,2019-01-06T07:00:48.879Z,19010607,XBTUSD,3793.5,676463,3794,33598,3793.75,3794
10065296,2019-01-06T07:00:48.912Z,19010607,XBTUSD,3793.5,676463,3794,38598,3793.75,3794
10065309,2019-01-06T07:00:49.510Z,19010607,XBTUSD,3793.5,676463,3794,69266,3793.75,3794
10065314,2019-01-06T07:00:50.406Z,19010607,XBTUSD,3793.5,676483,3794,72982,3793.75,3794
10065320,2019-01-06T07:00:51.506Z,19010607,XBTUSD,3793.5,676483,3794,73605,3793.75,3794
10065347,2019-01-06T07:00:54.803Z,19010607,XBTUSD,3793.5,675083,3794,73457,3793.75,3794
10065359,2019-01-06T07:00:55.415Z,19010607,XBTUSD,3793.5,674971,3794,70017,3793.75,3794
10065376,2019-01-06T07:00:56.919Z,19010607,XBTUSD,3793.5,674946,3794,72436,3793.75,3794
10065390,2019-01-06T07:00:58.200Z,19010607,XBTUSD,3793.5,670956,3794,72826,3793.75,3794
10065402,2019-01-06T07:00:59.106Z,19010607,XBTUSD,3793.5,671163,3794,71828,3793.75,3794
10065428,2019-01-06T07:01:02.524Z,19010607,XBTUSD,3793.5,650530,3794,71263,3793.75,3794
10065439,2019-01-06T07:01:03.933Z,19010607,XBTUSD,3793.5,605605,3794,71267,3793.75,3794
10065453,2019-01-06T07:01:05.116Z,19010607,XBTUSD,3793.5,608425,3794,71190,3793.75,3794
10065503,2019-01-06T07:01:09.951Z,19010607,XBTUSD,3793.5,834076,3794,22621,3793.75,3794
10065508,2019-01-06T07:01:10.205Z,19010607,XBTUSD,3793.5,834076,3794,22811,3793.75,3794
10065535,2019-01-06T07:01:11.595Z,19010607,XBTUSD,3793.5,833970,3794,18460,3793.75,3794
10064835,2019-01-06T07:00:16.524Z,19010607,XBTUSD,3793.5,654158,3794,47615,3793.75,3794
10064852,2019-01-06T07:00:17.268Z,19010607,XBTUSD,3793.5,652445,3794,47628,3793.75,3794
10064904,2019-01-06T07:00:20.454Z,19010607,XBTUSD,3793.5,648638,3794,50765,3793.75,3794
10064944,2019-01-06T07:00:20.888Z,19010607,XBTUSD,3793.5,648638,3794,54766,3793.75,3794
10064992,2019-01-06T07:00:24.105Z,19010607,XBTUSD,3793.5,649388,3794,54673,3793.75,3794
10065096,2019-01-06T07:00:32.102Z,19010607,XBTUSD,3793.5,680348,3794,54666,3793.75,3794
10065111,2019-01-06T07:00:33.222Z,19010607,XBTUSD,3793.5,700348,3794,54025,3793.75,3794
10065132,2019-01-06T07:00:34.807Z,19010607,XBTUSD,3793.5,705323,3794,54648,3793.75,3794
10065144,2019-01-06T07:00:36.018Z,19010607,XBTUSD,3793.5,731333,3794,53879,3793.75,3794
10065147,2019-01-06T07:00:36.149Z,19010607,XBTUSD,3793.5,731337,3794,54031,3793.75,3794
10065176,2019-01-06T07:00:38.522Z,19010607,XBTUSD,3793.5,729362,3794,54688,3793.75,3794
10065197,2019-01-06T07:00:39.704Z,19010607,XBTUSD,3793.5,729362,3794,54053,3793.75,3794
10065212,2019-01-06T07:00:40.915Z,19010607,XBTUSD,3793.5,681362,3794,53939,3793.75,3794
10065244,2019-01-06T07:00:42.504Z,19010607,XBTUSD,3793.5,679453,3794,48799,3793.75,3794
10065252,2019-01-06T07:00:43.505Z,19010607,XBTUSD,3793.5,679453,3794,48183,3793.75,3794
10065281,2019-01-06T07:00:47.548Z,19010607,XBTUSD,3793.5,704463,3794,49694,3793.75,3794
10065295,2019-01-06T07:00:48.910Z,19010607,XBTUSD,3793.5,676463,3794,37598,3793.75,3794
10065310,2019-01-06T07:00:49.889Z,19010607,XBTUSD,3793.5,676483,3794,69266,3793.75,3794
10065315,2019-01-06T07:00:50.644Z,19010607,XBTUSD,3793.5,676483,3794,72983,3793.75,3794
10065318,2019-01-06T07:00:51.471Z,19010607,XBTUSD,3793.5,676483,3794,73603,3793.75,3794
10065345,2019-01-06T07:00:54.338Z,19010607,XBTUSD,3793.5,675083,3794,72837,3793.75,3794
10065371,2019-01-06T07:00:56.406Z,19010607,XBTUSD,3793.5,674946,3794,74354,3793.75,3794
10065385,2019-01-06T07:00:57.508Z,19010607,XBTUSD,3793.5,674946,3794,72635,3793.75,3794
10065394,2019-01-06T07:00:58.439Z,19010607,XBTUSD,3793.5,674956,3794,71828,3793.75,3794
10065413,2019-01-06T07:01:00.761Z,19010607,XBTUSD,3793.5,670980,3794,71811,3793.75,3794
10065444,2019-01-06T07:01:04.118Z,19010607,XBTUSD,3793.5,605425,3794,71269,3793.75,3794
10065480,2019-01-06T07:01:08.239Z,19010607,XBTUSD,3793.5,774161,3794,72192,3793.75,3794
10065500,2019-01-06T07:01:09.820Z,19010607,XBTUSD,3793.5,824076,3794,22433,3793.75,3794
10065511,2019-01-06T07:01:10.917Z,19010607,XBTUSD,3793.5,833959,3794,18458,3793.75,3794
10065545,2019-01-06T07:01:12.079Z,19010607,XBTUSD,3793.5,833970,3794,18461,3793.75,3794
10065570,2019-01-06T07:01:13.452Z,19010607,XBTUSD,3793.5,837492,3794,21468,3793.75,3794
10064830,2019-01-06T07:00:16.000Z,19010607,XBTUSD,3793.5,654160,3794,47412,3793.75,3794
10064851,2019-01-06T07:00:17.197Z,19010607,XBTUSD,3793.5,652445,3794,47627,3793.75,3794
10064864,2019-01-06T07:00:18.463Z,19010607,XBTUSD,3793.5,650645,3794,47761,3793.75,3794
10064907,2019-01-06T07:00:20.861Z,19010607,XBTUSD,3793.5,648638,3794,54765,3793.75,3794
10064951,2019-01-06T07:00:21.429Z,19010607,XBTUSD,3793.5,649163,3794,54769,3793.75,3794
10065067,2019-01-06T07:00:30.415Z,19010607,XBTUSD,3793.5,687587,3794,54281,3793.75,3794
10065078,2019-01-06T07:00:31.309Z,19010607,XBTUSD,3793.5,680348,3794,53094,3793.75,3794
10065097,2019-01-06T07:00:32.205Z,19010607,XBTUSD,3793.5,680348,3794,54667,3793.75,3794
10065115,2019-01-06T07:00:33.442Z,19010607,XBTUSD,3793.5,700323,3794,49694,3793.75,3794
10065130,2019-01-06T07:00:34.776Z,19010607,XBTUSD,3793.5,705323,3794,54646,3793.75,3794
10065143,2019-01-06T07:00:35.924Z,19010607,XBTUSD,3793.5,731333,3794,54031,3793.75,3794
10065157,2019-01-06T07:00:37.141Z,19010607,XBTUSD,3793.5,731337,3794,55623,3793.75,3794
10065175,2019-01-06T07:00:38.127Z,19010607,XBTUSD,3793.5,731362,3794,54688,3793.75,3794
10065196,2019-01-06T07:00:39.635Z,19010607,XBTUSD,3793.5,729362,3794,54052,3793.75,3794
10065245,2019-01-06T07:00:42.506Z,19010607,XBTUSD,3793.5,679453,3794,48800,3793.75,3794
10065259,2019-01-06T07:00:44.347Z,19010607,XBTUSD,3793.5,680453,3794,48183,3793.75,3794
10065280,2019-01-06T07:00:47.514Z,19010607,XBTUSD,3793.5,704453,3794,49694,3793.75,3794
10065290,2019-01-06T07:00:48.649Z,19010607,XBTUSD,3793.5,704463,3794,35596,3793.75,3794
10065297,2019-01-06T07:00:48.913Z,19010607,XBTUSD,3793.5,676463,3794,42598,3793.75,3794
10065307,2019-01-06T07:00:49.421Z,19010607,XBTUSD,3793.5,676463,3794,69285,3793.75,3794
10065323,2019-01-06T07:00:51.873Z,19010607,XBTUSD,3793.5,615083,3794,73605,3793.75,3794
10065384,2019-01-06T07:00:57.306Z,19010607,XBTUSD,3793.5,674946,3794,72625,3793.75,3794
10065408,2019-01-06T07:00:59.835Z,19010607,XBTUSD,3793.5,670956,3794,71811,3793.75,3794
10065431,2019-01-06T07:01:02.717Z,19010607,XBTUSD,3793.5,650555,3794,71265,3793.75,3794
10065434,2019-01-06T07:01:03.149Z,19010607,XBTUSD,3793.5,605755,3794,71265,3793.75,3794
10065447,2019-01-06T07:01:04.907Z,19010607,XBTUSD,3793.5,608425,3794,71271,3793.75,3794
10065460,2019-01-06T07:01:06.037Z,19010607,XBTUSD,3793.5,768361,3794,72192,3793.75,3794
10065498,2019-01-06T07:01:09.637Z,19010607,XBTUSD,3793.5,824136,3794,22313,3793.75,3794
10065509,2019-01-06T07:01:10.212Z,19010607,XBTUSD,3793.5,834076,3794,22791,3793.75,3794
10065571,2019-01-06T07:01:13.535Z,19010607,XBTUSD,3793.5,837492,3794,21744,3793.75,3794
10065585,2019-01-06T07:01:14.714Z,19010607,XBTUSD,3793.5,814334,3794,46251,3793.75,3794
10065596,2019-01-06T07:01:15.170Z,19010607,XBTUSD,3793.5,764190,3794,32182,3793.75,3794
10065628,2019-01-06T07:01:17.919Z,19010607,XBTUSD,3793.5,729894,3794,61336,3793.75,3794
10064863,2019-01-06T07:00:18.088Z,19010607,XBTUSD,3793.5,650645,3794,47609,3793.75,3794
10064893,2019-01-06T07:00:19.501Z,19010607,XBTUSD,3793.5,652638,3794,47764,3793.75,3794
10064906,2019-01-06T07:00:20.859Z,19010607,XBTUSD,3793.5,648638,3794,53765,3793.75,3794
10064946,2019-01-06T07:00:21.070Z,19010607,XBTUSD,3793.5,653638,3794,54767,3793.75,3794
10065032,2019-01-06T07:00:26.576Z,19010607,XBTUSD,3793.5,649388,3794,52474,3793.75,3794
10065049,2019-01-06T07:00:28.909Z,19010607,XBTUSD,3793.5,689388,3794,52478,3793.75,3794
10065054,2019-01-06T07:00:29.509Z,19010607,XBTUSD,3793.5,689388,3794,54383,3793.75,3794
10065073,2019-01-06T07:00:30.865Z,19010607,XBTUSD,3793.5,685348,3794,52021,3793.75,3794
10065101,2019-01-06T07:00:32.733Z,19010607,XBTUSD,3793.5,700348,3794,54523,3793.75,3794
10065113,2019-01-06T07:00:33.240Z,19010607,XBTUSD,3793.5,700323,3794,49692,3793.75,3794
10065133,2019-01-06T07:00:34.892Z,19010607,XBTUSD,3793.5,705333,3794,54648,3793.75,3794
10065150,2019-01-06T07:00:36.571Z,19010607,XBTUSD,3793.5,731337,3794,54652,3793.75,3794
10065173,2019-01-06T07:00:38.103Z,19010607,XBTUSD,3793.5,731362,3794,55658,3793.75,3794
10065202,2019-01-06T07:00:39.753Z,19010607,XBTUSD,3793.5,699362,3794,53319,3793.75,3794
10065216,2019-01-06T07:00:41.248Z,19010607,XBTUSD,3793.5,681362,3794,53321,3793.75,3794
10065243,2019-01-06T07:00:42.393Z,19010607,XBTUSD,3793.5,679453,3794,48798,3793.75,3794
10065293,2019-01-06T07:00:48.707Z,19010607,XBTUSD,3793.5,704463,3794,33598,3793.75,3794
10065299,2019-01-06T07:00:48.974Z,19010607,XBTUSD,3793.5,676463,3794,68047,3793.75,3794
10065346,2019-01-06T07:00:54.740Z,19010607,XBTUSD,3793.5,675083,3794,73456,3793.75,3794
10065357,2019-01-06T07:00:55.387Z,19010607,XBTUSD,3793.5,675083,3794,74350,3793.75,3794
10065368,2019-01-06T07:00:56.103Z,19010607,XBTUSD,3793.5,674946,3794,70019,3793.75,3794
10065393,2019-01-06T07:00:58.423Z,19010607,XBTUSD,3793.5,674956,3794,71827,3793.75,3794
10065406,2019-01-06T07:00:59.608Z,19010607,XBTUSD,3793.5,670956,3794,71809,3793.75,3794
10065419,2019-01-06T07:01:01.313Z,19010607,XBTUSD,3793.5,666980,3794,71812,3793.75,3794
10065441,2019-01-06T07:01:04.008Z,19010607,XBTUSD,3793.5,605515,3794,71268,3793.75,3794
10065446,2019-01-06T07:01:04.902Z,19010607,XBTUSD,3793.5,608425,3794,71270,3793.75,3794
10065499,2019-01-06T07:01:09.681Z,19010607,XBTUSD,3793.5,824076,3794,22313,3793.75,3794
10065502,2019-01-06T07:01:09.864Z,19010607,XBTUSD,3793.5,824076,3794,22621,3793.75,3794
10065567,2019-01-06T07:01:13.358Z,19010607,XBTUSD,3793.5,837492,3794,19462,3793.75,3794
10065577,2019-01-06T07:01:14.010Z,19010607,XBTUSD,3793.5,814374,3794,21746,3793.75,3794
10065580,2019-01-06T07:01:14.116Z,19010607,XBTUSD,3793.5,814334,3794,21746,3793.75,3794
10065598,2019-01-06T07:01:15.305Z,19010607,XBTUSD,3793.5,764190,3794,32283,3793.75,3794
10065619,2019-01-06T07:01:17.552Z,19010607,XBTUSD,3793.5,764190,3794,57334,3793.75,3794
10065623,2019-01-06T07:01:17.604Z,19010607,XBTUSD,3793.5,762994,3794,61336,3793.75,3794
10065657,2019-01-06T07:01:20.506Z,19010607,XBTUSD,3793.5,573516,3794,81067,3793.75,3794
10065661,2019-01-06T07:01:20.562Z,19010607,XBTUSD,3793.5,573466,3794,85783,3793.75,3794
10065047,2019-01-06T07:00:28.858Z,19010607,XBTUSD,3793.5,689388,3794,52476,3793.75,3794
10065055,2019-01-06T07:00:29.603Z,19010607,XBTUSD,3793.5,689387,3794,54383,3793.75,3794
10065069,2019-01-06T07:00:30.452Z,19010607,XBTUSD,3793.5,687598,3794,54281,3793.75,3794
10065100,2019-01-06T07:00:32.328Z,19010607,XBTUSD,3793.5,700348,3794,54668,3793.75,3794
10065138,2019-01-06T07:00:35.309Z,19010607,XBTUSD,3793.5,701333,3794,54029,3793.75,3794
10065158,2019-01-06T07:00:37.207Z,19010607,XBTUSD,3793.5,731337,3794,55624,3793.75,3794
10065177,2019-01-06T07:00:38.533Z,19010607,XBTUSD,3793.5,729362,3794,54069,3793.75,3794
10065199,2019-01-06T07:00:39.722Z,19010607,XBTUSD,3793.5,729362,3794,53319,3793.75,3794
10065213,2019-01-06T07:00:40.920Z,19010607,XBTUSD,3793.5,681362,3794,53940,3793.75,3794
10065219,2019-01-06T07:00:41.651Z,19010607,XBTUSD,3793.5,679453,3794,53321,3793.75,3794
10065263,2019-01-06T07:00:44.737Z,19010607,XBTUSD,3793.5,704453,3794,48185,3793.75,3794
10065282,2019-01-06T07:00:47.583Z,19010607,XBTUSD,3793.5,704463,3794,49695,3793.75,3794
10065289,2019-01-06T07:00:48.645Z,19010607,XBTUSD,3793.5,704463,3794,36596,3793.75,3794
10065313,2019-01-06T07:00:50.269Z,19010607,XBTUSD,3793.5,676483,3794,69268,3793.75,3794
10065322,2019-01-06T07:00:51.858Z,19010607,XBTUSD,3793.5,625083,3794,73605,3793.75,3794
10065330,2019-01-06T07:00:53.108Z,19010607,XBTUSD,3793.5,675083,3794,73606,3793.75,3794
10065343,2019-01-06T07:00:54.303Z,19010607,XBTUSD,3793.5,675083,3794,72989,3793.75,3794
10065370,2019-01-06T07:00:56.399Z,19010607,XBTUSD,3793.5,674946,3794,74353,3793.75,3794
10065388,2019-01-06T07:00:57.607Z,19010607,XBTUSD,3793.5,674946,3794,72826,3793.75,3794
10065429,2019-01-06T07:01:02.660Z,19010607,XBTUSD,3793.5,650555,3794,71263,3793.75,3794
10065436,2019-01-06T07:01:03.207Z,19010607,XBTUSD,3793.5,605755,3794,71267,3793.75,3794
10065448,2019-01-06T07:01:04.996Z,19010607,XBTUSD,3793.5,608425,3794,71191,3793.75,3794
10065458,2019-01-06T07:01:05.936Z,19010607,XBTUSD,3793.5,758321,3794,72192,3793.75,3794
10065483,2019-01-06T07:01:08.658Z,19010607,XBTUSD,3793.5,824136,3794,22192,3793.75,3794
10065495,2019-01-06T07:01:09.476Z,19010607,XBTUSD,3793.5,824136,3794,21692,3793.75,3794
10065583,2019-01-06T07:01:14.704Z,19010607,XBTUSD,3793.5,814334,3794,46150,3793.75,3794
10065620,2019-01-06T07:01:17.554Z,19010607,XBTUSD,3793.5,764190,3794,61334,3793.75,3794
10065626,2019-01-06T07:01:17.910Z,19010607,XBTUSD,3793.5,733944,3794,61336,3793.75,3794
10065656,2019-01-06T07:01:20.486Z,19010607,XBTUSD,3793.5,573516,3794,79267,3793.75,3794
10065663,2019-01-06T07:01:20.893Z,19010607,XBTUSD,3793.5,459244,3794,85783,3793.75,3794
10065671,2019-01-06T07:01:21.382Z,19010607,XBTUSD,3793.5,459244,3794,99785,3793.75,3794
10065682,2019-01-06T07:01:22.371Z,19010607,XBTUSD,3793.5,455244,3794,109773,3793.75,3794
10065700,2019-01-06T07:01:23.903Z,19010607,XBTUSD,3793.5,454618,3794,123756,3793.75,3794
10065721,2019-01-06T07:01:24.662Z,19010607,XBTUSD,3793.5,444328,3794,115224,3793.75,3794
10065738,2019-01-06T07:01:25.763Z,19010607,XBTUSD,3793.5,440535,3794,115256,3793.75,3794
10065744,2019-01-06T07:01:26.157Z,19010607,XBTUSD,3793.5,440535,3794,115258,3793.75,3794
10065760,2019-01-06T07:01:27.767Z,19010607,XBTUSD,3793.5,445495,3794,117892,3793.75,3794
10065804,2019-01-06T07:01:29.645Z,19010607,XBTUSD,3793.5,497695,3794,121259,3793.75,3794
10065817,2019-01-06T07:01:31.430Z,19010607,XBTUSD,3793.5,501295,3794,118259,3793.75,3794
10065048,2019-01-06T07:00:28.904Z,19010607,XBTUSD,3793.5,689388,3794,52477,3793.75,3794
10065068,2019-01-06T07:00:30.418Z,19010607,XBTUSD,3793.5,687597,3794,54281,3793.75,3794
10065098,2019-01-06T07:00:32.207Z,19010607,XBTUSD,3793.5,680348,3794,54668,3793.75,3794
10065140,2019-01-06T07:00:35.739Z,19010607,XBTUSD,3793.5,701333,3794,54031,3793.75,3794
10065162,2019-01-06T07:00:38.031Z,19010607,XBTUSD,3793.5,731362,3794,55657,3793.75,3794
10065180,2019-01-06T07:00:38.850Z,19010607,XBTUSD,3793.5,739362,3794,54071,3793.75,3794
10065201,2019-01-06T07:00:39.750Z,19010607,XBTUSD,3793.5,709362,3794,53319,3793.75,3794
10065203,2019-01-06T07:00:39.953Z,19010607,XBTUSD,3793.5,701362,3794,53319,3793.75,3794
10065217,2019-01-06T07:00:41.302Z,19010607,XBTUSD,3793.5,679362,3794,53321,3793.75,3794
10065242,2019-01-06T07:00:42.387Z,19010607,XBTUSD,3793.5,679453,3794,53131,3793.75,3794
10065262,2019-01-06T07:00:44.652Z,19010607,XBTUSD,3793.5,700453,3794,48185,3793.75,3794
10065292,2019-01-06T07:00:48.705Z,19010607,XBTUSD,3793.5,704463,3794,33597,3793.75,3794
10065316,2019-01-06T07:00:50.650Z,19010607,XBTUSD,3793.5,676483,3794,72984,3793.75,3794
10065321,2019-01-06T07:00:51.814Z,19010607,XBTUSD,3793.5,675083,3794,73605,3793.75,3794
10065328,2019-01-06T07:00:53.081Z,19010607,XBTUSD,3793.5,625083,3794,73605,3793.75,3794
10065344,2019-01-06T07:00:54.306Z,19010607,XBTUSD,3793.5,675083,3794,72990,3793.75,3794
10065360,2019-01-06T07:00:55.686Z,19010607,XBTUSD,3793.5,674946,3794,70017,3793.75,3794
10065373,2019-01-06T07:00:56.898Z,19010607,XBTUSD,3793.5,674946,3794,72354,3793.75,3794
10065386,2019-01-06T07:00:57.575Z,19010607,XBTUSD,3793.5,674946,3794,72824,3793.75,3794
10065437,2019-01-06T07:01:03.262Z,19010607,XBTUSD,3793.5,601962,3794,71267,3793.75,3794
10065457,2019-01-06T07:01:05.908Z,19010607,XBTUSD,3793.5,608321,3794,72192,3793.75,3794
10065481,2019-01-06T07:01:08.301Z,19010607,XBTUSD,3793.5,774161,3794,22192,3793.75,3794
10065501,2019-01-06T07:01:09.836Z,19010607,XBTUSD,3793.5,824076,3794,22527,3793.75,3794
10065510,2019-01-06T07:01:10.672Z,19010607,XBTUSD,3793.5,833959,3794,22791,3793.75,3794
10065574,2019-01-06T07:01:13.829Z,19010607,XBTUSD,3793.5,818374,3794,21744,3793.75,3794
10065599,2019-01-06T07:01:15.308Z,19010607,XBTUSD,3793.5,764190,3794,32284,3793.75,3794
10065618,2019-01-06T07:01:17.523Z,19010607,XBTUSD,3793.5,764190,3794,55334,3793.75,3794
10065629,2019-01-06T07:01:17.922Z,19010607,XBTUSD,3793.5,719894,3794,61336,3793.75,3794
10065655,2019-01-06T07:01:20.485Z,19010607,XBTUSD,3793.5,573516,3794,76369,3793.75,3794
10065662,2019-01-06T07:01:20.826Z,19010607,XBTUSD,3793.5,455244,3794,85783,3793.75,3794
10065673,2019-01-06T07:01:21.633Z,19010607,XBTUSD,3793.5,459244,3794,95772,3793.75,3794
10065683,2019-01-06T07:01:22.403Z,19010607,XBTUSD,3793.5,455244,3794,109753,3793.75,3794
10065697,2019-01-06T07:01:23.665Z,19010607,XBTUSD,3793.5,444718,3794,123755,3793.75,3794
10065714,2019-01-06T07:01:24.283Z,19010607,XBTUSD,3793.5,454328,3794,123757,3793.75,3794
10065726,2019-01-06T07:01:24.947Z,19010607,XBTUSD,3793.5,444328,3794,115225,3793.75,3794
10065747,2019-01-06T07:01:26.495Z,19010607,XBTUSD,3793.5,440535,3794,119272,3793.75,3794
10065764,2019-01-06T07:01:27.879Z,19010607,XBTUSD,3793.5,445495,3794,117894,3793.75,3794
10065775,2019-01-06T07:01:28.064Z,19010607,XBTUSD,3793.5,445495,3794,119901,3793.75,3794
10065800,2019-01-06T07:01:29.309Z,19010607,XBTUSD,3793.5,507495,3794,121278,3793.75,3794
10065329,2019-01-06T07:00:53.086Z,19010607,XBTUSD,3793.5,675083,3794,73605,3793.75,3794
10065362,2019-01-06T07:00:55.786Z,19010607,XBTUSD,3793.5,674946,3794,70019,3793.75,3794
10065375,2019-01-06T07:00:56.910Z,19010607,XBTUSD,3793.5,674946,3794,72356,3793.75,3794
10065389,2019-01-06T07:00:57.959Z,19010607,XBTUSD,3793.5,670946,3794,72826,3793.75,3794
10065391,2019-01-06T07:00:58.204Z,19010607,XBTUSD,3793.5,670956,3794,71826,3793.75,3794
10065403,2019-01-06T07:00:59.219Z,19010607,XBTUSD,3793.5,671163,3794,71829,3793.75,3794
10065422,2019-01-06T07:01:01.905Z,19010607,XBTUSD,3793.5,667030,3794,71263,3793.75,3794
10065440,2019-01-06T07:01:03.952Z,19010607,XBTUSD,3793.5,605515,3794,71267,3793.75,3794
10065459,2019-01-06T07:01:05.951Z,19010607,XBTUSD,3793.5,768321,3794,72192,3793.75,3794
10065479,2019-01-06T07:01:08.204Z,19010607,XBTUSD,3793.5,773361,3794,72192,3793.75,3794
10065493,2019-01-06T07:01:09.120Z,19010607,XBTUSD,3793.5,824136,3794,21692,3793.75,3794
10065507,2019-01-06T07:01:10.138Z,19010607,XBTUSD,3793.5,834076,3794,22810,3793.75,3794
10065547,2019-01-06T07:01:12.717Z,19010607,XBTUSD,3793.5,833492,3794,19462,3793.75,3794
10065569,2019-01-06T07:01:13.413Z,19010607,XBTUSD,3793.5,837492,3794,21467,3793.75,3794
10065575,2019-01-06T07:01:13.956Z,19010607,XBTUSD,3793.5,814374,3794,21744,3793.75,3794
10065584,2019-01-06T07:01:14.707Z,19010607,XBTUSD,3793.5,814334,3794,46151,3793.75,3794
10065625,2019-01-06T07:01:17.886Z,19010607,XBTUSD,3793.5,758944,3794,61336,3793.75,3794
10065642,2019-01-06T07:01:19.608Z,19010607,XBTUSD,3793.5,705766,3794,74237,3793.75,3794
10065698,2019-01-06T07:01:23.833Z,19010607,XBTUSD,3793.5,444618,3794,123755,3793.75,3794
10065716,2019-01-06T07:01:24.322Z,19010607,XBTUSD,3793.5,444328,3794,119757,3793.75,3794
10065727,2019-01-06T07:01:25.006Z,19010607,XBTUSD,3793.5,444328,3794,115226,3793.75,3794
10065736,2019-01-06T07:01:25.528Z,19010607,XBTUSD,3793.5,444328,3794,125291,3793.75,3794
10065748,2019-01-06T07:01:26.828Z,19010607,XBTUSD,3793.5,440535,3794,121279,3793.75,3794
10065758,2019-01-06T07:01:27.303Z,19010607,XBTUSD,3793.5,440495,3794,121906,3793.75,3794
10065768,2019-01-06T07:01:27.934Z,19010607,XBTUSD,3793.5,455495,3794,119901,3793.75,3794
10065792,2019-01-06T07:01:28.710Z,19010607,XBTUSD,3793.5,455995,3794,119903,3793.75,3794
10065805,2019-01-06T07:01:29.647Z,19010607,XBTUSD,3793.5,497995,3794,121259,3793.75,3794
10065814,2019-01-06T07:01:30.838Z,19010607,XBTUSD,3793.5,500995,3794,121259,3793.75,3794
10065835,2019-01-06T07:01:32.530Z,19010607,XBTUSD,3793.5,514295,3794,131461,3793.75,3794
10065887,2019-01-06T07:01:37.459Z,19010607,XBTUSD,3793.5,514294,3794,124660,3793.75,3794
10065959,2019-01-06T07:01:39.867Z,19010607,XBTUSD,3793.5,514233,3794,125767,3793.75,3794
10065984,2019-01-06T07:01:40.821Z,19010607,XBTUSD,3793.5,514258,3794,117119,3793.75,3794
10066009,2019-01-06T07:01:41.903Z,19010607,XBTUSD,3793.5,534258,3794,116829,3793.75,3794
10066060,2019-01-06T07:01:47.019Z,19010607,XBTUSD,3793.5,543987,3794,69617,3793.75,3794
10066081,2019-01-06T07:01:49.006Z,19010607,XBTUSD,3793.5,543867,3794,65431,3793.75,3794
10066097,2019-01-06T07:01:50.491Z,19010607,XBTUSD,3793.5,543867,3794,63433,3793.75,3794
10066121,2019-01-06T07:01:52.161Z,19010607,XBTUSD,3793.5,546867,3794,61372,3793.75,3794
10066145,2019-01-06T07:01:54.896Z,19010607,XBTUSD,3793.5,493892,3794,78905,3793.75,3794
10066168,2019-01-06T07:01:55.672Z,19010607,XBTUSD,3793.5,462392,3794,79938,3793.75,3794
10066177,2019-01-06T07:01:56.341Z,19010607,XBTUSD,3793.5,462392,3794,86414,3793.75,3794
10065331,2019-01-06T07:00:53.110Z,19010607,XBTUSD,3793.5,675083,3794,73607,3793.75,3794
10065342,2019-01-06T07:00:54.200Z,19010607,XBTUSD,3793.5,675083,3794,72988,3793.75,3794
10065361,2019-01-06T07:00:55.747Z,19010607,XBTUSD,3793.5,674946,3794,70018,3793.75,3794
10065369,2019-01-06T07:00:56.386Z,19010607,XBTUSD,3793.5,674946,3794,70020,3793.75,3794
10065387,2019-01-06T07:00:57.604Z,19010607,XBTUSD,3793.5,674946,3794,72825,3793.75,3794
10065404,2019-01-06T07:00:59.222Z,19010607,XBTUSD,3793.5,671163,3794,71809,3793.75,3794
10065418,2019-01-06T07:01:00.847Z,19010607,XBTUSD,3793.5,666980,3794,71811,3793.75,3794
10065430,2019-01-06T07:01:02.702Z,19010607,XBTUSD,3793.5,650555,3794,71264,3793.75,3794
10065435,2019-01-06T07:01:03.204Z,19010607,XBTUSD,3793.5,605755,3794,71266,3793.75,3794
10065456,2019-01-06T07:01:05.904Z,19010607,XBTUSD,3793.5,608321,3794,72191,3793.75,3794
10065484,2019-01-06T07:01:09.086Z,19010607,XBTUSD,3793.5,824136,3794,21192,3793.75,3794
10065496,2019-01-06T07:01:09.550Z,19010607,XBTUSD,3793.5,824136,3794,21693,3793.75,3794
10065546,2019-01-06T07:01:12.114Z,19010607,XBTUSD,3793.5,833970,3794,19462,3793.75,3794
10065572,2019-01-06T07:01:13.549Z,19010607,XBTUSD,3793.5,818374,3794,21744,3793.75,3794
10065586,2019-01-06T07:01:14.756Z,19010607,XBTUSD,3793.5,814190,3794,46251,3793.75,3794
10065594,2019-01-06T07:01:15.114Z,19010607,XBTUSD,3793.5,764190,3794,26081,3793.75,3794
10065621,2019-01-06T07:01:17.568Z,19010607,XBTUSD,3793.5,762994,3794,61334,3793.75,3794
10065631,2019-01-06T07:01:18.031Z,19010607,XBTUSD,3793.5,717566,3794,61336,3793.75,3794
10065635,2019-01-06T07:01:18.106Z,19010607,XBTUSD,3793.5,717566,3794,61337,3793.75,3794
10065646,2019-01-06T07:01:19.969Z,19010607,XBTUSD,3793.5,575766,3794,74119,3793.75,3794
10065664,2019-01-06T07:01:20.904Z,19010607,XBTUSD,3793.5,459244,3794,85784,3793.75,3794
10065672,2019-01-06T07:01:21.454Z,19010607,XBTUSD,3793.5,459244,3794,95771,3793.75,3794
10065696,2019-01-06T07:01:23.581Z,19010607,XBTUSD,3793.5,444718,3794,123725,3793.75,3794
10065715,2019-01-06T07:01:24.317Z,19010607,XBTUSD,3793.5,454328,3794,119757,3793.75,3794
10065725,2019-01-06T07:01:24.926Z,19010607,XBTUSD,3793.5,454328,3794,115225,3793.75,3794
10065743,2019-01-06T07:01:26.141Z,19010607,XBTUSD,3793.5,440535,3794,115257,3793.75,3794
10065763,2019-01-06T07:01:27.857Z,19010607,XBTUSD,3793.5,455495,3794,117894,3793.75,3794
10065769,2019-01-06T07:01:27.948Z,19010607,XBTUSD,3793.5,445495,3794,119901,3793.75,3794
10065790,2019-01-06T07:01:28.628Z,19010607,XBTUSD,3793.5,455995,3794,119901,3793.75,3794
10065840,2019-01-06T07:01:32.858Z,19010607,XBTUSD,3793.5,514295,3794,125497,3793.75,3794
10065962,2019-01-06T07:01:39.923Z,19010607,XBTUSD,3793.5,514233,3794,111769,3793.75,3794
10066008,2019-01-06T07:01:41.883Z,19010607,XBTUSD,3793.5,534258,3794,116828,3793.75,3794
10066044,2019-01-06T07:01:45.453Z,19010607,XBTUSD,3793.5,544113,3794,97612,3793.75,3794
10065421,2019-01-06T07:01:01.727Z,19010607,XBTUSD,3793.5,667030,3794,71863,3793.75,3794
10065432,2019-01-06T07:01:02.769Z,19010607,XBTUSD,3793.5,655755,3794,71265,3793.75,3794
10065438,2019-01-06T07:01:03.776Z,19010607,XBTUSD,3793.5,605755,3794,71267,3793.75,3794
10065445,2019-01-06T07:01:04.825Z,19010607,XBTUSD,3793.5,608425,3794,71269,3793.75,3794
10065455,2019-01-06T07:01:05.823Z,19010607,XBTUSD,3793.5,608321,3794,72190,3793.75,3794
10065482,2019-01-06T07:01:08.546Z,19010607,XBTUSD,3793.5,774136,3794,22192,3793.75,3794
10065494,2019-01-06T07:01:09.140Z,19010607,XBTUSD,3793.5,834136,3794,21692,3793.75,3794
10065513,2019-01-06T07:01:11.007Z,19010607,XBTUSD,3793.5,833959,3794,18460,3793.75,3794
10065544,2019-01-06T07:01:12.088Z,19010607,XBTUSD,3793.5,833970,3794,18462,3793.75,3794
10065573,2019-01-06T07:01:13.792Z,19010607,XBTUSD,3793.5,818374,3794,21592,3793.75,3794
10065587,2019-01-06T07:01:14.839Z,19010607,XBTUSD,3793.5,764190,3794,46251,3793.75,3794
10065600,2019-01-06T07:01:15.343Z,19010607,XBTUSD,3793.5,764190,3794,42334,3793.75,3794
10065617,2019-01-06T07:01:17.517Z,19010607,XBTUSD,3793.5,764190,3794,45334,3793.75,3794
10065624,2019-01-06T07:01:17.831Z,19010607,XBTUSD,3793.5,761194,3794,61336,3793.75,3794
10065658,2019-01-06T07:01:20.508Z,19010607,XBTUSD,3793.5,573516,3794,82867,3793.75,3794
10065687,2019-01-06T07:01:22.532Z,19010607,XBTUSD,3793.5,454718,3794,123803,3793.75,3794
10065702,2019-01-06T07:01:23.912Z,19010607,XBTUSD,3793.5,454528,3794,123757,3793.75,3794
10065712,2019-01-06T07:01:24.139Z,19010607,XBTUSD,3793.5,444288,3794,123757,3793.75,3794
10065722,2019-01-06T07:01:24.684Z,19010607,XBTUSD,3793.5,454328,3794,115224,3793.75,3794
10065765,2019-01-06T07:01:27.900Z,19010607,XBTUSD,3793.5,445495,3794,119901,3793.75,3794
10065770,2019-01-06T07:01:27.961Z,19010607,XBTUSD,3793.5,455495,3794,119901,3793.75,3794
10065794,2019-01-06T07:01:28.944Z,19010607,XBTUSD,3793.5,455995,3794,121278,3793.75,3794
10065796,2019-01-06T07:01:29.063Z,19010607,XBTUSD,3793.5,506295,3794,121278,3793.75,3794
10065798,2019-01-06T07:01:29.123Z,19010607,XBTUSD,3793.5,506795,3794,121278,3793.75,3794
10065822,2019-01-06T07:01:32.085Z,19010607,XBTUSD,3793.5,514295,3794,133261,3793.75,3794
10065838,2019-01-06T07:01:32.775Z,19010607,XBTUSD,3793.5,514295,3794,125648,3793.75,3794
10065847,2019-01-06T07:01:33.216Z,19010607,XBTUSD,3793.5,514295,3794,123399,3793.75,3794
10065958,2019-01-06T07:01:39.826Z,19010607,XBTUSD,3793.5,514333,3794,125767,3793.75,3794
10066004,2019-01-06T07:01:41.343Z,19010607,XBTUSD,3793.5,514258,3794,117121,3793.75,3794
10066045,2019-01-06T07:01:45.765Z,19010607,XBTUSD,3793.5,544113,3794,97613,3793.75,3794
10066056,2019-01-06T07:01:46.646Z,19010607,XBTUSD,3793.5,544088,3794,72615,3793.75,3794
10066080,2019-01-06T07:01:48.883Z,19010607,XBTUSD,3793.5,543867,3794,65631,3793.75,3794
10066124,2019-01-06T07:01:52.607Z,19010607,XBTUSD,3793.5,546867,3794,67359,3793.75,3794
10066148,2019-01-06T07:01:54.934Z,19010607,XBTUSD,3793.5,463892,3794,78905,3793.75,3794
10066171,2019-01-06T07:01:56.126Z,19010607,XBTUSD,3793.5,462392,3794,80563,3793.75,3794
10066197,2019-01-06T07:01:57.569Z,19010607,XBTUSD,3793.5,462392,3794,90517,3793.75,3794
10066204,2019-01-06T07:01:58.565Z,19010607,XBTUSD,3793.5,442392,3794,88510,3793.75,3794
10066220,2019-01-06T07:01:59.648Z,19010607,XBTUSD,3793.5,440892,3794,132108,3793.75,3794
10066230,2019-01-06T07:01:59.954Z,19010607,XBTUSD,3793.5,434392,3794,147110,3793.75,3794
10066235,2019-01-06T07:02:00.034Z,19010607,XBTUSD,3793.5,434092,3794,141110,3793.75,3794
10066249,2019-01-06T07:02:01.074Z,19010607,XBTUSD,3793.5,354042,3794,144057,3793.75,3794
10066251,2019-01-06T07:02:01.119Z,19010607,XBTUSD,3793.5,354032,3794,147057,3793.75,3794
10066261,2019-01-06T07:02:01.791Z,19010607,XBTUSD,3793.5,354268,3794,164029,3793.75,3794
10065568,2019-01-06T07:01:13.385Z,19010607,XBTUSD,3793.5,837492,3794,21466,3793.75,3794
10065576,2019-01-06T07:01:14.005Z,19010607,XBTUSD,3793.5,814374,3794,21745,3793.75,3794
10065582,2019-01-06T07:01:14.635Z,19010607,XBTUSD,3793.5,814334,3794,46149,3793.75,3794
10065630,2019-01-06T07:01:18.007Z,19010607,XBTUSD,3793.5,717644,3794,61336,3793.75,3794
10065638,2019-01-06T07:01:18.529Z,19010607,XBTUSD,3793.5,705766,3794,61338,3793.75,3794
10065644,2019-01-06T07:01:19.706Z,19010607,XBTUSD,3793.5,705766,3794,74239,3793.75,3794
10065674,2019-01-06T07:01:21.657Z,19010607,XBTUSD,3793.5,459244,3794,95773,3793.75,3794
10065685,2019-01-06T07:01:22.464Z,19010607,XBTUSD,3793.5,454766,3794,109754,3793.75,3794
10065695,2019-01-06T07:01:23.311Z,19010607,XBTUSD,3793.5,454718,3794,123725,3793.75,3794
10065713,2019-01-06T07:01:24.265Z,19010607,XBTUSD,3793.5,444328,3794,123757,3793.75,3794
10065724,2019-01-06T07:01:24.916Z,19010607,XBTUSD,3793.5,444328,3794,115225,3793.75,3794
10065750,2019-01-06T07:01:26.906Z,19010607,XBTUSD,3793.5,440535,3794,121281,3793.75,3794
10065761,2019-01-06T07:01:27.805Z,19010607,XBTUSD,3793.5,445495,3794,117893,3793.75,3794
10065773,2019-01-06T07:01:28.009Z,19010607,XBTUSD,3793.5,445495,3794,119901,3793.75,3794
10065791,2019-01-06T07:01:28.707Z,19010607,XBTUSD,3793.5,455995,3794,119902,3793.75,3794
10065802,2019-01-06T07:01:29.413Z,19010607,XBTUSD,3793.5,497495,3794,121258,3793.75,3794
10065819,2019-01-06T07:01:31.498Z,19010607,XBTUSD,3793.5,501295,3794,118261,3793.75,3794
10065836,2019-01-06T07:01:32.564Z,19010607,XBTUSD,3793.5,514295,3794,129661,3793.75,3794
10065860,2019-01-06T07:01:34.335Z,19010607,XBTUSD,3793.5,514295,3794,123400,3793.75,3794
10065881,2019-01-06T07:01:36.720Z,19010607,XBTUSD,3793.5,514295,3794,124660,3793.75,3794
10065955,2019-01-06T07:01:39.585Z,19010607,XBTUSD,3793.5,514333,3794,129896,3793.75,3794
10065982,2019-01-06T07:01:40.716Z,19010607,XBTUSD,3793.5,514258,3794,117117,3793.75,3794
10066035,2019-01-06T07:01:43.505Z,19010607,XBTUSD,3793.5,544218,3794,101033,3793.75,3794
10066078,2019-01-06T07:01:48.610Z,19010607,XBTUSD,3793.5,543927,3794,65630,3793.75,3794
10066138,2019-01-06T07:01:53.605Z,19010607,XBTUSD,3793.5,543892,3794,67594,3793.75,3794
10066147,2019-01-06T07:01:54.917Z,19010607,XBTUSD,3793.5,473892,3794,78905,3793.75,3794
10066172,2019-01-06T07:01:56.129Z,19010607,XBTUSD,3793.5,462392,3794,80564,3793.75,3794
10066205,2019-01-06T07:01:58.644Z,19010607,XBTUSD,3793.5,442392,3794,88511,3793.75,3794
10066216,2019-01-06T07:01:59.412Z,19010607,XBTUSD,3793.5,441592,3794,132528,3793.75,3794
10066227,2019-01-06T07:01:59.946Z,19010607,XBTUSD,3793.5,434592,3794,135523,3793.75,3794
10066248,2019-01-06T07:02:01.072Z,19010607,XBTUSD,3793.5,354042,3794,144056,3793.75,3794
10066256,2019-01-06T07:02:01.630Z,19010607,XBTUSD,3793.5,354159,3794,149059,3793.75,3794
10066285,2019-01-06T07:02:02.479Z,19010607,XBTUSD,3793.5,357318,3794,189080,3793.75,3794
10066297,2019-01-06T07:02:02.595Z,19010607,XBTUSD,3793.5,357349,3794,192080,3793.75,3794
10066308,2019-01-06T07:02:02.753Z,19010607,XBTUSD,3793.5,362349,3794,200080,3793.75,3794
10065581,2019-01-06T07:01:14.160Z,19010607,XBTUSD,3793.5,814334,3794,26079,3793.75,3794
10065597,2019-01-06T07:01:15.208Z,19010607,XBTUSD,3793.5,764190,3794,32282,3793.75,3794
10065627,2019-01-06T07:01:17.916Z,19010607,XBTUSD,3793.5,732144,3794,61336,3793.75,3794
10065647,2019-01-06T07:01:20.007Z,19010607,XBTUSD,3793.5,573516,3794,74119,3793.75,3794
10065659,2019-01-06T07:01:20.524Z,19010607,XBTUSD,3793.5,573516,3794,86881,3793.75,3794
10065693,2019-01-06T07:01:23.229Z,19010607,XBTUSD,3793.5,454718,3794,123723,3793.75,3794
10065703,2019-01-06T07:01:23.963Z,19010607,XBTUSD,3793.5,454378,3794,123757,3793.75,3794
10065720,2019-01-06T07:01:24.411Z,19010607,XBTUSD,3793.5,444328,3794,125259,3793.75,3794
10065723,2019-01-06T07:01:24.905Z,19010607,XBTUSD,3793.5,444328,3794,115224,3793.75,3794
10065749,2019-01-06T07:01:26.904Z,19010607,XBTUSD,3793.5,440535,3794,121280,3793.75,3794
10065762,2019-01-06T07:01:27.807Z,19010607,XBTUSD,3793.5,445495,3794,117894,3793.75,3794
10065774,2019-01-06T07:01:28.026Z,19010607,XBTUSD,3793.5,455495,3794,119901,3793.75,3794
10065795,2019-01-06T07:01:29.060Z,19010607,XBTUSD,3793.5,456295,3794,121278,3793.75,3794
10065799,2019-01-06T07:01:29.168Z,19010607,XBTUSD,3793.5,507295,3794,121278,3793.75,3794
10065818,2019-01-06T07:01:31.493Z,19010607,XBTUSD,3793.5,501295,3794,118260,3793.75,3794
10065841,2019-01-06T07:01:32.897Z,19010607,XBTUSD,3793.5,514295,3794,125649,3793.75,3794
10065952,2019-01-06T07:01:39.395Z,19010607,XBTUSD,3793.5,514333,3794,129864,3793.75,3794
10065956,2019-01-06T07:01:39.627Z,19010607,XBTUSD,3793.5,514333,3794,127889,3793.75,3794
10065983,2019-01-06T07:01:40.815Z,19010607,XBTUSD,3793.5,514258,3794,117118,3793.75,3794
10066006,2019-01-06T07:01:41.842Z,19010607,XBTUSD,3793.5,514258,3794,116828,3793.75,3794
10066030,2019-01-06T07:01:42.509Z,19010607,XBTUSD,3793.5,544218,3794,102832,3793.75,3794
10066034,2019-01-06T07:01:43.257Z,19010607,XBTUSD,3793.5,544218,3794,101032,3793.75,3794
10066043,2019-01-06T07:01:45.410Z,19010607,XBTUSD,3793.5,544113,3794,97672,3793.75,3794
10066058,2019-01-06T07:01:46.682Z,19010607,XBTUSD,3793.5,544088,3794,69616,3793.75,3794
10066068,2019-01-06T07:01:47.709Z,19010607,XBTUSD,3793.5,543927,3794,69617,3793.75,3794
10066076,2019-01-06T07:01:48.586Z,19010607,XBTUSD,3793.5,543927,3794,69629,3793.75,3794
10066096,2019-01-06T07:01:50.452Z,19010607,XBTUSD,3793.5,543867,3794,63281,3793.75,3794
10066126,2019-01-06T07:01:52.803Z,19010607,XBTUSD,3793.5,543867,3794,67360,3793.75,3794
10066144,2019-01-06T07:01:54.245Z,19010607,XBTUSD,3793.5,543892,3794,78905,3793.75,3794
10066167,2019-01-06T07:01:55.658Z,19010607,XBTUSD,3793.5,462392,3794,78138,3793.75,3794
10066219,2019-01-06T07:01:59.609Z,19010607,XBTUSD,3793.5,440892,3794,134115,3793.75,3794
10066228,2019-01-06T07:01:59.948Z,19010607,XBTUSD,3793.5,434592,3794,145523,3793.75,3794
10066241,2019-01-06T07:02:00.862Z,19010607,XBTUSD,3793.5,434042,3794,151060,3793.75,3794
10066255,2019-01-06T07:02:01.624Z,19010607,XBTUSD,3793.5,354159,3794,149058,3793.75,3794
10066287,2019-01-06T07:02:02.489Z,19010607,XBTUSD,3793.5,354318,3794,192080,3793.75,3794
10066296,2019-01-06T07:02:02.592Z,19010607,XBTUSD,3793.5,362349,3794,192080,3793.75,3794
10066311,2019-01-06T07:02:02.782Z,19010607,XBTUSD,3793.5,362349,3794,189080,3793.75,3794
10066313,2019-01-06T07:02:02.796Z,19010607,XBTUSD,3793.5,359349,3794,192080,3793.75,3794
10066323,2019-01-06T07:02:02.891Z,19010607,XBTUSD,3793.5,362349,3794,198080,3793.75,3794
10066332,2019-01-06T07:02:03.208Z,19010607,XBTUSD,3793.5,359349,3794,189060,3793.75,3794
10066341,2019-01-06T07:02:03.317Z,19010607,XBTUSD,3793.5,359350,3794,201060,3793.75,3794
10066353,2019-01-06T07:02:03.442Z,19010607,XBTUSD,3793.5,372350,3794,199060,3793.75,3794
10066363,2019-01-06T07:02:03.854Z,19010607,XBTUSD,3793.5,354351,3794,198061,3793.75,3794
10065588,2019-01-06T07:01:15.002Z,19010607,XBTUSD,3793.5,764190,3794,26181,3793.75,3794
10065595,2019-01-06T07:01:15.150Z,19010607,XBTUSD,3793.5,764190,3794,26161,3793.75,3794
10065622,2019-01-06T07:01:17.602Z,19010607,XBTUSD,3793.5,762994,3794,61335,3793.75,3794
10065637,2019-01-06T07:01:18.459Z,19010607,XBTUSD,3793.5,715766,3794,61338,3793.75,3794
10065643,2019-01-06T07:01:19.704Z,19010607,XBTUSD,3793.5,705766,3794,74238,3793.75,3794
10065665,2019-01-06T07:01:20.908Z,19010607,XBTUSD,3793.5,459244,3794,85785,3793.75,3794
10065675,2019-01-06T07:01:21.771Z,19010607,XBTUSD,3793.5,455244,3794,95773,3793.75,3794
10065686,2019-01-06T07:01:22.495Z,19010607,XBTUSD,3793.5,454718,3794,109754,3793.75,3794
10065699,2019-01-06T07:01:23.858Z,19010607,XBTUSD,3793.5,454618,3794,123755,3793.75,3794
10065719,2019-01-06T07:01:24.403Z,19010607,XBTUSD,3793.5,444328,3794,125258,3793.75,3794
10065751,2019-01-06T07:01:26.916Z,19010607,XBTUSD,3793.5,440535,3794,121906,3793.75,3794
10065766,2019-01-06T07:01:27.902Z,19010607,XBTUSD,3793.5,455495,3794,119901,3793.75,3794
10065776,2019-01-06T07:01:28.079Z,19010607,XBTUSD,3793.5,455495,3794,119901,3793.75,3794
10065801,2019-01-06T07:01:29.385Z,19010607,XBTUSD,3793.5,497495,3794,121278,3793.75,3794
10065821,2019-01-06T07:01:31.586Z,19010607,XBTUSD,3793.5,514295,3794,118261,3793.75,3794
10065889,2019-01-06T07:01:37.786Z,19010607,XBTUSD,3793.5,514294,3794,128675,3793.75,3794
10065961,2019-01-06T07:01:39.905Z,19010607,XBTUSD,3793.5,514233,3794,125769,3793.75,3794
10065980,2019-01-06T07:01:40.537Z,19010607,XBTUSD,3793.5,514233,3794,119124,3793.75,3794
10066003,2019-01-06T07:01:41.325Z,19010607,XBTUSD,3793.5,514258,3794,117120,3793.75,3794
10066026,2019-01-06T07:01:42.257Z,19010607,XBTUSD,3793.5,544258,3794,116830,3793.75,3794
10066036,2019-01-06T07:01:43.508Z,19010607,XBTUSD,3793.5,544218,3794,101013,3793.75,3794
10066046,2019-01-06T07:01:45.771Z,19010607,XBTUSD,3793.5,544113,3794,97614,3793.75,3794
10066057,2019-01-06T07:01:46.663Z,19010607,XBTUSD,3793.5,544088,3794,69615,3793.75,3794
10066069,2019-01-06T07:01:47.812Z,19010607,XBTUSD,3793.5,543927,3794,69618,3793.75,3794
10066077,2019-01-06T07:01:48.608Z,19010607,XBTUSD,3793.5,543927,3794,65629,3793.75,3794
10066099,2019-01-06T07:01:50.775Z,19010607,XBTUSD,3793.5,543867,3794,63374,3793.75,3794
10066116,2019-01-06T07:01:51.608Z,19010607,XBTUSD,3793.5,543867,3794,67391,3793.75,3794
10066123,2019-01-06T07:01:52.586Z,19010607,XBTUSD,3793.5,546867,3794,67379,3793.75,3794
10066139,2019-01-06T07:01:53.609Z,19010607,XBTUSD,3793.5,543892,3794,67595,3793.75,3794
10066140,2019-01-06T07:01:54.092Z,19010607,XBTUSD,3793.5,543892,3794,67585,3793.75,3794
10066150,2019-01-06T07:01:55.003Z,19010607,XBTUSD,3793.5,463892,3794,80144,3793.75,3794
10066175,2019-01-06T07:01:56.151Z,19010607,XBTUSD,3793.5,462392,3794,86414,3793.75,3794
10066206,2019-01-06T07:01:58.841Z,19010607,XBTUSD,3793.5,442392,3794,88512,3793.75,3794
10066217,2019-01-06T07:01:59.474Z,19010607,XBTUSD,3793.5,441092,3794,132528,3793.75,3794
10066226,2019-01-06T07:01:59.942Z,19010607,XBTUSD,3793.5,434592,3794,133523,3793.75,3794
10066245,2019-01-06T07:02:00.974Z,19010607,XBTUSD,3793.5,354042,3794,146061,3793.75,3794
10066254,2019-01-06T07:02:01.472Z,19010607,XBTUSD,3793.5,354159,3794,149057,3793.75,3794
10066263,2019-01-06T07:02:01.795Z,19010607,XBTUSD,3793.5,354268,3794,156036,3793.75,3794
10066288,2019-01-06T07:02:02.500Z,19010607,XBTUSD,3793.5,354318,3794,202080,3793.75,3794
10066299,2019-01-06T07:02:02.615Z,19010607,XBTUSD,3793.5,354349,3794,202080,3793.75,3794
10066307,2019-01-06T07:02:02.750Z,19010607,XBTUSD,3793.5,362349,3794,197080,3793.75,3794
10066321,2019-01-06T07:02:02.886Z,19010607,XBTUSD,3793.5,362349,3794,191080,3793.75,3794
10066340,2019-01-06T07:02:03.360Z,19010607,XBTUSD,3793.5,362350,3794,201060,3793.75,3794
10066350,2019-01-06T07:02:03.406Z,19010607,XBTUSD,3793.5,367350,3794,199060,3793.75,3794
10066360,2019-01-06T07:02:03.847Z,19010607,XBTUSD,3793.5,362351,3794,188061,3793.75,3794
10066370,2019-01-06T07:02:04.086Z,19010607,XBTUSD,3793.5,364351,3794,200068,3793.75,3794
10066379,2019-01-06T07:02:04.137Z,19010607,XBTUSD,3793.5,362351,3794,193514,3793.75,3794
10066389,2019-01-06T07:02:04.227Z,19010607,XBTUSD,3793.5,369351,3794,192514,3793.75,3794
10065636,2019-01-06T07:01:18.108Z,19010607,XBTUSD,3793.5,717566,3794,61338,3793.75,3794
10065645,2019-01-06T07:01:19.756Z,19010607,XBTUSD,3793.5,575766,3794,74239,3793.75,3794
10065660,2019-01-06T07:01:20.555Z,19010607,XBTUSD,3793.5,573466,3794,86881,3793.75,3794
10065694,2019-01-06T07:01:23.308Z,19010607,XBTUSD,3793.5,454718,3794,123724,3793.75,3794
10065704,2019-01-06T07:01:23.971Z,19010607,XBTUSD,3793.5,454303,3794,123757,3793.75,3794
10065717,2019-01-06T07:01:24.330Z,19010607,XBTUSD,3793.5,444328,3794,121257,3793.75,3794
10065737,2019-01-06T07:01:25.752Z,19010607,XBTUSD,3793.5,440535,3794,125291,3793.75,3794
10065745,2019-01-06T07:01:26.375Z,19010607,XBTUSD,3793.5,440535,3794,119272,3793.75,3794
10065767,2019-01-06T07:01:27.922Z,19010607,XBTUSD,3793.5,445495,3794,119901,3793.75,3794
10065771,2019-01-06T07:01:27.974Z,19010607,XBTUSD,3793.5,445495,3794,119901,3793.75,3794
10065820,2019-01-06T07:01:31.508Z,19010607,XBTUSD,3793.5,511295,3794,118261,3793.75,3794
10065839,2019-01-06T07:01:32.777Z,19010607,XBTUSD,3793.5,514295,3794,125649,3793.75,3794
10065888,2019-01-06T07:01:37.676Z,19010607,XBTUSD,3793.5,514294,3794,128674,3793.75,3794
10065905,2019-01-06T07:01:38.598Z,19010607,XBTUSD,3793.5,514294,3794,129863,3793.75,3794
10065951,2019-01-06T07:01:39.349Z,19010607,XBTUSD,3793.5,514293,3794,129864,3793.75,3794
10065957,2019-01-06T07:01:39.785Z,19010607,XBTUSD,3793.5,514333,3794,128212,3793.75,3794
10066059,2019-01-06T07:01:46.978Z,19010607,XBTUSD,3793.5,543987,3794,69616,3793.75,3794
10066084,2019-01-06T07:01:49.111Z,19010607,XBTUSD,3793.5,543867,3794,63431,3793.75,3794
10066125,2019-01-06T07:01:52.707Z,19010607,XBTUSD,3793.5,546867,3794,67360,3793.75,3794
10066137,2019-01-06T07:01:53.558Z,19010607,XBTUSD,3793.5,543892,3794,67593,3793.75,3794
10066141,2019-01-06T07:01:54.188Z,19010607,XBTUSD,3793.5,543892,3794,65585,3793.75,3794
10066170,2019-01-06T07:01:56.030Z,19010607,XBTUSD,3793.5,462392,3794,80562,3793.75,3794
10066198,2019-01-06T07:01:58.015Z,19010607,XBTUSD,3793.5,462392,3794,88509,3793.75,3794
10066218,2019-01-06T07:01:59.477Z,19010607,XBTUSD,3793.5,441092,3794,134115,3793.75,3794
10066225,2019-01-06T07:01:59.851Z,19010607,XBTUSD,3793.5,434592,3794,130523,3793.75,3794
10066243,2019-01-06T07:02:00.945Z,19010607,XBTUSD,3793.5,434042,3794,146060,3793.75,3794
10066253,2019-01-06T07:02:01.167Z,19010607,XBTUSD,3793.5,354149,3794,149057,3793.75,3794
10066264,2019-01-06T07:02:01.796Z,19010607,XBTUSD,3793.5,357268,3794,156036,3793.75,3794
10066290,2019-01-06T07:02:02.557Z,19010607,XBTUSD,3793.5,354349,3794,200080,3793.75,3794
10066294,2019-01-06T07:02:02.583Z,19010607,XBTUSD,3793.5,362349,3794,187080,3793.75,3794
10066309,2019-01-06T07:02:02.760Z,19010607,XBTUSD,3793.5,362349,3794,190080,3793.75,3794
10066320,2019-01-06T07:02:02.877Z,19010607,XBTUSD,3793.5,362349,3794,189080,3793.75,3794
10066324,2019-01-06T07:02:02.894Z,19010607,XBTUSD,3793.5,359349,3794,198080,3793.75,3794
10066336,2019-01-06T07:02:03.242Z,19010607,XBTUSD,3793.5,362350,3794,188060,3793.75,3794
10066344,2019-01-06T07:02:03.370Z,19010607,XBTUSD,3793.5,367350,3794,199060,3793.75,3794
10066357,2019-01-06T07:02:03.645Z,19010607,XBTUSD,3793.5,372351,3794,186061,3793.75,3794
10066381,2019-01-06T07:02:04.145Z,19010607,XBTUSD,3793.5,357351,3794,203514,3793.75,3794
10066394,2019-01-06T07:02:04.439Z,19010607,XBTUSD,3793.5,372326,3794,188915,3793.75,3794
10066405,2019-01-06T07:02:04.637Z,19010607,XBTUSD,3793.5,349017,3794,201009,3793.75,3794
10066411,2019-01-06T07:02:04.673Z,19010607,XBTUSD,3793.5,357017,3794,188009,3793.75,3794
10066424,2019-01-06T07:02:04.793Z,19010607,XBTUSD,3793.5,364017,3794,201009,3793.75,3794
10066454,2019-01-06T07:02:05.406Z,19010607,XBTUSD,3793.5,348788,3794,198760,3793.75,3794
10066464,2019-01-06T07:02:05.582Z,19010607,XBTUSD,3793.5,361788,3794,185761,3793.75,3794
10065684,2019-01-06T07:01:22.407Z,19010607,XBTUSD,3793.5,455244,3794,109754,3793.75,3794
10065701,2019-01-06T07:01:23.909Z,19010607,XBTUSD,3793.5,454618,3794,123757,3793.75,3794
10065705,2019-01-06T07:01:24.029Z,19010607,XBTUSD,3793.5,454288,3794,123757,3793.75,3794
10065718,2019-01-06T07:01:24.332Z,19010607,XBTUSD,3793.5,444328,3794,125257,3793.75,3794
10065735,2019-01-06T07:01:25.418Z,19010607,XBTUSD,3793.5,444328,3794,125261,3793.75,3794
10065746,2019-01-06T07:01:26.391Z,19010607,XBTUSD,3793.5,450535,3794,119272,3793.75,3794
10065759,2019-01-06T07:01:27.355Z,19010607,XBTUSD,3793.5,440495,3794,117892,3793.75,3794
10065772,2019-01-06T07:01:27.989Z,19010607,XBTUSD,3793.5,455495,3794,119901,3793.75,3794
10065793,2019-01-06T07:01:28.926Z,19010607,XBTUSD,3793.5,455995,3794,121903,3793.75,3794
10065803,2019-01-06T07:01:29.417Z,19010607,XBTUSD,3793.5,497495,3794,121259,3793.75,3794
10065815,2019-01-06T07:01:30.878Z,19010607,XBTUSD,3793.5,501295,3794,121259,3793.75,3794
10065837,2019-01-06T07:01:32.759Z,19010607,XBTUSD,3793.5,514295,3794,129662,3793.75,3794
10065904,2019-01-06T07:01:38.516Z,19010607,XBTUSD,3793.5,514294,3794,129862,3793.75,3794
10065953,2019-01-06T07:01:39.409Z,19010607,XBTUSD,3793.5,514333,3794,129865,3793.75,3794
10065981,2019-01-06T07:01:40.633Z,19010607,XBTUSD,3793.5,514258,3794,119124,3793.75,3794
10066010,2019-01-06T07:01:41.908Z,19010607,XBTUSD,3793.5,534258,3794,116830,3793.75,3794
10066029,2019-01-06T07:01:42.506Z,19010607,XBTUSD,3793.5,544218,3794,102831,3793.75,3794
10066047,2019-01-06T07:01:45.790Z,19010607,XBTUSD,3793.5,544113,3794,87614,3793.75,3794
10066085,2019-01-06T07:01:49.203Z,19010607,XBTUSD,3793.5,543867,3794,63432,3793.75,3794
10066117,2019-01-06T07:01:52.058Z,19010607,XBTUSD,3793.5,543867,3794,61370,3793.75,3794
10066122,2019-01-06T07:01:52.268Z,19010607,XBTUSD,3793.5,546867,3794,65372,3793.75,3794
10066143,2019-01-06T07:01:54.209Z,19010607,XBTUSD,3793.5,543892,3794,65587,3793.75,3794
10066166,2019-01-06T07:01:55.645Z,19010607,XBTUSD,3793.5,463892,3794,78138,3793.75,3794
10066173,2019-01-06T07:01:56.136Z,19010607,XBTUSD,3793.5,462392,3794,82364,3793.75,3794
10066207,2019-01-06T07:01:58.977Z,19010607,XBTUSD,3793.5,442392,3794,128512,3793.75,3794
10066221,2019-01-06T07:01:59.690Z,19010607,XBTUSD,3793.5,440592,3794,132108,3793.75,3794
10066231,2019-01-06T07:01:59.959Z,19010607,XBTUSD,3793.5,434092,3794,147110,3793.75,3794
10066247,2019-01-06T07:02:01.011Z,19010607,XBTUSD,3793.5,354042,3794,144055,3793.75,3794
10066259,2019-01-06T07:02:01.685Z,19010607,XBTUSD,3793.5,354268,3794,169029,3793.75,3794
10066265,2019-01-06T07:02:01.847Z,19010607,XBTUSD,3793.5,357268,3794,152036,3793.75,3794
10066284,2019-01-06T07:02:02.455Z,19010607,XBTUSD,3793.5,357318,3794,187080,3793.75,3794
10066300,2019-01-06T07:02:02.670Z,19010607,XBTUSD,3793.5,354349,3794,200080,3793.75,3794
10066310,2019-01-06T07:02:02.775Z,19010607,XBTUSD,3793.5,362349,3794,187080,3793.75,3794
10066318,2019-01-06T07:02:02.872Z,19010607,XBTUSD,3793.5,357349,3794,190080,3793.75,3794
10066337,2019-01-06T07:02:03.270Z,19010607,XBTUSD,3793.5,367350,3794,188060,3793.75,3794
10066349,2019-01-06T07:02:03.401Z,19010607,XBTUSD,3793.5,372350,3794,199060,3793.75,3794
10066355,2019-01-06T07:02:03.457Z,19010607,XBTUSD,3793.5,372350,3794,186060,3793.75,3794
10066366,2019-01-06T07:02:04.081Z,19010607,XBTUSD,3793.5,354351,3794,200068,3793.75,3794
10066373,2019-01-06T07:02:04.106Z,19010607,XBTUSD,3793.5,372351,3794,190068,3793.75,3794
10066383,2019-01-06T07:02:04.149Z,19010607,XBTUSD,3793.5,354351,3794,207514,3793.75,3794
10066393,2019-01-06T07:02:04.398Z,19010607,XBTUSD,3793.5,372326,3794,190715,3793.75,3794
10066401,2019-01-06T07:02:04.575Z,19010607,XBTUSD,3793.5,362017,3794,198009,3793.75,3794
10066414,2019-01-06T07:02:04.686Z,19010607,XBTUSD,3793.5,367017,3794,198009,3793.75,3794
10066421,2019-01-06T07:02:04.768Z,19010607,XBTUSD,3793.5,367017,3794,188009,3793.75,3794
10066432,2019-01-06T07:02:04.906Z,19010607,XBTUSD,3793.5,367019,3794,186010,3793.75,3794
10066452,2019-01-06T07:02:05.367Z,19010607,XBTUSD,3793.5,353787,3794,198760,3793.75,3794
10066459,2019-01-06T07:02:05.429Z,19010607,XBTUSD,3793.5,361788,3794,196761,3793.75,3794
10066471,2019-01-06T07:02:05.688Z,19010607,XBTUSD,3793.5,353788,3794,196761,3793.75,3794
10066482,2019-01-06T07:02:05.792Z,19010607,XBTUSD,3793.5,361788,3794,198761,3793.75,3794
10066491,2019-01-06T07:02:05.911Z,19010607,XBTUSD,3793.5,366789,3794,193762,3793.75,3794
10065816,2019-01-06T07:01:30.889Z,19010607,XBTUSD,3793.5,501295,3794,122259,3793.75,3794
10065861,2019-01-06T07:01:34.366Z,19010607,XBTUSD,3793.5,514295,3794,123401,3793.75,3794
10065890,2019-01-06T07:01:37.842Z,19010607,XBTUSD,3793.5,514294,3794,127416,3793.75,3794
10065954,2019-01-06T07:01:39.415Z,19010607,XBTUSD,3793.5,514333,3794,129866,3793.75,3794
10066007,2019-01-06T07:01:41.872Z,19010607,XBTUSD,3793.5,524258,3794,116828,3793.75,3794
10066028,2019-01-06T07:01:42.461Z,19010607,XBTUSD,3793.5,544218,3794,102830,3793.75,3794
10066055,2019-01-06T07:01:46.572Z,19010607,XBTUSD,3793.5,544088,3794,72614,3793.75,3794
10066070,2019-01-06T07:01:47.815Z,19010607,XBTUSD,3793.5,543927,3794,69619,3793.75,3794
10066086,2019-01-06T07:01:49.206Z,19010607,XBTUSD,3793.5,543867,3794,63433,3793.75,3794
10066100,2019-01-06T07:01:50.787Z,19010607,XBTUSD,3793.5,543867,3794,63375,3793.75,3794
10066114,2019-01-06T07:01:51.525Z,19010607,XBTUSD,3793.5,543867,3794,67389,3793.75,3794
10066119,2019-01-06T07:01:52.108Z,19010607,XBTUSD,3793.5,543867,3794,61371,3793.75,3794
10066149,2019-01-06T07:01:54.981Z,19010607,XBTUSD,3793.5,463892,3794,80143,3793.75,3794
10066151,2019-01-06T07:01:55.007Z,19010607,XBTUSD,3793.5,463892,3794,80145,3793.75,3794
10066174,2019-01-06T07:01:56.147Z,19010607,XBTUSD,3793.5,462392,3794,84164,3793.75,3794
10066203,2019-01-06T07:01:58.431Z,19010607,XBTUSD,3793.5,442392,3794,88509,3793.75,3794
10066213,2019-01-06T07:01:59.205Z,19010607,XBTUSD,3793.5,442392,3794,132527,3793.75,3794
10066224,2019-01-06T07:01:59.848Z,19010607,XBTUSD,3793.5,434592,3794,130522,3793.75,3794
10066244,2019-01-06T07:02:00.960Z,19010607,XBTUSD,3793.5,354042,3794,146060,3793.75,3794
10066257,2019-01-06T07:02:01.651Z,19010607,XBTUSD,3793.5,354159,3794,169059,3793.75,3794
10066283,2019-01-06T07:02:02.378Z,19010607,XBTUSD,3793.5,357318,3794,187079,3793.75,3794
10066293,2019-01-06T07:02:02.577Z,19010607,XBTUSD,3793.5,359349,3794,187080,3793.75,3794
10066303,2019-01-06T07:02:02.692Z,19010607,XBTUSD,3793.5,362349,3794,190080,3793.75,3794
10066315,2019-01-06T07:02:02.802Z,19010607,XBTUSD,3793.5,354349,3794,202080,3793.75,3794
10066342,2019-01-06T07:02:03.303Z,19010607,XBTUSD,3793.5,359350,3794,191060,3793.75,3794
10066354,2019-01-06T07:02:03.449Z,19010607,XBTUSD,3793.5,372350,3794,189060,3793.75,3794
10066362,2019-01-06T07:02:03.853Z,19010607,XBTUSD,3793.5,354351,3794,188061,3793.75,3794
10066371,2019-01-06T07:02:04.091Z,19010607,XBTUSD,3793.5,367351,3794,200068,3793.75,3794
10066376,2019-01-06T07:02:04.128Z,19010607,XBTUSD,3793.5,367351,3794,190068,3793.75,3794
10066387,2019-01-06T07:02:04.220Z,19010607,XBTUSD,3793.5,364351,3794,195514,3793.75,3794
10066399,2019-01-06T07:02:04.561Z,19010607,XBTUSD,3793.5,362017,3794,186009,3793.75,3794
10066406,2019-01-06T07:02:04.654Z,19010607,XBTUSD,3793.5,349017,3794,199009,3793.75,3794
10066420,2019-01-06T07:02:04.762Z,19010607,XBTUSD,3793.5,367017,3794,186009,3793.75,3794
10066427,2019-01-06T07:02:04.842Z,19010607,XBTUSD,3793.5,364017,3794,199009,3793.75,3794
10066445,2019-01-06T07:02:05.196Z,19010607,XBTUSD,3793.5,366919,3794,183760,3793.75,3794
10066455,2019-01-06T07:02:05.408Z,19010607,XBTUSD,3793.5,348788,3794,198761,3793.75,3794
10066465,2019-01-06T07:02:05.592Z,19010607,XBTUSD,3793.5,361788,3794,195761,3793.75,3794
10066469,2019-01-06T07:02:05.611Z,19010607,XBTUSD,3793.5,348788,3794,198761,3793.75,3794
10066485,2019-01-06T07:02:05.863Z,19010607,XBTUSD,3793.5,363788,3794,196761,3793.75,3794
10066489,2019-01-06T07:02:05.890Z,19010607,XBTUSD,3793.5,366788,3794,193761,3793.75,3794
10066508,2019-01-06T07:02:06.230Z,19010607,XBTUSD,3793.5,366751,3794,195769,3793.75,3794
10066519,2019-01-06T07:02:06.818Z,19010607,XBTUSD,3793.5,358752,3794,205070,3793.75,3794
10066529,2019-01-06T07:02:06.994Z,19010607,XBTUSD,3793.5,361752,3794,190160,3793.75,3794
10066537,2019-01-06T07:02:07.057Z,19010607,XBTUSD,3793.5,348753,3794,205161,3793.75,3794
10066543,2019-01-06T07:02:07.130Z,19010607,XBTUSD,3793.5,353753,3794,203161,3793.75,3794
10066554,2019-01-06T07:02:07.177Z,19010607,XBTUSD,3793.5,356753,3794,190234,3793.75,3794
10066565,2019-01-06T07:02:07.262Z,19010607,XBTUSD,3793.5,361733,3794,200234,3793.75,3794
10066574,2019-01-06T07:02:07.338Z,19010607,XBTUSD,3793.5,363753,3794,201234,3793.75,3794
10066584,2019-01-06T07:02:07.417Z,19010607,XBTUSD,3793.5,353753,3794,166234,3793.75,3794
10066588,2019-01-06T07:02:07.535Z,19010607,XBTUSD,3793.5,351753,3794,154234,3793.75,3794
10065891,2019-01-06T07:01:37.942Z,19010607,XBTUSD,3793.5,514294,3794,127417,3793.75,3794
10065906,2019-01-06T07:01:38.785Z,19010607,XBTUSD,3793.5,514294,3794,129864,3793.75,3794
10065960,2019-01-06T07:01:39.903Z,19010607,XBTUSD,3793.5,514233,3794,125768,3793.75,3794
10065979,2019-01-06T07:01:40.473Z,19010607,XBTUSD,3793.5,514233,3794,115783,3793.75,3794
10066005,2019-01-06T07:01:41.551Z,19010607,XBTUSD,3793.5,514258,3794,117151,3793.75,3794
10066027,2019-01-06T07:01:42.440Z,19010607,XBTUSD,3793.5,544218,3794,116830,3793.75,3794
10066037,2019-01-06T07:01:43.831Z,19010607,XBTUSD,3793.5,544218,3794,97672,3793.75,3794
10066054,2019-01-06T07:01:46.499Z,19010607,XBTUSD,3793.5,544088,3794,87614,3793.75,3794
10066079,2019-01-06T07:01:48.613Z,19010607,XBTUSD,3793.5,543927,3794,65631,3793.75,3794
10066098,2019-01-06T07:01:50.689Z,19010607,XBTUSD,3793.5,543867,3794,63373,3793.75,3794
10066115,2019-01-06T07:01:51.604Z,19010607,XBTUSD,3793.5,543867,3794,67390,3793.75,3794
10066120,2019-01-06T07:01:52.115Z,19010607,XBTUSD,3793.5,543867,3794,61372,3793.75,3794
10066146,2019-01-06T07:01:54.915Z,19010607,XBTUSD,3793.5,483892,3794,78905,3793.75,3794
10066176,2019-01-06T07:01:56.286Z,19010607,XBTUSD,3793.5,467392,3794,86414,3793.75,3794
10066196,2019-01-06T07:01:57.472Z,19010607,XBTUSD,3793.5,462392,3794,90430,3793.75,3794
10066214,2019-01-06T07:01:59.209Z,19010607,XBTUSD,3793.5,442392,3794,132528,3793.75,3794
10066223,2019-01-06T07:01:59.804Z,19010607,XBTUSD,3793.5,434592,3794,130521,3793.75,3794
10066233,2019-01-06T07:01:59.997Z,19010607,XBTUSD,3793.5,434092,3794,134110,3793.75,3794
10066242,2019-01-06T07:02:00.941Z,19010607,XBTUSD,3793.5,434042,3794,149060,3793.75,3794
10066258,2019-01-06T07:02:01.663Z,19010607,XBTUSD,3793.5,354268,3794,169059,3793.75,3794
10066286,2019-01-06T07:02:02.485Z,19010607,XBTUSD,3793.5,357318,3794,192080,3793.75,3794
10066298,2019-01-06T07:02:02.602Z,19010607,XBTUSD,3793.5,357349,3794,202080,3793.75,3794
10066305,2019-01-06T07:02:02.711Z,19010607,XBTUSD,3793.5,362349,3794,197080,3793.75,3794
10066314,2019-01-06T07:02:02.800Z,19010607,XBTUSD,3793.5,354349,3794,192080,3793.75,3794
10066325,2019-01-06T07:02:02.950Z,19010607,XBTUSD,3793.5,359349,3794,201080,3793.75,3794
10066335,2019-01-06T07:02:03.239Z,19010607,XBTUSD,3793.5,362350,3794,186060,3793.75,3794
10066343,2019-01-06T07:02:03.365Z,19010607,XBTUSD,3793.5,367350,3794,201060,3793.75,3794
10066359,2019-01-06T07:02:03.842Z,19010607,XBTUSD,3793.5,367351,3794,188061,3793.75,3794
10066369,2019-01-06T07:02:04.083Z,19010607,XBTUSD,3793.5,359351,3794,200068,3793.75,3794
10066382,2019-01-06T07:02:04.147Z,19010607,XBTUSD,3793.5,354351,3794,203514,3793.75,3794
10066392,2019-01-06T07:02:04.353Z,19010607,XBTUSD,3793.5,372326,3794,192515,3793.75,3794
10066403,2019-01-06T07:02:04.581Z,19010607,XBTUSD,3793.5,354017,3794,198009,3793.75,3794
10066413,2019-01-06T07:02:04.680Z,19010607,XBTUSD,3793.5,367017,3794,188009,3793.75,3794
10066423,2019-01-06T07:02:04.781Z,19010607,XBTUSD,3793.5,364017,3794,198009,3793.75,3794
10066431,2019-01-06T07:02:04.899Z,19010607,XBTUSD,3793.5,367017,3794,186010,3793.75,3794
10066451,2019-01-06T07:02:05.365Z,19010607,XBTUSD,3793.5,356787,3794,198760,3793.75,3794
10066457,2019-01-06T07:02:05.417Z,19010607,XBTUSD,3793.5,353788,3794,196761,3793.75,3794
10066467,2019-01-06T07:02:05.603Z,19010607,XBTUSD,3793.5,358788,3794,198761,3793.75,3794
10066476,2019-01-06T07:02:05.710Z,19010607,XBTUSD,3793.5,366788,3794,183761,3793.75,3794
10066488,2019-01-06T07:02:05.888Z,19010607,XBTUSD,3793.5,366788,3794,183761,3793.75,3794
10066498,2019-01-06T07:02:05.945Z,19010607,XBTUSD,3793.5,348789,3794,208762,3793.75,3794
10066506,2019-01-06T07:02:06.224Z,19010607,XBTUSD,3793.5,366751,3794,196762,3793.75,3794
10066515,2019-01-06T07:02:06.806Z,19010607,XBTUSD,3793.5,361752,3794,190070,3793.75,3794
10066531,2019-01-06T07:02:07.010Z,19010607,XBTUSD,3793.5,361753,3794,190161,3793.75,3794
10066536,2019-01-06T07:02:07.042Z,19010607,XBTUSD,3793.5,348753,3794,195161,3793.75,3794
10066547,2019-01-06T07:02:07.147Z,19010607,XBTUSD,3793.5,358753,3794,190191,3793.75,3794
10066560,2019-01-06T07:02:07.244Z,19010607,XBTUSD,3793.5,348733,3794,201234,3793.75,3794
10066572,2019-01-06T07:02:07.332Z,19010607,XBTUSD,3793.5,358753,3794,203234,3793.75,3794
10066581,2019-01-06T07:02:07.408Z,19010607,XBTUSD,3793.5,361753,3794,156234,3793.75,3794
10066592,2019-01-06T07:02:07.562Z,19010607,XBTUSD,3793.5,371753,3794,151234,3793.75,3794
10066610,2019-01-06T07:02:08.212Z,19010607,XBTUSD,3793.5,381754,3794,113272,3793.75,3794
10066127,2019-01-06T07:01:52.858Z,19010607,XBTUSD,3793.5,543867,3794,67593,3793.75,3794
10066142,2019-01-06T07:01:54.207Z,19010607,XBTUSD,3793.5,543892,3794,65586,3793.75,3794
10066169,2019-01-06T07:01:55.683Z,19010607,XBTUSD,3793.5,462392,3794,79937,3793.75,3794
10066215,2019-01-06T07:01:59.348Z,19010607,XBTUSD,3793.5,442092,3794,132528,3793.75,3794
10066229,2019-01-06T07:01:59.953Z,19010607,XBTUSD,3793.5,434392,3794,145523,3793.75,3794
10066240,2019-01-06T07:02:00.853Z,19010607,XBTUSD,3793.5,434092,3794,151110,3793.75,3794
10066250,2019-01-06T07:02:01.080Z,19010607,XBTUSD,3793.5,354032,3794,144057,3793.75,3794
10066260,2019-01-06T07:02:01.782Z,19010607,XBTUSD,3793.5,354268,3794,167029,3793.75,3794
10066262,2019-01-06T07:02:01.793Z,19010607,XBTUSD,3793.5,354268,3794,166036,3793.75,3794
10066289,2019-01-06T07:02:02.508Z,19010607,XBTUSD,3793.5,354349,3794,202080,3793.75,3794
10066295,2019-01-06T07:02:02.586Z,19010607,XBTUSD,3793.5,362349,3794,189080,3793.75,3794
10066306,2019-01-06T07:02:02.732Z,19010607,XBTUSD,3793.5,362349,3794,199080,3793.75,3794
10066317,2019-01-06T07:02:02.868Z,19010607,XBTUSD,3793.5,357349,3794,200080,3793.75,3794
10066327,2019-01-06T07:02:03.032Z,19010607,XBTUSD,3793.5,359349,3794,199060,3793.75,3794
10066333,2019-01-06T07:02:03.214Z,19010607,XBTUSD,3793.5,362349,3794,189060,3793.75,3794
10066345,2019-01-06T07:02:03.372Z,19010607,XBTUSD,3793.5,372350,3794,199060,3793.75,3794
10066356,2019-01-06T07:02:03.477Z,19010607,XBTUSD,3793.5,372350,3794,186061,3793.75,3794
10066378,2019-01-06T07:02:04.134Z,19010607,XBTUSD,3793.5,367351,3794,193514,3793.75,3794
10066386,2019-01-06T07:02:04.218Z,19010607,XBTUSD,3793.5,359351,3794,195514,3793.75,3794
10066400,2019-01-06T07:02:04.573Z,19010607,XBTUSD,3793.5,362017,3794,188009,3793.75,3794
10066408,2019-01-06T07:02:04.665Z,19010607,XBTUSD,3793.5,352017,3794,189009,3793.75,3794
10066418,2019-01-06T07:02:04.746Z,19010607,XBTUSD,3793.5,367017,3794,199009,3793.75,3794
10066429,2019-01-06T07:02:04.876Z,19010607,XBTUSD,3793.5,367017,3794,189009,3793.75,3794
10066453,2019-01-06T07:02:05.371Z,19010607,XBTUSD,3793.5,348787,3794,198760,3793.75,3794
10066458,2019-01-06T07:02:05.425Z,19010607,XBTUSD,3793.5,356788,3794,196761,3793.75,3794
10066466,2019-01-06T07:02:05.597Z,19010607,XBTUSD,3793.5,361788,3794,198761,3793.75,3794
10066478,2019-01-06T07:02:05.717Z,19010607,XBTUSD,3793.5,361788,3794,185761,3793.75,3794
10066487,2019-01-06T07:02:05.883Z,19010607,XBTUSD,3793.5,366788,3794,186761,3793.75,3794
10066496,2019-01-06T07:02:05.940Z,19010607,XBTUSD,3793.5,351789,3794,198762,3793.75,3794
10066504,2019-01-06T07:02:06.218Z,19010607,XBTUSD,3793.5,356751,3794,196762,3793.75,3794
10066518,2019-01-06T07:02:06.816Z,19010607,XBTUSD,3793.5,358752,3794,202070,3793.75,3794
10066528,2019-01-06T07:02:06.990Z,19010607,XBTUSD,3793.5,361752,3794,193160,3793.75,3794
10066551,2019-01-06T07:02:07.168Z,19010607,XBTUSD,3793.5,366753,3794,192241,3793.75,3794
10066561,2019-01-06T07:02:07.252Z,19010607,XBTUSD,3793.5,353733,3794,201234,3793.75,3794
10066568,2019-01-06T07:02:07.271Z,19010607,XBTUSD,3793.5,361733,3794,190234,3793.75,3794
10066577,2019-01-06T07:02:07.361Z,19010607,XBTUSD,3793.5,363753,3794,151234,3793.75,3794
10066589,2019-01-06T07:02:07.541Z,19010607,XBTUSD,3793.5,356753,3794,154234,3793.75,3794
10066597,2019-01-06T07:02:07.714Z,19010607,XBTUSD,3793.5,376754,3794,153272,3793.75,3794
10066612,2019-01-06T07:02:08.266Z,19010607,XBTUSD,3793.5,379754,3794,115272,3793.75,3794
10066624,2019-01-06T07:02:08.453Z,19010607,XBTUSD,3793.5,379734,3794,119294,3793.75,3794
10066671,2019-01-06T07:02:10.766Z,19010607,XBTUSD,3793.5,389386,3794,109596,3793.75,3794
10066687,2019-01-06T07:02:11.923Z,19010607,XBTUSD,3793.5,388565,3794,105841,3793.75,3794
10066728,2019-01-06T07:02:14.715Z,19010607,XBTUSD,3793.5,384531,3794,174359,3793.75,3794
10066733,2019-01-06T07:02:15.085Z,19010607,XBTUSD,3793.5,384525,3794,174359,3793.75,3794
10066766,2019-01-06T07:02:17.009Z,19010607,XBTUSD,3793.5,380734,3794,172274,3793.75,3794
10066788,2019-01-06T07:02:18.805Z,19010607,XBTUSD,3793.5,384736,3794,176880,3793.75,3794
10066820,2019-01-06T07:02:21.805Z,19010607,XBTUSD,3793.5,384740,3794,168840,3793.75,3794
10066837,2019-01-06T07:02:22.811Z,19010607,XBTUSD,3793.5,386141,3794,174863,3793.75,3794
10066846,2019-01-06T07:02:23.506Z,19010607,XBTUSD,3793.5,226142,3794,175865,3793.75,3794
10066861,2019-01-06T07:02:24.412Z,19010607,XBTUSD,3793.5,226123,3794,173935,3793.75,3794
10066212,2019-01-06T07:01:59.112Z,19010607,XBTUSD,3793.5,442392,3794,132526,3793.75,3794
10066222,2019-01-06T07:01:59.702Z,19010607,XBTUSD,3793.5,440592,3794,130521,3793.75,3794
10066232,2019-01-06T07:01:59.983Z,19010607,XBTUSD,3793.5,434092,3794,144110,3793.75,3794
10066234,2019-01-06T07:02:00.007Z,19010607,XBTUSD,3793.5,434092,3794,138110,3793.75,3794
10066246,2019-01-06T07:02:00.979Z,19010607,XBTUSD,3793.5,354042,3794,146062,3793.75,3794
10066252,2019-01-06T07:02:01.145Z,19010607,XBTUSD,3793.5,354032,3794,149057,3793.75,3794
10066282,2019-01-06T07:02:02.001Z,19010607,XBTUSD,3793.5,357318,3794,189086,3793.75,3794
10066292,2019-01-06T07:02:02.575Z,19010607,XBTUSD,3793.5,354349,3794,187080,3793.75,3794
10066302,2019-01-06T07:02:02.682Z,19010607,XBTUSD,3793.5,362349,3794,200080,3793.75,3794
10066312,2019-01-06T07:02:02.794Z,19010607,XBTUSD,3793.5,359349,3794,189080,3793.75,3794
10066322,2019-01-06T07:02:02.889Z,19010607,XBTUSD,3793.5,362349,3794,188080,3793.75,3794
10066339,2019-01-06T07:02:03.299Z,19010607,XBTUSD,3793.5,359350,3794,188060,3793.75,3794
10066347,2019-01-06T07:02:03.378Z,19010607,XBTUSD,3793.5,372350,3794,186060,3793.75,3794
10066351,2019-01-06T07:02:03.411Z,19010607,XBTUSD,3793.5,367350,3794,201060,3793.75,3794
10066361,2019-01-06T07:02:03.850Z,19010607,XBTUSD,3793.5,359351,3794,188061,3793.75,3794
10066365,2019-01-06T07:02:03.949Z,19010607,XBTUSD,3793.5,354351,3794,203068,3793.75,3794
10066374,2019-01-06T07:02:04.110Z,19010607,XBTUSD,3793.5,372351,3794,188068,3793.75,3794
10066385,2019-01-06T07:02:04.206Z,19010607,XBTUSD,3793.5,359351,3794,205514,3793.75,3794
10066395,2019-01-06T07:02:04.442Z,19010607,XBTUSD,3793.5,367126,3794,189915,3793.75,3794
10066404,2019-01-06T07:02:04.585Z,19010607,XBTUSD,3793.5,354017,3794,201009,3793.75,3794
10066412,2019-01-06T07:02:04.674Z,19010607,XBTUSD,3793.5,362017,3794,188009,3793.75,3794
10066422,2019-01-06T07:02:04.772Z,19010607,XBTUSD,3793.5,364017,3794,188009,3793.75,3794
10066433,2019-01-06T07:02:05.009Z,19010607,XBTUSD,3793.5,366919,3794,186010,3793.75,3794
10066450,2019-01-06T07:02:05.362Z,19010607,XBTUSD,3793.5,356787,3794,188760,3793.75,3794
10066456,2019-01-06T07:02:05.415Z,19010607,XBTUSD,3793.5,348788,3794,196761,3793.75,3794
10066468,2019-01-06T07:02:05.604Z,19010607,XBTUSD,3793.5,353788,3794,198761,3793.75,3794
10066477,2019-01-06T07:02:05.714Z,19010607,XBTUSD,3793.5,366788,3794,185761,3793.75,3794
10066486,2019-01-06T07:02:05.867Z,19010607,XBTUSD,3793.5,366788,3794,196761,3793.75,3794
10066497,2019-01-06T07:02:05.943Z,19010607,XBTUSD,3793.5,348789,3794,198762,3793.75,3794
10066505,2019-01-06T07:02:06.221Z,19010607,XBTUSD,3793.5,361751,3794,196762,3793.75,3794
10066517,2019-01-06T07:02:06.813Z,19010607,XBTUSD,3793.5,358752,3794,192070,3793.75,3794
10066526,2019-01-06T07:02:06.985Z,19010607,XBTUSD,3793.5,356752,3794,203160,3793.75,3794
10066535,2019-01-06T07:02:07.040Z,19010607,XBTUSD,3793.5,348753,3794,193161,3793.75,3794
10066544,2019-01-06T07:02:07.137Z,19010607,XBTUSD,3793.5,358753,3794,203161,3793.75,3794
10066556,2019-01-06T07:02:07.183Z,19010607,XBTUSD,3793.5,353753,3794,193234,3793.75,3794
10066566,2019-01-06T07:02:07.265Z,19010607,XBTUSD,3793.5,361733,3794,190234,3793.75,3794
10066582,2019-01-06T07:02:07.411Z,19010607,XBTUSD,3793.5,358753,3794,156234,3793.75,3794
10066587,2019-01-06T07:02:07.531Z,19010607,XBTUSD,3793.5,351753,3794,164234,3793.75,3794
10066598,2019-01-06T07:02:07.910Z,19010607,XBTUSD,3793.5,376754,3794,113272,3793.75,3794
10066611,2019-01-06T07:02:08.263Z,19010607,XBTUSD,3793.5,381754,3794,115272,3793.75,3794
10066623,2019-01-06T07:02:08.424Z,19010607,XBTUSD,3793.5,379734,3794,119293,3793.75,3794
10066660,2019-01-06T07:02:09.938Z,19010607,XBTUSD,3793.5,389336,3794,111695,3793.75,3794
10066664,2019-01-06T07:02:10.454Z,19010607,XBTUSD,3793.5,389336,3794,105486,3793.75,3794
10066673,2019-01-06T07:02:10.816Z,19010607,XBTUSD,3793.5,389387,3794,105596,3793.75,3794
10066685,2019-01-06T07:02:11.828Z,19010607,XBTUSD,3793.5,388564,3794,105840,3793.75,3794
10066707,2019-01-06T07:02:13.512Z,19010607,XBTUSD,3793.5,384529,3794,159436,3793.75,3794
10066721,2019-01-06T07:02:14.159Z,19010607,XBTUSD,3793.5,384529,3794,174437,3793.75,3794
10066734,2019-01-06T07:02:15.300Z,19010607,XBTUSD,3793.5,380732,3794,174359,3793.75,3794
10066780,2019-01-06T07:02:17.991Z,19010607,XBTUSD,3793.5,380734,3794,176900,3793.75,3794
10066787,2019-01-06T07:02:18.741Z,19010607,XBTUSD,3793.5,384735,3794,176880,3793.75,3794
10066818,2019-01-06T07:02:21.215Z,19010607,XBTUSD,3793.5,384739,3794,174862,3793.75,3794
10066841,2019-01-06T07:02:22.906Z,19010607,XBTUSD,3793.5,386142,3794,174864,3793.75,3794
10066845,2019-01-06T07:02:23.403Z,19010607,XBTUSD,3793.5,226142,3794,175864,3793.75,3794
10066867,2019-01-06T07:02:24.813Z,19010607,XBTUSD,3793.5,226124,3794,188015,3793.75,3794
10066880,2019-01-06T07:02:26.076Z,19010607,XBTUSD,3793.5,226124,3794,201043,3793.75,3794
10066888,2019-01-06T07:02:26.565Z,19010607,XBTUSD,3793.5,226313,3794,205022,3793.75,3794
10066897,2019-01-06T07:02:27.206Z,19010607,XBTUSD,3793.5,226313,3794,211045,3793.75,3794
10066911,2019-01-06T07:02:28.332Z,19010607,XBTUSD,3793.5,226315,3794,206952,3793.75,3794
10066281,2019-01-06T07:02:01.923Z,19010607,XBTUSD,3793.5,357268,3794,189036,3793.75,3794
10066291,2019-01-06T07:02:02.573Z,19010607,XBTUSD,3793.5,354349,3794,190080,3793.75,3794
10066301,2019-01-06T07:02:02.677Z,19010607,XBTUSD,3793.5,359349,3794,200080,3793.75,3794
10066304,2019-01-06T07:02:02.694Z,19010607,XBTUSD,3793.5,362349,3794,187080,3793.75,3794
10066319,2019-01-06T07:02:02.873Z,19010607,XBTUSD,3793.5,362349,3794,190080,3793.75,3794
10066338,2019-01-06T07:02:03.295Z,19010607,XBTUSD,3793.5,362350,3794,188060,3793.75,3794
10066348,2019-01-06T07:02:03.397Z,19010607,XBTUSD,3793.5,372350,3794,189060,3793.75,3794
10066358,2019-01-06T07:02:03.839Z,19010607,XBTUSD,3793.5,372351,3794,188061,3793.75,3794
10066364,2019-01-06T07:02:03.866Z,19010607,XBTUSD,3793.5,354351,3794,201061,3793.75,3794
10066375,2019-01-06T07:02:04.121Z,19010607,XBTUSD,3793.5,367351,3794,188068,3793.75,3794
10066384,2019-01-06T07:02:04.200Z,19010607,XBTUSD,3793.5,354351,3794,205514,3793.75,3794
10066391,2019-01-06T07:02:04.279Z,19010607,XBTUSD,3793.5,372351,3794,192515,3793.75,3794
10066402,2019-01-06T07:02:04.580Z,19010607,XBTUSD,3793.5,359017,3794,198009,3793.75,3794
10066415,2019-01-06T07:02:04.690Z,19010607,XBTUSD,3793.5,367017,3794,201009,3793.75,3794
10066425,2019-01-06T07:02:04.807Z,19010607,XBTUSD,3793.5,359017,3794,201009,3793.75,3794
10066449,2019-01-06T07:02:05.360Z,19010607,XBTUSD,3793.5,356787,3794,185760,3793.75,3794
10066463,2019-01-06T07:02:05.579Z,19010607,XBTUSD,3793.5,361788,3794,183761,3793.75,3794
10066472,2019-01-06T07:02:05.694Z,19010607,XBTUSD,3793.5,358788,3794,196761,3793.75,3794
10066483,2019-01-06T07:02:05.811Z,19010607,XBTUSD,3793.5,358788,3794,198761,3793.75,3794
10066495,2019-01-06T07:02:05.939Z,19010607,XBTUSD,3793.5,351789,3794,195762,3793.75,3794
10066509,2019-01-06T07:02:06.245Z,19010607,XBTUSD,3793.5,366751,3794,191769,3793.75,3794
10066520,2019-01-06T07:02:06.820Z,19010607,XBTUSD,3793.5,353752,3794,205070,3793.75,3794
10066523,2019-01-06T07:02:06.962Z,19010607,XBTUSD,3793.5,348752,3794,205160,3793.75,3794
10066533,2019-01-06T07:02:07.037Z,19010607,XBTUSD,3793.5,351753,3794,190161,3793.75,3794
10066549,2019-01-06T07:02:07.154Z,19010607,XBTUSD,3793.5,361753,3794,190241,3793.75,3794
10066553,2019-01-06T07:02:07.173Z,19010607,XBTUSD,3793.5,361753,3794,190234,3793.75,3794
10066564,2019-01-06T07:02:07.260Z,19010607,XBTUSD,3793.5,356733,3794,200234,3793.75,3794
10066575,2019-01-06T07:02:07.339Z,19010607,XBTUSD,3793.5,363753,3794,164234,3793.75,3794
10066583,2019-01-06T07:02:07.412Z,19010607,XBTUSD,3793.5,358753,3794,166234,3793.75,3794
10066594,2019-01-06T07:02:07.609Z,19010607,XBTUSD,3793.5,376753,3794,151235,3793.75,3794
10066616,2019-01-06T07:02:08.286Z,19010607,XBTUSD,3793.5,371754,3794,128272,3793.75,3794
10066626,2019-01-06T07:02:08.864Z,19010607,XBTUSD,3793.5,385334,3794,114280,3793.75,3794
10066670,2019-01-06T07:02:10.670Z,19010607,XBTUSD,3793.5,389386,3794,109597,3793.75,3794
10066674,2019-01-06T07:02:10.818Z,19010607,XBTUSD,3793.5,389387,3794,105597,3793.75,3794
10066684,2019-01-06T07:02:11.772Z,19010607,XBTUSD,3793.5,388564,3794,103673,3793.75,3794
10066736,2019-01-06T07:02:15.411Z,19010607,XBTUSD,3793.5,380733,3794,174360,3793.75,3794
10066813,2019-01-06T07:02:20.503Z,19010607,XBTUSD,3793.5,384737,3794,171860,3793.75,3794
10066822,2019-01-06T07:02:21.898Z,19010607,XBTUSD,3793.5,384140,3794,168841,3793.75,3794
10066839,2019-01-06T07:02:22.830Z,19010607,XBTUSD,3793.5,386141,3794,174863,3793.75,3794
10066850,2019-01-06T07:02:24.030Z,19010607,XBTUSD,3793.5,226143,3794,165906,3793.75,3794
10066868,2019-01-06T07:02:24.819Z,19010607,XBTUSD,3793.5,226124,3794,188016,3793.75,3794
10066882,2019-01-06T07:02:26.126Z,19010607,XBTUSD,3793.5,226124,3794,192022,3793.75,3794
10066896,2019-01-06T07:02:27.131Z,19010607,XBTUSD,3793.5,226313,3794,211044,3793.75,3794
10066910,2019-01-06T07:02:28.295Z,19010607,XBTUSD,3793.5,226315,3794,206800,3793.75,3794
10066964,2019-01-06T07:02:29.309Z,19010607,XBTUSD,3793.5,226317,3794,212975,3793.75,3794
10066998,2019-01-06T07:02:31.422Z,19010607,XBTUSD,3793.5,200520,3794,215329,3793.75,3794
10067003,2019-01-06T07:02:32.007Z,19010607,XBTUSD,3793.5,195521,3794,221374,3793.75,3794
10067027,2019-01-06T07:02:33.863Z,19010607,XBTUSD,3793.5,193786,3794,233993,3793.75,3794
10067034,2019-01-06T07:02:33.873Z,19010607,XBTUSD,3793.5,196845,3794,233993,3793.75,3794
10066316,2019-01-06T07:02:02.858Z,19010607,XBTUSD,3793.5,354349,3794,200080,3793.75,3794
10066326,2019-01-06T07:02:02.967Z,19010607,XBTUSD,3793.5,359349,3794,201060,3793.75,3794
10066334,2019-01-06T07:02:03.223Z,19010607,XBTUSD,3793.5,362349,3794,186060,3793.75,3794
10066346,2019-01-06T07:02:03.375Z,19010607,XBTUSD,3793.5,372350,3794,196060,3793.75,3794
10066352,2019-01-06T07:02:03.436Z,19010607,XBTUSD,3793.5,372350,3794,201060,3793.75,3794
10066377,2019-01-06T07:02:04.132Z,19010607,XBTUSD,3793.5,367351,3794,190514,3793.75,3794
10066390,2019-01-06T07:02:04.232Z,19010607,XBTUSD,3793.5,372351,3794,192514,3793.75,3794
10066398,2019-01-06T07:02:04.520Z,19010607,XBTUSD,3793.5,367017,3794,186009,3793.75,3794
10066410,2019-01-06T07:02:04.669Z,19010607,XBTUSD,3793.5,357017,3794,191009,3793.75,3794
10066417,2019-01-06T07:02:04.736Z,19010607,XBTUSD,3793.5,362017,3794,199009,3793.75,3794
10066428,2019-01-06T07:02:04.857Z,19010607,XBTUSD,3793.5,364017,3794,189009,3793.75,3794
10066447,2019-01-06T07:02:05.354Z,19010607,XBTUSD,3793.5,361787,3794,183760,3793.75,3794
10066461,2019-01-06T07:02:05.437Z,19010607,XBTUSD,3793.5,361788,3794,183761,3793.75,3794
10066470,2019-01-06T07:02:05.686Z,19010607,XBTUSD,3793.5,353788,3794,198761,3793.75,3794
10066480,2019-01-06T07:02:05.720Z,19010607,XBTUSD,3793.5,361788,3794,198761,3793.75,3794
10066494,2019-01-06T07:02:05.937Z,19010607,XBTUSD,3793.5,356789,3794,195762,3793.75,3794
10066503,2019-01-06T07:02:06.214Z,19010607,XBTUSD,3793.5,356751,3794,206762,3793.75,3794
10066514,2019-01-06T07:02:06.750Z,19010607,XBTUSD,3793.5,366752,3794,190070,3793.75,3794
10066524,2019-01-06T07:02:06.974Z,19010607,XBTUSD,3793.5,348752,3794,203160,3793.75,3794
