id,timestamp,hour,symbol,side,size,price,tickDirection,trdMatchID,volTime,tickTime
2860055,2019-01-06T07:00:03.721Z,19010607,XBTUSD,Buy,619,3793.5,ZeroPlusTick,aee073ed-b205-4d71-56b1-874e70f04965,619,1
2860068,2019-01-06T07:00:03.721Z,19010607,XBTUSD,Buy,189,3793.5,ZeroPlusTick,6ca6d0bd-58be-4310-35b9-8ec6d7926a59,808,2
2860077,2019-01-06T07:00:03.721Z,19010607,XBTUSD,Buy,20000,3793.5,ZeroPlusTick,cc996b6e-08e9-70b5-bd2c-39a911e9bade,20808,3
2860091,2019-01-06T07:00:03.721Z,19010607,XBTUSD,Buy,16000,3793.5,ZeroPlusTick,d9bf46e9-6d81-bd91-c174-1c9adc65b247,36808,4
2860099,2019-01-06T07:00:03.721Z,19010607,XBTUSD,Buy,15,3793.5,ZeroPlusTick,ea198f19-551d-2e7b-ae6f-49746e826d07,36823,5
2860111,2019-01-06T07:00:03.721Z,19010607,XBTUSD,Buy,16500,3793.5,ZeroPlusTick,3bd059a7-585a-dbf8-b184-39a020f6c253,53323,6
2860162,2019-01-06T07:00:09.612Z,19010607,XBTUSD,Buy,32,3794,PlusTick,0d60d5ef-17b6-ca39-914b-24db53755d42,53355,7
2860056,2019-01-06T07:00:03.721Z,19010607,XBTUSD,Buy,619,3793.5,ZeroPlusTick,b4f33dc7-49a2-2741-bfef-631942525c3e,53974,8
2860066,2019-01-06T07:00:03.721Z,19010607,XBTUSD,Buy,189,3793.5,ZeroPlusTick,bccb28a1-e928-19bc-c5b6-2991cc06ec03,54163,9
2860075,2019-01-06T07:00:03.721Z,19010607,XBTUSD,Buy,100,3793.5,ZeroPlusTick,8796d68d-2a19-150d-7882-a07d699c018e,54263,10
2860085,2019-01-06T07:00:03.721Z,19010607,XBTUSD,Buy,1,3793.5,ZeroPlusTick,1b7e8342-5d02-ed77-b34d-baa5963af0dc,54264,11
2860095,2019-01-06T07:00:03.721Z,19010607,XBTUSD,Buy,2064,3793.5,ZeroPlusTick,7fc35e26-a30b-d6c4-a26a-6a31d2a18353,56328,12
2860104,2019-01-06T07:00:03.721Z,19010607,XBTUSD,Buy,2064,3793.5,ZeroPlusTick,e5a316a1-d2d5-d8cb-a36a-7676aa1f6369,58392,13
2860058,2019-01-06T07:00:03.721Z,19010607,XBTUSD,Buy,619,3793.5,ZeroPlusTick,c178afd1-dbc3-11c4-9a37-4171ebb14372,59011,14
2860070,2019-01-06T07:00:03.721Z,19010607,XBTUSD,Buy,10000,3793.5,ZeroPlusTick,0bdfb7d8-b3db-ec08-32d7-0ce3f727f4e4,69011,15
2860081,2019-01-06T07:00:03.721Z,19010607,XBTUSD,Buy,2000,3793.5,ZeroPlusTick,afd0dccd-c944-af4c-21ae-e75734830129,71011,16
2860086,2019-01-06T07:00:03.721Z,19010607,XBTUSD,Buy,94,3793.5,ZeroPlusTick,3768ecfb-47ab-6d90-cf0c-d11abbc932e1,71105,17
2860096,2019-01-06T07:00:03.721Z,19010607,XBTUSD,Buy,2064,3793.5,ZeroPlusTick,e91a9b0c-424b-af8a-0498-e358ebad5673,73169,18
2860105,2019-01-06T07:00:03.721Z,19010607,XBTUSD,Buy,20000,3793.5,ZeroPlusTick,6a7e6e2c-d285-9154-5860-89584150e58f,93169,19
2860159,2019-01-06T07:00:08.866Z,19010607,XBTUSD,Sell,1000,3793.5,MinusTick,ef4f5273-7a6f-ec72-1448-d923de1cd504,94169,20
2860175,2019-01-06T07:00:13.003Z,19010607,XBTUSD,Buy,11,3794,ZeroPlusTick,2ef5971f-c06e-5f35-575f-c9659bb38ced,94180,21
2860181,2019-01-06T07:00:13.842Z,19010607,XBTUSD,Buy,175,3794,ZeroPlusTick,7a2b6854-33f3-608e-e0fd-fd94cbd815bc,94355,22
2860185,2019-01-06T07:00:15.825Z,19010607,XBTUSD,Buy,100,3794,ZeroPlusTick,56cb9907-903e-01aa-d924-b24effeae8c6,94455,23
2860053,2019-01-06T07:00:03.721Z,19010607,XBTUSD,Buy,22686,3793.5,ZeroPlusTick,aa3917d9-a1c3-2544-2638-a33d9b254c1e,117141,24
2860063,2019-01-06T07:00:03.721Z,19010607,XBTUSD,Buy,619,3793.5,ZeroPlusTick,fa7aebf8-3eef-7c86-26d9-4675958193c5,117760,25
2860073,2019-01-06T07:00:03.721Z,19010607,XBTUSD,Buy,8000,3793.5,ZeroPlusTick,e600bd97-035e-1294-2f33-fa3082f2110a,125760,26
2860082,2019-01-06T07:00:03.721Z,19010607,XBTUSD,Buy,2000,3793.5,ZeroPlusTick,1368ff92-f9db-b8d1-65f0-63d7faf9e87d,127760,27
2860087,2019-01-06T07:00:03.721Z,19010607,XBTUSD,Buy,94,3793.5,ZeroPlusTick,f42fa28c-a8eb-7a4d-aba1-5fb62988ab68,127854,28
2860101,2019-01-06T07:00:03.721Z,19010607,XBTUSD,Buy,200,3793.5,ZeroPlusTick,2d84539e-5fa4-0a19-fd7b-6a3e351a9a47,128054,29
2860110,2019-01-06T07:00:03.721Z,19010607,XBTUSD,Buy,200,3793.5,ZeroPlusTick,fcaf4045-9ef5-b0e7-b525-402e068af27a,128254,30
2860062,2019-01-06T07:00:03.721Z,19010607,XBTUSD,Buy,619,3793.5,ZeroPlusTick,11573f0b-ec15-1035-aa79-e8c92587166e,128873,31
2860069,2019-01-06T07:00:03.721Z,19010607,XBTUSD,Buy,3586,3793.5,ZeroPlusTick,0ee07bbc-b400-e3b0-caad-6da7518b7d5f,132459,32
2860080,2019-01-06T07:00:03.721Z,19010607,XBTUSD,Buy,2000,3793.5,ZeroPlusTick,2238dab3-5ef2-2074-ca80-9406b1bd3634,134459,33
2860090,2019-01-06T07:00:03.721Z,19010607,XBTUSD,Buy,13723,3793.5,ZeroPlusTick,b183822a-9ab2-0c14-4b10-e7107eca0eea,148182,34
2860100,2019-01-06T07:00:03.721Z,19010607,XBTUSD,Buy,625,3793.5,ZeroPlusTick,0cf54e9d-92ff-2e69-ed0c-9a5c421e7fd6,148807,35
2860108,2019-01-06T07:00:03.721Z,19010607,XBTUSD,Buy,1000,3793.5,ZeroPlusTick,392a1b4d-efef-d6d6-4860-44a966081426,149807,36
2860115,2019-01-06T07:00:04.291Z,19010607,XBTUSD,Buy,35,3794,PlusTick,dccaf5ae-bcd2-1719-777a-219d1109b010,149842,37
2860186,2019-01-06T07:00:15.825Z,19010607,XBTUSD,Buy,524,3794,ZeroPlusTick,ce338c41-ebc4-a012-aad9-9ac835b7abf1,150366,38
2860271,2019-01-06T07:00:48.611Z,19010607,XBTUSD,Buy,1200,3794,ZeroPlusTick,06f93cbc-167a-395b-456f-90e418c585f2,151566,39
2860296,2019-01-06T07:01:02.524Z,19010607,XBTUSD,Sell,6505,3793.5,ZeroMinusTick,e2307a82-0527-2253-fd9c-8c82c747517a,158071,40
2860333,2019-01-06T07:01:08.301Z,19010607,XBTUSD,Buy,200,3794,ZeroPlusTick,874d4480-2b4a-07e7-bb04-39facfb0b333,158271,41
2860337,2019-01-06T07:01:08.301Z,19010607,XBTUSD,Buy,500,3794,ZeroPlusTick,97dac1f2-c4c9-6c3b-49e1-3ca83a9421e2,158771,42
2860061,2019-01-06T07:00:03.721Z,19010607,XBTUSD,Buy,619,3793.5,ZeroPlusTick,3e747d17-4f51-e759-9d22-ffdc65d54d47,159390,43
2860065,2019-01-06T07:00:03.721Z,19010607,XBTUSD,Buy,189,3793.5,ZeroPlusTick,53c83b29-a078-a78c-05a9-c1b7b150803d,159579,44
2860079,2019-01-06T07:00:03.721Z,19010607,XBTUSD,Buy,2000,3793.5,ZeroPlusTick,37716e2a-7d93-6b6d-2864-d2280265db1b,161579,45
2860092,2019-01-06T07:00:03.721Z,19010607,XBTUSD,Buy,2064,3793.5,ZeroPlusTick,d11cf1de-4a43-4a29-0a4b-1d0d9b4130c8,163643,46
2860097,2019-01-06T07:00:03.721Z,19010607,XBTUSD,Buy,2064,3793.5,ZeroPlusTick,30c56ae0-c4ee-89ec-686b-c89214427639,165707,47
2860109,2019-01-06T07:00:03.721Z,19010607,XBTUSD,Buy,21,3793.5,ZeroPlusTick,529eb03d-eee7-ab62-dbb9-efca2336afe3,165728,48
2860178,2019-01-06T07:00:13.842Z,19010607,XBTUSD,Buy,314,3794,ZeroPlusTick,180e2abc-6905-d459-af6a-19822c32ed9e,166042,49
2860247,2019-01-06T07:00:33.222Z,19010607,XBTUSD,Buy,500,3794,ZeroPlusTick,ceb59f27-0455-0e17-2fdb-186b0970d979,166542,50
2860282,2019-01-06T07:00:54.338Z,19010607,XBTUSD,Buy,153,3794,PlusTick,f730caaa-8cf6-4d27-3261-edce574f6045,166695,51
2860284,2019-01-06T07:00:56.862Z,19010607,XBTUSD,Buy,189,3794,ZeroPlusTick,cba08c1b-8a03-5b4a-4a03-ddbe194496c2,166884,52
2860297,2019-01-06T07:01:02.524Z,19010607,XBTUSD,Sell,90,3793.5,ZeroMinusTick,4e03dd04-1770-a593-1852-6b6149562c78,166974,53
2860336,2019-01-06T07:01:08.301Z,19010607,XBTUSD,Buy,94,3794,ZeroPlusTick,2136007e-eaf6-8b2c-fd33-17bce1b08f2e,167068,54
2860345,2019-01-06T07:01:08.301Z,19010607,XBTUSD,Buy,1000,3794,ZeroPlusTick,b259df2c-65c9-00e4-32a6-4f9df0d20476,168068,55
2860360,2019-01-06T07:01:12.717Z,19010607,XBTUSD,Sell,478,3793.5,ZeroMinusTick,d77a8b88-083e-5e49-3db4-94441912178a,168546,56
2860372,2019-01-06T07:01:22.464Z,19010607,XBTUSD,Sell,100,3793.5,ZeroMinusTick,8fcb4e9d-80b7-f3a1-e88f-6775e69a9a72,168646,57
2860057,2019-01-06T07:00:03.721Z,19010607,XBTUSD,Buy,619,3793.5,ZeroPlusTick,79020e62-68f2-eb3a-2d31-b391a4eea793,169265,58
2860071,2019-01-06T07:00:03.721Z,19010607,XBTUSD,Buy,125,3793.5,ZeroPlusTick,4b4227a8-6a44-2669-556f-71df5a1ba970,169390,59
2860076,2019-01-06T07:00:03.721Z,19010607,XBTUSD,Buy,100,3793.5,ZeroPlusTick,a5ba4615-859c-d169-d37a-b902ed3e9269,169490,60
2860088,2019-01-06T07:00:03.721Z,19010607,XBTUSD,Buy,10698,3793.5,ZeroPlusTick,37ef0385-95f0-4679-432e-be680409571a,180188,61
2860102,2019-01-06T07:00:03.721Z,19010607,XBTUSD,Buy,619,3793.5,ZeroPlusTick,9ed05f21-926c-5b48-ec12-26f0928f6608,180807,62
2860107,2019-01-06T07:00:03.721Z,19010607,XBTUSD,Buy,100,3793.5,ZeroPlusTick,9217dc99-ea66-4645-992b-81201492fd0b,180907,63
2860173,2019-01-06T07:00:13.003Z,19010607,XBTUSD,Buy,432,3794,PlusTick,2b7c9dc8-f0c4-eca2-1a4d-f603376ace5b,181339,64
2860255,2019-01-06T07:00:39.722Z,19010607,XBTUSD,Buy,735,3794,ZeroPlusTick,4a4121d7-77d8-32ce-1e41-dc2bd4c88d31,182074,65
2860286,2019-01-06T07:00:56.862Z,19010607,XBTUSD,Buy,189,3794,ZeroPlusTick,db00e81a-ed45-afce-4ca8-f444f472abfc,182263,66
2860300,2019-01-06T07:01:02.524Z,19010607,XBTUSD,Sell,1747,3793.5,ZeroMinusTick,c362027c-7650-616d-0084-bdb2195638dd,184010,67
2860331,2019-01-06T07:01:08.301Z,19010607,XBTUSD,Buy,13723,3794,ZeroPlusTick,0041837b-c574-4572-6a6d-f9f3324d9661,197733,68
2860339,2019-01-06T07:01:08.301Z,19010607,XBTUSD,Buy,1000,3794,ZeroPlusTick,9240e9d6-d319-ab8f-acd5-5e96d7d499dd,198733,69
2860347,2019-01-06T07:01:08.301Z,19010607,XBTUSD,Buy,19376,3794,ZeroPlusTick,dd5f0221-e289-46ff-f4fc-54261eea7488,218109,70
2860352,2019-01-06T07:01:09.681Z,19010607,XBTUSD,Sell,60,3793.5,MinusTick,a88a50e8-1b7c-e699-8550-6202a6a90371,218169,71
2860354,2019-01-06T07:01:10.672Z,19010607,XBTUSD,Sell,117,3793.5,ZeroMinusTick,0d0f7d76-eb4b-4a6c-92ff-314d79de2f76,218286,72
2860364,2019-01-06T07:01:14.756Z,19010607,XBTUSD,Sell,144,3793.5,ZeroMinusTick,229cd6d5-0c45-3d4f-a206-a548977160c8,218430,73
2860371,2019-01-06T07:01:22.464Z,19010607,XBTUSD,Sell,150,3793.5,ZeroMinusTick,95b5ebbd-f199-ae22-2f33-8084f802106c,218580,74
2860059,2019-01-06T07:00:03.721Z,19010607,XBTUSD,Buy,619,3793.5,ZeroPlusTick,b5ea5ecd-6d07-025c-8760-ab503a160a7a,219199,75
2860064,2019-01-06T07:00:03.721Z,19010607,XBTUSD,Buy,200,3793.5,ZeroPlusTick,347872fb-d7eb-35b1-339e-940cb6a2abcc,219399,76
2860074,2019-01-06T07:00:03.721Z,19010607,XBTUSD,Buy,500,3793.5,ZeroPlusTick,ae629acc-fbac-d790-8acb-99cba28675e3,219899,77
2860084,2019-01-06T07:00:03.721Z,19010607,XBTUSD,Buy,30,3793.5,ZeroPlusTick,f0a35931-7117-a785-5766-55dda0cb41e3,219929,78
2860094,2019-01-06T07:00:03.721Z,19010607,XBTUSD,Buy,2064,3793.5,ZeroPlusTick,4ae0a93f-8e5a-c96e-fa5d-5aa4ffd26847,221993,79
2860106,2019-01-06T07:00:03.721Z,19010607,XBTUSD,Buy,235,3793.5,ZeroPlusTick,c6f4de06-eab7-3a02-5ab8-aa8da36afbbb,222228,80
2860147,2019-01-06T07:00:06.716Z,19010607,XBTUSD,Buy,1,3794,PlusTick,112ecf39-6713-5d98-d746-c1ee84f21bd3,222229,81
2860170,2019-01-06T07:00:11.552Z,19010607,XBTUSD,Sell,200,3793.5,MinusTick,641274db-424c-be5e-ade5-b93701295320,222429,82
2860180,2019-01-06T07:00:13.842Z,19010607,XBTUSD,Buy,11,3794,ZeroPlusTick,32f1000e-620f-3509-dfdc-a39ee9030cc6,222440,83
2860241,2019-01-06T07:00:29.447Z,19010607,XBTUSD,Buy,76,3794,ZeroPlusTick,d7b305d6-3426-c8a9-a559-c29b0e2c5862,222516,84
2860242,2019-01-06T07:00:29.603Z,19010607,XBTUSD,Sell,1,3793.5,MinusTick,c8a8d669-0ea2-1120-bba6-adf2f2680beb,222517,85
2860243,2019-01-06T07:00:29.746Z,19010607,XBTUSD,Buy,102,3794,PlusTick,75f33505-ff21-cd79-8e9c-0548b6c9c29e,222619,86
2860283,2019-01-06T07:00:56.862Z,19010607,XBTUSD,Buy,2512,3794,ZeroPlusTick,5794e507-2629-dd6e-9e68-19cdadf0ca6d,225131,87
2860298,2019-01-06T07:01:02.524Z,19010607,XBTUSD,Sell,150,3793.5,ZeroMinusTick,5c030041-734c-caec-dc56-84e3bf61b616,225281,88
2860329,2019-01-06T07:01:08.301Z,19010607,XBTUSD,Buy,90,3794,ZeroPlusTick,901640e7-9178-dc0c-8259-af88bda50887,225371,89
2860341,2019-01-06T07:01:08.301Z,19010607,XBTUSD,Buy,619,3794,ZeroPlusTick,e493bdc9-41a8-db66-ee82-a0d1962ca534,225990,90
2860437,2019-01-06T07:01:45.453Z,19010607,XBTUSD,Buy,60,3794,PlusTick,5f8e3308-6c96-838f-dab0-5b917009471f,226050,91
2860460,2019-01-06T07:02:00.960Z,19010607,XBTUSD,Sell,100,3793.5,ZeroMinusTick,25605347-7d5a-ec0d-788f-089e5abe2259,226150,92
2860471,2019-01-06T07:02:02.877Z,19010607,XBTUSD,Buy,117,3794,ZeroPlusTick,fb1888b2-789c-cc3c-5cbc-6214b92f7e9e,226267,93
2860497,2019-01-06T07:02:12.777Z,19010607,XBTUSD,Sell,38,3793.5,ZeroMinusTick,2a0b4e0b-6a2e-70d7-3180-50630f825735,226305,94
2860060,2019-01-06T07:00:03.721Z,19010607,XBTUSD,Buy,619,3793.5,ZeroPlusTick,a3e89bdb-0a4b-6a87-056f-5ba62c24b6b7,226924,95
2860072,2019-01-06T07:00:03.721Z,19010607,XBTUSD,Buy,809,3793.5,ZeroPlusTick,b4465cc3-c357-4920-5bd2-25bc8ab6630d,227733,96
2860083,2019-01-06T07:00:03.721Z,19010607,XBTUSD,Buy,30,3793.5,ZeroPlusTick,26bca89d-8874-ee70-2dce-8d8a11dc8963,227763,97
2860093,2019-01-06T07:00:03.721Z,19010607,XBTUSD,Buy,2064,3793.5,ZeroPlusTick,0cf71523-c48d-8aa4-1a29-6430101bd575,229827,98
2860103,2019-01-06T07:00:03.721Z,19010607,XBTUSD,Buy,2064,3793.5,ZeroPlusTick,d2ce4e59-0e35-bb85-2ea1-133cf2003b9f,231891,99
2860161,2019-01-06T07:00:09.465Z,19010607,XBTUSD,Sell,100,3793.5,ZeroMinusTick,074304bf-c6e2-12e3-4814-22aec944090c,231991,100
2860203,2019-01-06T07:00:21.557Z,19010607,XBTUSD,Buy,99,3794,ZeroPlusTick,c2856b6f-581b-4149-3dc0-83da92c80d79,232090,101
2860246,2019-01-06T07:00:32.733Z,19010607,XBTUSD,Buy,145,3794,ZeroPlusTick,0b146b4c-505f-e796-81ae-daff7de889e5,232235,102
2860250,2019-01-06T07:00:37.433Z,19010607,XBTUSD,Buy,68,3794,ZeroPlusTick,b2de7fb3-0671-bb4c-0a33-f40d2bce5d24,232303,103
2860273,2019-01-06T07:00:48.611Z,19010607,XBTUSD,Buy,6032,3794,ZeroPlusTick,dd42818a-3a55-92a5-7d90-0357786ca1bd,238335,104
2860274,2019-01-06T07:00:48.879Z,19010607,XBTUSD,Sell,3528,3793.5,MinusTick,9514404b-4a30-0613-c758-e95773354c29,241863,105
2860277,2019-01-06T07:00:51.814Z,19010607,XBTUSD,Sell,1400,3793.5,ZeroMinusTick,32eee346-5849-deca-ec3c-0a3de5a58a1b,243263,106
2860287,2019-01-06T07:00:56.862Z,19010607,XBTUSD,Buy,7100,3794,ZeroPlusTick,79d208f9-62fb-cf32-6e94-62d36bbbdbef,250363,107
2860291,2019-01-06T07:01:00.847Z,19010607,XBTUSD,Sell,4000,3793.5,MinusTick,99b3d038-d106-3171-a478-251d1f8d0704,254363,108
2860294,2019-01-06T07:01:01.905Z,19010607,XBTUSD,Buy,600,3794,PlusTick,07ce2a18-9a8e-2eaa-b6e4-7fba0a64164e,254963,109
2860338,2019-01-06T07:01:08.301Z,19010607,XBTUSD,Buy,11,3794,ZeroPlusTick,006c6fae-b6e8-167b-899a-6c3eba00bb9f,254974,110
2860447,2019-01-06T07:01:54.188Z,19010607,XBTUSD,Buy,619,3794,ZeroPlusTick,a98b643d-4df1-4da7-6b9c-3611b66586cd,255593,111
2860462,2019-01-06T07:02:00.960Z,19010607,XBTUSD,Sell,2000,3793.5,ZeroMinusTick,708e6a0b-cf4d-ad8b-cf11-65a00f4037e8,257593,112
2860054,2019-01-06T07:00:03.721Z,19010607,XBTUSD,Buy,619,3793.5,ZeroPlusTick,dc31f14f-14c7-f06a-f1bb-8809fdd71ba5,258212,113
2860067,2019-01-06T07:00:03.721Z,19010607,XBTUSD,Buy,10,3793.5,ZeroPlusTick,f319afad-ce8f-fdae-804b-be777fbfa45f,258222,114
2860078,2019-01-06T07:00:03.721Z,19010607,XBTUSD,Buy,2064,3793.5,ZeroPlusTick,9987bf59-d375-fbbc-2ea9-93e5bc92e543,260286,115
2860089,2019-01-06T07:00:03.721Z,19010607,XBTUSD,Buy,10100,3793.5,ZeroPlusTick,f5f5c5f8-09dd-a8e7-5dcc-3c10c5874aeb,270386,116
2860098,2019-01-06T07:00:03.721Z,19010607,XBTUSD,Buy,15,3793.5,ZeroPlusTick,c03b3344-263e-55c9-49e0-558ae11d6ffe,270401,117
2860160,2019-01-06T07:00:09.246Z,19010607,XBTUSD,Sell,111,3793.5,ZeroMinusTick,450409b1-bf6f-9d09-dc26-43a5716be77d,270512,118
2860174,2019-01-06T07:00:13.003Z,19010607,XBTUSD,Buy,28,3794,ZeroPlusTick,5d50ba89-3ca8-1351-d210-7c3ed5db988e,270540,119
2860192,2019-01-06T07:00:16.524Z,19010607,XBTUSD,Buy,299,3794,PlusTick,6d323309-a7a7-7f9a-091c-47d3dc6645ef,270839,120
2860265,2019-01-06T07:00:47.473Z,19010607,XBTUSD,Buy,141,3794,ZeroPlusTick,1a73cca8-153a-0a0c-2d04-52ef04ac6c4f,270980,121
2860266,2019-01-06T07:00:47.514Z,19010607,XBTUSD,Buy,100,3794,ZeroPlusTick,f1b237d4-f7d3-9a42-55f8-e068c7127229,271080,122
2860272,2019-01-06T07:00:48.611Z,19010607,XBTUSD,Buy,50,3794,ZeroPlusTick,0f467bc9-d234-415c-de00-51d8e207437d,271130,123
2860275,2019-01-06T07:00:48.879Z,19010607,XBTUSD,Sell,24472,3793.5,ZeroMinusTick,523ec3e1-4ef4-4660-7dbd-105c29a8dff8,295602,124
2860288,2019-01-06T07:00:58.204Z,19010607,XBTUSD,Buy,1000,3794,ZeroPlusTick,c18ebec8-21a5-3b62-85c7-70ebeae459c8,296602,125
2860320,2019-01-06T07:01:05.116Z,19010607,XBTUSD,Buy,1,3794,PlusTick,049308ef-860f-45d4-41a6-236793be1975,296603,126
2860326,2019-01-06T07:01:05.823Z,19010607,XBTUSD,Sell,104,3793.5,MinusTick,041b0b40-808c-c58d-6bef-ed19063a2e42,296707,127
2860330,2019-01-06T07:01:08.301Z,19010607,XBTUSD,Buy,189,3794,ZeroPlusTick,a591622f-15cf-5edb-909c-48f4e085462d,296896,128
2860343,2019-01-06T07:01:08.301Z,19010607,XBTUSD,Buy,1750,3794,ZeroPlusTick,1fdaf356-7eb8-5ce6-4857-c86c2c29fa9f,298646,129
2860467,2019-01-06T07:02:00.960Z,19010607,XBTUSD,Sell,1000,3793.5,ZeroMinusTick,7b56de05-92ea-fbbd-6051-421f6dee3d5d,299646,130
2860139,2019-01-06T07:00:05.485Z,19010607,XBTUSD,Sell,150,3793.5,MinusTick,5a642d86-56f8-686e-6f3a-5814e5e06016,299796,131
2860176,2019-01-06T07:00:13.003Z,19010607,XBTUSD,Buy,198,3794,ZeroPlusTick,9f9cd667-049d-c67c-4454-c9c76018d347,299994,132
2860179,2019-01-06T07:00:13.842Z,19010607,XBTUSD,Buy,500,3794,ZeroPlusTick,0dd398c8-d78f-fe1f-27f7-5670b10d5285,300494,133
2860237,2019-01-06T07:00:26.530Z,19010607,XBTUSD,Buy,200,3794,ZeroPlusTick,f235ce76-2429-cdf2-11c2-19299c563874,300694,134
2860244,2019-01-06T07:00:30.979Z,19010607,XBTUSD,Sell,5000,3793.5,MinusTick,6f8b2fb2-2df6-8dda-5b62-58580de26137,305694,135
2860245,2019-01-06T07:00:31.533Z,19010607,XBTUSD,Buy,4001,3794,PlusTick,f9941227-78db-f797-6a8e-595a67b93a74,309695,136
2860260,2019-01-06T07:00:42.387Z,19010607,XBTUSD,Buy,192,3794,PlusTick,b54af2ae-6906-a5f6-55cb-5c5c52cade2c,309887,137
2860332,2019-01-06T07:01:08.301Z,19010607,XBTUSD,Buy,84,3794,ZeroPlusTick,ade926f0-4369-a216-1e77-eaef498abe13,309971,138
2860340,2019-01-06T07:01:08.301Z,19010607,XBTUSD,Buy,1073,3794,ZeroPlusTick,df879348-25aa-4cf1-e16e-1ce10b5b999c,311044,139
2860374,2019-01-06T07:01:22.464Z,19010607,XBTUSD,Sell,90,3793.5,ZeroMinusTick,8248e265-514a-7127-3a73-d2f689f26172,311134,140
2860440,2019-01-06T07:01:48.883Z,19010607,XBTUSD,Sell,60,3793.5,ZeroMinusTick,9243dcbd-2e1d-37c3-efc4-a86cb3ec077f,311194,141
2860441,2019-01-06T07:01:49.006Z,19010607,XBTUSD,Buy,200,3794,PlusTick,ff7d89a2-f01c-c0f5-9bcd-6f2762aa2827,311394,142
2860449,2019-01-06T07:01:54.188Z,19010607,XBTUSD,Buy,9,3794,ZeroPlusTick,b0463d13-6969-3a4d-3aba-a457132bd45d,311403,143
2860465,2019-01-06T07:02:00.960Z,19010607,XBTUSD,Sell,109,3793.5,ZeroMinusTick,f50def19-8490-5052-1545-71d1417cc7a5,311512,144
2860487,2019-01-06T07:02:05.309Z,19010607,XBTUSD,Sell,132,3793.5,MinusTick,02bb1691-fd0f-78f9-6d60-0f2474f4e1c6,311644,145
2860498,2019-01-06T07:02:13.431Z,19010607,XBTUSD,Sell,4000,3793.5,ZeroMinusTick,a5b4eba7-2fcf-b378-4dca-2490f77edaa2,315644,146
2860656,2019-01-06T07:02:50.439Z,19010607,XBTUSD,Sell,11,3793.5,ZeroMinusTick,b272d118-5587-3d28-10a8-05df2b0abf5f,315655,147
2860703,2019-01-06T07:02:52.946Z,19010607,XBTUSD,Sell,3908,3793.5,ZeroMinusTick,7ac93ef1-be6e-d72f-b6c6-45174afb4a76,319563,148
2860167,2019-01-06T07:00:11.009Z,19010607,XBTUSD,Sell,150,3793.5,MinusTick,96a11a72-4688-7c8f-41e6-39dabddf51e2,319713,149
2860169,2019-01-06T07:00:11.525Z,19010607,XBTUSD,Buy,100,3794,PlusTick,c014afef-5b09-04cf-23d4-d8af81df5f14,319813,150
2860184,2019-01-06T07:00:15.825Z,19010607,XBTUSD,Buy,95,3794,ZeroPlusTick,ec74b2e5-232a-04b5-0ddd-3600a2ad43dc,319908,151
2860191,2019-01-06T07:00:16.509Z,19010607,XBTUSD,Sell,2,3793.5,MinusTick,66f3e293-7625-d9d9-ba3b-6cbd6a902fec,319910,152
2860258,2019-01-06T07:00:41.651Z,19010607,XBTUSD,Sell,9,3793.5,MinusTick,88d5a2f6-b829-9e68-2694-ee5355bba287,319919,153
2860299,2019-01-06T07:01:02.524Z,19010607,XBTUSD,Sell,90,3793.5,ZeroMinusTick,8bddfe30-4858-fe04-5983-d1070f7a8ac7,320009,154
2860335,2019-01-06T07:01:08.301Z,19010607,XBTUSD,Buy,94,3794,ZeroPlusTick,7bf8ff69-f05f-d606-3fdf-9169091854e0,320103,155
2860346,2019-01-06T07:01:08.301Z,19010607,XBTUSD,Buy,4000,3794,ZeroPlusTick,a5b86100-7f0b-5cfa-6784-f26f588d7c97,324103,156
2860375,2019-01-06T07:01:22.464Z,19010607,XBTUSD,Sell,15,3793.5,ZeroMinusTick,75600405-2d65-2a8f-8e06-0e5b2afc8089,324118,157
2860435,2019-01-06T07:01:45.410Z,19010607,XBTUSD,Sell,101,3793.5,ZeroMinusTick,fc2da4c2-1e8b-a25d-01ba-3ef5858c3fab,324219,158
2860468,2019-01-06T07:02:00.960Z,19010607,XBTUSD,Sell,10000,3793.5,ZeroMinusTick,6966a79f-4cf8-17a0-e07b-7ef3323afc18,334219,159
2860598,2019-01-06T07:02:38.768Z,19010607,XBTUSD,Sell,300,3793.5,ZeroMinusTick,9ab60e40-5631-068a-0721-9820bd49342c,334519,160
2860270,2019-01-06T07:00:48.611Z,19010607,XBTUSD,Buy,2818,3794,ZeroPlusTick,01acb8c4-740e-77ac-7e6b-c71b580fe9b5,337337,161
2860328,2019-01-06T07:01:08.301Z,19010607,XBTUSD,Buy,1997,3794,PlusTick,9fbc537f-ae90-3138-2efe-ece31c2a7e5b,339334,162
2860344,2019-01-06T07:01:08.301Z,19010607,XBTUSD,Buy,4000,3794,ZeroPlusTick,b9fde77a-1eeb-fdb2-0ff3-19ff434f3816,343334,163
2860369,2019-01-06T07:01:20.555Z,19010607,XBTUSD,Sell,50,3793.5,ZeroMinusTick,e68b6bff-4d9e-bc01-7cac-31063afa141b,343384,164
2860376,2019-01-06T07:01:22.464Z,19010607,XBTUSD,Sell,48,3793.5,ZeroMinusTick,ec4add98-0237-3550-34d1-f80b5ba7f795,343432,165
2860392,2019-01-06T07:01:37.459Z,19010607,XBTUSD,Sell,1,3793.5,MinusTick,afc3b124-5b45-8fe7-2fc4-597ebc3b2065,343433,166
2860466,2019-01-06T07:02:00.960Z,19010607,XBTUSD,Sell,10000,3793.5,ZeroMinusTick,49adc464-f03e-e8f1-987a-fff0c9f00cd1,353433,167
2860494,2019-01-06T07:02:10.766Z,19010607,XBTUSD,Buy,1,3794,PlusTick,087ea4f0-44d0-0b4f-ddcf-4223439ca9c2,353434,168
2860495,2019-01-06T07:02:11.067Z,19010607,XBTUSD,Sell,1200,3793.5,MinusTick,5168e1d0-a1d9-0781-f624-b351a60c347b,354634,169
2860496,2019-01-06T07:02:11.772Z,19010607,XBTUSD,Sell,3417,3793.5,ZeroMinusTick,d06477e0-9fa6-1510-60a7-3ce7c3bbaea0,358051,170
2860513,2019-01-06T07:02:21.898Z,19010607,XBTUSD,Sell,600,3793.5,ZeroMinusTick,43c55d2c-bcfa-bed8-edf8-f4deeddc572c,358651,171
2860533,2019-01-06T07:02:31.097Z,19010607,XBTUSD,Sell,7500,3793.5,MinusTick,7772b7ec-267c-4b39-504f-4b3519cb152c,366151,172
2860678,2019-01-06T07:02:50.666Z,19010607,XBTUSD,Sell,13908,3793.5,ZeroMinusTick,2845f385-e896-db27-7eab-63d4d23416e3,380059,173
2860839,2019-01-06T07:03:00.925Z,19010607,XBTUSD,Sell,171,3793.5,ZeroMinusTick,a22268eb-1743-2390-b34a-26535d5ce5cb,380230,174
2860285,2019-01-06T07:00:56.862Z,19010607,XBTUSD,Buy,10,3794,ZeroPlusTick,b71e309b-e4b5-7414-af37-1ffba572407b,380240,175
2860295,2019-01-06T07:01:02.524Z,19010607,XBTUSD,Sell,7918,3793.5,MinusTick,62c494d7-1c46-f5b5-b0c6-18eb414a7c53,388158,176
2860334,2019-01-06T07:01:08.301Z,19010607,XBTUSD,Buy,100,3794,ZeroPlusTick,fcdb9271-4fd7-0cd2-1b1f-fc269355d933,388258,177
2860342,2019-01-06T07:01:08.301Z,19010607,XBTUSD,Buy,100,3794,ZeroPlusTick,d616eddd-1fb3-e773-f579-eff6c24b68f9,388358,178
2860366,2019-01-06T07:01:18.031Z,19010607,XBTUSD,Sell,78,3793.5,ZeroMinusTick,93e78625-c9ba-e4ec-6a94-ae7e6d90ff5a,388436,179
2860373,2019-01-06T07:01:22.464Z,19010607,XBTUSD,Sell,75,3793.5,ZeroMinusTick,667364e3-6b1e-a9c4-22e3-9639fa4e766d,388511,180
2860439,2019-01-06T07:01:47.709Z,19010607,XBTUSD,Sell,60,3793.5,MinusTick,3c2b0adf-5121-3c36-309b-6d7c26a84d77,388571,181
2860452,2019-01-06T07:01:58.431Z,19010607,XBTUSD,Sell,11495,3793.5,ZeroMinusTick,c67f2902-fb24-7df7-8853-7cd3a8547709,400066,182
2860463,2019-01-06T07:02:00.960Z,19010607,XBTUSD,Sell,2000,3793.5,ZeroMinusTick,94230989-d8a7-afc7-458d-14a4a931d8fc,402066,183
2860493,2019-01-06T07:02:08.266Z,19010607,XBTUSD,Sell,2000,3793.5,ZeroMinusTick,c30e95f4-1919-3424-deb1-4ca3445098ce,404066,184
2860834,2019-01-06T07:03:00.925Z,19010607,XBTUSD,Sell,500,3793.5,ZeroMinusTick,b5f7a2ee-c7f7-3d6e-381c-a20d8e65a2f5,404566,185
2860846,2019-01-06T07:03:00.925Z,19010607,XBTUSD,Sell,122,3793.5,ZeroMinusTick,ffd4f198-c061-e9bb-8046-d778d9222fea,404688,186
2860377,2019-01-06T07:01:31.430Z,19010607,XBTUSD,Buy,4000,3794,PlusTick,b3f074db-3b6c-5e9f-8c36-59b97a71676f,408688,187
2860459,2019-01-06T07:02:00.960Z,19010607,XBTUSD,Sell,8505,3793.5,ZeroMinusTick,a61a4063-76dd-b1c6-3180-954623b23233,417193,188
2860469,2019-01-06T07:02:00.960Z,19010607,XBTUSD,Sell,36286,3793.5,ZeroMinusTick,a6fdb788-dbb7-2711-1a9c-1e469f16fbab,453479,189
2860470,2019-01-06T07:02:02.877Z,19010607,XBTUSD,Buy,883,3794,PlusTick,9088115c-c33c-9773-7274-de8c50a042e8,454362,190
2860491,2019-01-06T07:02:06.015Z,19010607,XBTUSD,Sell,38,3793.5,ZeroMinusTick,16a27ace-c5d6-82c5-1428-cb963d39ad78,454400,191
2860610,2019-01-06T07:02:40.977Z,19010607,XBTUSD,Buy,7326,3794,ZeroPlusTick,852ab568-91da-374d-fdfe-a0d617192e33,461726,192
2860625,2019-01-06T07:02:43.782Z,19010607,XBTUSD,Sell,1,3793.5,MinusTick,1180b5c1-99e8-69cf-fca8-568fa2f6469f,461727,193
2860837,2019-01-06T07:03:00.925Z,19010607,XBTUSD,Sell,5000,3793.5,ZeroMinusTick,4af7a523-83bc-b8da-dbfe-934936baac58,466727,194
2860848,2019-01-06T07:03:00.925Z,19010607,XBTUSD,Sell,15,3793.5,ZeroMinusTick,86befc18-0a62-9224-7493-fa2d2de72b90,466742,195
2860861,2019-01-06T07:03:00.925Z,19010607,XBTUSD,Sell,225,3793.5,ZeroMinusTick,911f7b7f-c3ac-1290-9b57-4b7fe3f108b7,466967,196
2860442,2019-01-06T07:01:50.689Z,19010607,XBTUSD,Buy,60,3794,ZeroPlusTick,c4e754ff-d031-af22-a8b0-cf392e327839,467027,197
2860446,2019-01-06T07:01:54.188Z,19010607,XBTUSD,Buy,753,3794,ZeroPlusTick,043e2c6f-ceb3-877f-6895-157de2518d65,467780,198
2860464,2019-01-06T07:02:00.960Z,19010607,XBTUSD,Sell,5000,3793.5,ZeroMinusTick,9de12691-b37c-3777-e727-702770c43070,472780,199
2860634,2019-01-06T07:02:47.207Z,19010607,XBTUSD,Buy,188,3794,PlusTick,bda52436-cfab-3699-3578-b055c03d9d7b,472968,200
2860638,2019-01-06T07:02:47.851Z,19010607,XBTUSD,Buy,1,3794,ZeroPlusTick,33635e1b-fa2a-e449-5fe5-f49d7db3c232,472969,201
2860677,2019-01-06T07:02:50.666Z,19010607,XBTUSD,Sell,1000,3793.5,ZeroMinusTick,3bc1520b-cfa4-63dd-c24f-fd83e425a7ef,473969,202
2860835,2019-01-06T07:03:00.925Z,19010607,XBTUSD,Sell,100,3793.5,ZeroMinusTick,209822e7-e465-8177-0859-4b167c1e2d98,474069,203
2860844,2019-01-06T07:03:00.925Z,19010607,XBTUSD,Sell,1226,3793.5,ZeroMinusTick,864e8ab2-8150-3add-e183-80c16cd24bda,475295,204
2860860,2019-01-06T07:03:00.925Z,19010607,XBTUSD,Sell,5000,3793.5,ZeroMinusTick,a922d31d-5429-f42c-c5eb-e7c0e9961a28,480295,205
2860897,2019-01-06T07:03:04.356Z,19010607,XBTUSD,Sell,20000,3793.5,ZeroMinusTick,e1fecbdd-1836-7046-81bd-0d612b8d1146,500295,206
2860436,2019-01-06T07:01:45.410Z,19010607,XBTUSD,Sell,4,3793.5,ZeroMinusTick,a67a2e37-78de-78e2-2f77-5882ca55d875,500299,207
2860448,2019-01-06T07:01:54.188Z,19010607,XBTUSD,Buy,619,3794,ZeroPlusTick,d6b7abb5-cf12-1227-2ead-dd8c8ab7af2c,500918,208
2860450,2019-01-06T07:01:55.658Z,19010607,XBTUSD,Sell,1500,3793.5,MinusTick,6c438169-f8c1-e1e9-0480-ccb8864e9a0f,502418,209
2860451,2019-01-06T07:01:58.431Z,19010607,XBTUSD,Sell,8505,3793.5,ZeroMinusTick,63c4b775-7f81-7162-a067-c03291454808,510923,210
2860461,2019-01-06T07:02:00.960Z,19010607,XBTUSD,Sell,5000,3793.5,ZeroMinusTick,873f1708-78f8-b773-f286-9f6ade9b7d6c,515923,211
2860554,2019-01-06T07:02:34.316Z,19010607,XBTUSD,Sell,1000,3793.5,ZeroMinusTick,c019af25-49d1-f947-e263-63aa1b3c34bb,516923,212
2860576,2019-01-06T07:02:37.904Z,19010607,XBTUSD,Sell,276,3793.5,ZeroMinusTick,3757f433-145b-16dc-3406-54c244419a70,517199,213
2860676,2019-01-06T07:02:50.666Z,19010607,XBTUSD,Sell,10092,3793.5,ZeroMinusTick,4228fe5f-21bf-83c0-5ecb-e1dbde75e12b,527291,214
2860818,2019-01-06T07:02:59.801Z,19010607,XBTUSD,Sell,133,3793.5,ZeroMinusTick,8b605c5f-5370-0ee3-74e6-883619dbdd5d,527424,215
2860841,2019-01-06T07:03:00.925Z,19010607,XBTUSD,Sell,20,3793.5,ZeroMinusTick,94312a19-2a2b-c108-be06-5b353b1b4317,527444,216
2860851,2019-01-06T07:03:00.925Z,19010607,XBTUSD,Sell,4160,3793.5,ZeroMinusTick,749ce425-3db0-da54-08ec-ca82e722b774,531604,217
2860857,2019-01-06T07:03:00.925Z,19010607,XBTUSD,Sell,400,3793.5,ZeroMinusTick,10c0e7da-5499-6cc2-0017-c7f91d5a4bd0,532004,218
2860898,2019-01-06T07:03:04.356Z,19010607,XBTUSD,Sell,18,3793.5,ZeroMinusTick,7c13b883-8625-fead-3a63-7b876ee89923,532022,219
2860532,2019-01-06T07:02:30.481Z,19010607,XBTUSD,Buy,50,3794,PlusTick,d5aa222d-66db-93ef-cba2-c00cb29de5c1,532072,220
2860609,2019-01-06T07:02:40.977Z,19010607,XBTUSD,Buy,451,3794,PlusTick,76f9885b-4e60-0656-e4b0-18dcb3b95ef6,532523,221
2860702,2019-01-06T07:02:52.946Z,19010607,XBTUSD,Sell,6092,3793.5,ZeroMinusTick,26cdb321-9ab8-fcbb-7804-5eed346898a5,538615,222
2860838,2019-01-06T07:03:00.925Z,19010607,XBTUSD,Sell,20,3793.5,ZeroMinusTick,df3a0d48-d592-5a0f-bb30-8f14c48450e7,538635,223
2860850,2019-01-06T07:03:00.925Z,19010607,XBTUSD,Sell,300,3793.5,ZeroMinusTick,cda60d3c-b873-fa0b-50a7-6aabc8483bf5,538935,224
2860853,2019-01-06T07:03:00.925Z,19010607,XBTUSD,Sell,10,3793.5,ZeroMinusTick,446d938b-56e7-1b13-e2ec-cf542912ae43,538945,225
2860864,2019-01-06T07:03:00.925Z,19010607,XBTUSD,Sell,1172,3793.5,ZeroMinusTick,ddf6abf4-84c8-e8ba-0d05-2cb323597ba6,540117,226
2860894,2019-01-06T07:03:04.356Z,19010607,XBTUSD,Sell,10,3793.5,ZeroMinusTick,18117955-f4e9-843c-f1d8-5b4291f17689,540127,227
2860936,2019-01-06T07:03:06.738Z,19010607,XBTUSD,Sell,500,3793.5,ZeroMinusTick,0a1effea-3056-274f-4017-8febacdb4d3a,540627,228
2860973,2019-01-06T07:03:09.978Z,19010607,XBTUSD,Sell,200,3793.5,ZeroMinusTick,4608d489-5cbf-8150-05f7-a9e21ec4ba34,540827,229
2860982,2019-01-06T07:03:11.058Z,19010607,XBTUSD,Sell,506,3793.5,ZeroMinusTick,ded8dc8b-a985-dca2-6036-21dbb66267cc,541333,230
2860993,2019-01-06T07:03:11.058Z,19010607,XBTUSD,Sell,9603,3793.5,ZeroMinusTick,62f16a16-7b71-3dd8-bc5a-a90debe14c24,550936,231
2860999,2019-01-06T07:03:11.444Z,19010607,XBTUSD,Sell,500,3793.5,ZeroMinusTick,32d746b4-e628-d3ac-fbe6-3cf8abdb19f2,551436,232
2861010,2019-01-06T07:03:11.444Z,19010607,XBTUSD,Sell,500,3793.5,ZeroMinusTick,62983c59-e972-fd77-aac8-1bb9af50c25f,551936,233
2861018,2019-01-06T07:03:11.444Z,19010607,XBTUSD,Sell,15000,3793.5,ZeroMinusTick,a64c279c-e05e-e046-0dfb-f6691e1ce1fd,566936,234
2861032,2019-01-06T07:03:11.444Z,19010607,XBTUSD,Sell,500,3793,ZeroMinusTick,25684ba6-b9eb-4791-6a5c-ede3de1d281e,567436,235
2861053,2019-01-06T07:03:13.400Z,19010607,XBTUSD,Sell,100,3793,ZeroMinusTick,ffc7444b-676b-f457-1ef1-897ddfaacebe,567536,236
2860577,2019-01-06T07:02:38.218Z,19010607,XBTUSD,Sell,1100,3793.5,ZeroMinusTick,9c601d06-82ff-c41c-287f-d70fadf2697f,568636,237
2860845,2019-01-06T07:03:00.925Z,19010607,XBTUSD,Sell,300,3793.5,ZeroMinusTick,f86dea25-4b67-1ea8-a4e7-b1e99e576ec8,568936,238
2860854,2019-01-06T07:03:00.925Z,19010607,XBTUSD,Sell,15,3793.5,ZeroMinusTick,e02335d2-fd7a-ea2d-eaa6-8eebe7462497,568951,239
2860863,2019-01-06T07:03:00.925Z,19010607,XBTUSD,Sell,1,3793.5,ZeroMinusTick,a6fbcd9e-fa28-cd78-3e6f-a935a1c27656,568952,240
2860895,2019-01-06T07:03:04.356Z,19010607,XBTUSD,Sell,4,3793.5,ZeroMinusTick,e55ed4e6-e987-7e3a-e048-e45f542b83b5,568956,241
2860937,2019-01-06T07:03:06.738Z,19010607,XBTUSD,Sell,829,3793.5,ZeroMinusTick,22b476be-f5d2-499f-091c-61d0c172a361,569785,242
2860966,2019-01-06T07:03:09.978Z,19010607,XBTUSD,Sell,10,3793.5,ZeroMinusTick,60c0a91a-0183-b01b-266b-3a6adb036841,569795,243
2860987,2019-01-06T07:03:11.058Z,19010607,XBTUSD,Sell,1835,3793.5,ZeroMinusTick,73e9cc21-0aa8-0fc1-3e7f-37b287e57675,571630,244
2860998,2019-01-06T07:03:11.444Z,19010607,XBTUSD,Sell,1200,3793.5,ZeroMinusTick,55255c08-63e9-8d4f-300b-8cf51adf4ba3,572830,245
2861004,2019-01-06T07:03:11.444Z,19010607,XBTUSD,Sell,20,3793.5,ZeroMinusTick,eb435ae8-738c-e1f0-9768-5adfc31fcbc3,572850,246
2861016,2019-01-06T07:03:11.444Z,19010607,XBTUSD,Sell,300,3793.5,ZeroMinusTick,6945ef7d-b169-7c85-6080-e6c6077ba23f,573150,247
2861024,2019-01-06T07:03:11.444Z,19010607,XBTUSD,Sell,1001,3793,ZeroMinusTick,9dba5e55-f274-6f11-e1ea-afc66e0c9cf7,574151,248
2861056,2019-01-06T07:03:13.400Z,19010607,XBTUSD,Sell,50,3793,ZeroMinusTick,46119c88-b1af-e9d8-0e52-a054a1a8fc2f,574201,249
2861097,2019-01-06T07:03:15.661Z,19010607,XBTUSD,Sell,30,3793,ZeroMinusTick,151a8cd9-c2fe-7d25-c9af-fd2ac82aeb06,574231,250
2861130,2019-01-06T07:03:17.862Z,19010607,XBTUSD,Sell,7356,3793,ZeroMinusTick,d7eff5b1-10ef-332e-df56-4e0759610ef9,581587,251
2861146,2019-01-06T07:03:20.527Z,19010607,XBTUSD,Sell,10,3793,ZeroMinusTick,4983bea4-6941-74a2-df4a-823ea771f61e,581597,252
2860642,2019-01-06T07:02:48.243Z,19010607,XBTUSD,Sell,9,3793.5,MinusTick,62b0ba16-c901-a7f8-42b5-50f91db113ce,581606,253
2860840,2019-01-06T07:03:00.925Z,19010607,XBTUSD,Sell,33,3793.5,ZeroMinusTick,945fd49f-9e6f-f840-a02f-e17fa8c0ef27,581639,254
2860849,2019-01-06T07:03:00.925Z,19010607,XBTUSD,Sell,200,3793.5,ZeroMinusTick,8fb4926b-2ec6-3590-f7b3-6b329efd3c2f,581839,255
2860858,2019-01-06T07:03:00.925Z,19010607,XBTUSD,Sell,21,3793.5,ZeroMinusTick,611da92b-10cd-d16d-117d-5ab3a2f3dc6d,581860,256
2860969,2019-01-06T07:03:09.978Z,19010607,XBTUSD,Sell,50,3793.5,ZeroMinusTick,8f821a08-0102-8c80-2c0a-fe7d4d36b1d5,581910,257
2860980,2019-01-06T07:03:11.058Z,19010607,XBTUSD,Sell,7,3793.5,ZeroMinusTick,8aa71931-cb52-f039-748f-22dffda2a0c5,581917,258
2860996,2019-01-06T07:03:11.444Z,19010607,XBTUSD,Sell,8539,3793.5,ZeroMinusTick,b901513c-2458-4493-b963-eac805d80c5b,590456,259
2861007,2019-01-06T07:03:11.444Z,19010607,XBTUSD,Sell,10,3793.5,ZeroMinusTick,d6fdf362-5f0b-7b96-68cd-44209fa3c7d0,590466,260
2861014,2019-01-06T07:03:11.444Z,19010607,XBTUSD,Sell,300,3793.5,ZeroMinusTick,e71e01e9-b2dd-8b2b-1cfc-738fa3adbb9e,590766,261
2861026,2019-01-06T07:03:11.444Z,19010607,XBTUSD,Sell,500,3793,ZeroMinusTick,12c0fbeb-e403-0b2c-01c4-a1c56187e1b7,591266,262
2861087,2019-01-06T07:03:15.661Z,19010607,XBTUSD,Sell,11,3793,ZeroMinusTick,b563de25-a9b3-56a6-3276-a2aef8cc461e,591277,263
2861098,2019-01-06T07:03:15.661Z,19010607,XBTUSD,Sell,40000,3793,ZeroMinusTick,fc78cfc1-22e7-5202-daa7-f6809b4f3546,631277,264
2861102,2019-01-06T07:03:15.661Z,19010607,XBTUSD,Sell,18678,3793,ZeroMinusTick,cad0c140-3cb9-d38e-1884-1269600af388,649955,265
2861107,2019-01-06T07:03:16.107Z,19010607,XBTUSD,Sell,10000,3793,MinusTick,2388b77b-2a5d-c223-84be-5c10d6bae889,659955,266
2861120,2019-01-06T07:03:17.692Z,19010607,XBTUSD,Sell,5000,3793,ZeroMinusTick,3039dc9c-1531-1886-4524-54d80b411846,664955,267
2861129,2019-01-06T07:03:17.862Z,19010607,XBTUSD,Sell,149,3793,ZeroMinusTick,8fe2fb9a-2526-ebfa-ca47-cf719ab572ab,665104,268
2861183,2019-01-06T07:03:24.113Z,19010607,XBTUSD,Sell,40,3793,ZeroMinusTick,cec28e67-4f47-629d-3118-9ce7e608c317,665144,269
2861193,2019-01-06T07:03:24.113Z,19010607,XBTUSD,Sell,11,3792.5,ZeroMinusTick,834f28f7-c7ab-3958-062e-cdca0e35d9af,665155,270
2861204,2019-01-06T07:03:24.113Z,19010607,XBTUSD,Sell,11,3792.5,ZeroMinusTick,7503f051-0d1a-011f-03b3-a27517caef70,665166,271
2861235,2019-01-06T07:03:24.501Z,19010607,XBTUSD,Sell,11,3792.5,ZeroMinusTick,a8c55649-bbd4-749e-b9d2-f2663daaa4b2,665177,272
2861244,2019-01-06T07:03:24.501Z,19010607,XBTUSD,Sell,11,3792.5,ZeroMinusTick,224c03e4-094a-e6a5-b9ad-f5eb25f412f5,665188,273
2861263,2019-01-06T07:03:25.867Z,19010607,XBTUSD,Sell,320,3792.5,ZeroMinusTick,ad333675-238c-6eef-216b-3c56cda6aca5,665508,274
2861276,2019-01-06T07:03:26.189Z,19010607,XBTUSD,Sell,20,3792.5,ZeroMinusTick,8fe15bb2-4caa-1d89-b33d-81f1b66841eb,665528,275
2861286,2019-01-06T07:03:26.189Z,19010607,XBTUSD,Sell,5000,3792.5,ZeroMinusTick,3cb228d8-914e-ad80-4464-e490d4021af6,670528,276
2860715,2019-01-06T07:02:55.810Z,19010607,XBTUSD,Sell,400,3793.5,ZeroMinusTick,56e06056-edb3-ada5-ad45-ae747b45d318,670928,277
2860836,2019-01-06T07:03:00.925Z,19010607,XBTUSD,Sell,5000,3793.5,ZeroMinusTick,348708c7-9f80-1f78-d2d0-fd24f3d088bf,675928,278
2860843,2019-01-06T07:03:00.925Z,19010607,XBTUSD,Sell,30,3793.5,ZeroMinusTick,bdad8715-bd38-ebf6-c898-8782157ea804,675958,279
2860856,2019-01-06T07:03:00.925Z,19010607,XBTUSD,Sell,11,3793.5,ZeroMinusTick,cf41d21d-e755-b68d-4314-789088be2811,675969,280
2860899,2019-01-06T07:03:04.356Z,19010607,XBTUSD,Sell,3000,3793.5,ZeroMinusTick,a0d12ef6-d681-f2ec-7350-20da99b9c9fc,678969,281
2860946,2019-01-06T07:03:08.184Z,19010607,XBTUSD,Sell,5000,3793.5,ZeroMinusTick,7ade0073-b511-3f39-ab43-b62b4decf16d,683969,282
2860952,2019-01-06T07:03:08.846Z,19010607,XBTUSD,Sell,1000,3793.5,ZeroMinusTick,c061a2b9-f039-cc74-d9d5-6310b9397eaa,684969,283
2860970,2019-01-06T07:03:09.978Z,19010607,XBTUSD,Sell,4000,3793.5,ZeroMinusTick,db08ab7c-5ab5-aeca-8e4a-b1472f52ee69,688969,284
2860976,2019-01-06T07:03:10.935Z,19010607,XBTUSD,Sell,1000,3793.5,ZeroMinusTick,a847153f-4b8c-02b3-1e6d-67afe8733946,689969,285
2860978,2019-01-06T07:03:11.058Z,19010607,XBTUSD,Sell,468,3793.5,ZeroMinusTick,48fd61a0-55f9-e374-206e-93fb7b6e3a21,690437,286
2860988,2019-01-06T07:03:11.058Z,19010607,XBTUSD,Sell,1079,3793.5,ZeroMinusTick,22c7eef1-aac5-e05c-d177-59a09acde508,691516,287
2861003,2019-01-06T07:03:11.444Z,19010607,XBTUSD,Sell,33,3793.5,ZeroMinusTick,cff47515-945a-e9a2-7d09-abedf13d0807,691549,288
2861013,2019-01-06T07:03:11.444Z,19010607,XBTUSD,Sell,300,3793.5,ZeroMinusTick,5847afa8-5372-f4b7-887f-3b12e629f811,691849,289
2861020,2019-01-06T07:03:11.444Z,19010607,XBTUSD,Sell,22,3793.5,ZeroMinusTick,7b705a3e-8c0e-c93a-a5f2-9d4f8ef58e18,691871,290
2861029,2019-01-06T07:03:11.444Z,19010607,XBTUSD,Sell,100,3793,ZeroMinusTick,67168463-645a-4759-679d-42c603736ea3,691971,291
2861049,2019-01-06T07:03:13.058Z,19010607,XBTUSD,Sell,1805,3793,ZeroMinusTick,74aea32f-7070-815c-eaf2-c89b01043699,693776,292
2861054,2019-01-06T07:03:13.400Z,19010607,XBTUSD,Sell,100,3793,ZeroMinusTick,e9a14e69-be7d-a07c-d86b-075909e62cba,693876,293
2860712,2019-01-06T07:02:55.778Z,19010607,XBTUSD,Sell,530,3793.5,ZeroMinusTick,50f97dfc-6adc-55eb-9921-4ae45a921ac7,694406,294
2860833,2019-01-06T07:03:00.925Z,19010607,XBTUSD,Sell,5560,3793.5,ZeroMinusTick,6e203eaa-4f37-1c10-98eb-85bbb03ea3c2,699966,295
2860847,2019-01-06T07:03:00.925Z,19010607,XBTUSD,Sell,300,3793.5,ZeroMinusTick,2d4d71c1-a275-736b-d223-4a2fefbdf741,700266,296
2860855,2019-01-06T07:03:00.925Z,19010607,XBTUSD,Sell,28,3793.5,ZeroMinusTick,0880a4c2-f945-866a-fa16-c27e589da959,700294,297
2860893,2019-01-06T07:03:04.356Z,19010607,XBTUSD,Sell,3828,3793.5,ZeroMinusTick,2fe10ba8-a96d-53ac-a9b8-d6bcee08fb34,704122,298
2860965,2019-01-06T07:03:09.978Z,19010607,XBTUSD,Sell,117,3793.5,ZeroMinusTick,66614c43-5294-7ad3-60e0-0083bc864b32,704239,299
2860984,2019-01-06T07:03:11.058Z,19010607,XBTUSD,Sell,197,3793.5,ZeroMinusTick,336180f2-5f91-5dd8-6282-f0968db27d62,704436,300
2860992,2019-01-06T07:03:11.058Z,19010607,XBTUSD,Sell,15,3793.5,ZeroMinusTick,c5ce80a8-fcb0-804c-8a6f-8dbfbcc7fc0b,704451,301
2861001,2019-01-06T07:03:11.444Z,19010607,XBTUSD,Sell,152,3793.5,ZeroMinusTick,6b9a2ffc-f5ba-f764-f994-91e729d76dc3,704603,302
2861012,2019-01-06T07:03:11.444Z,19010607,XBTUSD,Sell,300,3793.5,ZeroMinusTick,a5c39242-5c84-0fea-7cba-b4951a53dc2a,704903,303
2861022,2019-01-06T07:03:11.444Z,19010607,XBTUSD,Sell,100,3793,MinusTick,8c9b6b81-4df3-4e80-c840-ffc85331f728,705003,304
2861028,2019-01-06T07:03:11.444Z,19010607,XBTUSD,Sell,500,3793,ZeroMinusTick,94494bc6-30b2-5c0d-35e3-98aa80afe17f,705503,305
2861045,2019-01-06T07:03:13.058Z,19010607,XBTUSD,Sell,10,3793,ZeroMinusTick,7682419b-154e-c04e-6548-54a40253e0d2,705513,306
2861057,2019-01-06T07:03:13.400Z,19010607,XBTUSD,Sell,8954,3793,ZeroMinusTick,d9ce199e-2028-5203-d082-d1d505cc9844,714467,307
2861085,2019-01-06T07:03:15.661Z,19010607,XBTUSD,Sell,5936,3793,ZeroMinusTick,c5bafb34-6b6a-f33f-bcb6-8e08fa9f5186,720403,308
2861090,2019-01-06T07:03:15.661Z,19010607,XBTUSD,Sell,11,3793,ZeroMinusTick,7fcbc183-2e7f-36b4-448a-78942ef0e0ca,720414,309
2861100,2019-01-06T07:03:15.661Z,19010607,XBTUSD,Sell,100,3793,ZeroMinusTick,02f0680e-92c6-20f8-8b3b-40cdfad337bb,720514,310
2861125,2019-01-06T07:03:17.862Z,19010607,XBTUSD,Sell,10,3793,ZeroMinusTick,86054253-126c-117c-24b3-f0a1eef06cb1,720524,311
2860842,2019-01-06T07:03:00.925Z,19010607,XBTUSD,Sell,15,3793.5,ZeroMinusTick,4aa69458-9a3a-d3a1-cc99-8241d8e79b59,720539,312
2860852,2019-01-06T07:03:00.925Z,19010607,XBTUSD,Sell,10,3793.5,ZeroMinusTick,0453d618-d612-9dd1-ad7d-67573c997d3f,720549,313
2860862,2019-01-06T07:03:00.925Z,19010607,XBTUSD,Sell,10,3793.5,ZeroMinusTick,ffc016da-1f4c-453a-b278-53318878ea0b,720559,314
2860900,2019-01-06T07:03:04.356Z,19010607,XBTUSD,Sell,2140,3793.5,ZeroMinusTick,e8eb7c39-795b-75e2-9bec-6ad28f6b386d,722699,315
2860933,2019-01-06T07:03:06.738Z,19010607,XBTUSD,Sell,2860,3793.5,ZeroMinusTick,ff4b2c3c-b49c-07ae-1f45-d072ba3e7b79,725559,316
2860968,2019-01-06T07:03:09.978Z,19010607,XBTUSD,Sell,5600,3793.5,ZeroMinusTick,e21d2ebb-0557-c627-c597-cd19766385fb,731159,317
2860985,2019-01-06T07:03:11.058Z,19010607,XBTUSD,Sell,91,3793.5,ZeroMinusTick,df7d6a0a-ba80-091d-b238-91fefb86d909,731250,318
2861002,2019-01-06T07:03:11.444Z,19010607,XBTUSD,Sell,30,3793.5,ZeroMinusTick,ba9b55fa-38c1-1aeb-45dc-e09aa1e87f0a,731280,319
2861009,2019-01-06T07:03:11.444Z,19010607,XBTUSD,Sell,500,3793.5,ZeroMinusTick,e69796df-ce8c-0b3e-187e-a3202c1edb35,731780,320
2861023,2019-01-06T07:03:11.444Z,19010607,XBTUSD,Sell,11,3793,ZeroMinusTick,bb2db12e-fc79-b5cd-4f13-934931c45551,731791,321
2861033,2019-01-06T07:03:11.444Z,19010607,XBTUSD,Sell,25825,3793,ZeroMinusTick,c222fb5e-d4f0-f635-cb43-7ab795f37aff,757616,322
2861046,2019-01-06T07:03:13.058Z,19010607,XBTUSD,Sell,1000,3793,ZeroMinusTick,829092da-6ccb-d63c-7041-12cfdf4ab330,758616,323
2861055,2019-01-06T07:03:13.400Z,19010607,XBTUSD,Sell,1,3793,ZeroMinusTick,6e76444e-8e55-e9c2-e7b0-b72daf89021e,758617,324
2861089,2019-01-06T07:03:15.661Z,19010607,XBTUSD,Sell,1000,3793,ZeroMinusTick,82b09d65-77f9-ec6b-aaaf-1e3da4a52f2e,759617,325
2861099,2019-01-06T07:03:15.661Z,19010607,XBTUSD,Sell,1045,3793,ZeroMinusTick,8a707ce4-fdfc-769e-f85b-49dffcd254fe,760662,326
2861128,2019-01-06T07:03:17.862Z,19010607,XBTUSD,Sell,500,3793,ZeroMinusTick,224135f6-3bd7-98f4-5376-3a5d0de7c466,761162,327
2861186,2019-01-06T07:03:24.113Z,19010607,XBTUSD,Sell,11,3792.5,ZeroMinusTick,e70d01b6-f787-1f6d-010b-6298a8dbc0dd,761173,328
2861196,2019-01-06T07:03:24.113Z,19010607,XBTUSD,Sell,10,3792.5,ZeroMinusTick,a40b7128-b3aa-976c-224d-bf908295980b,761183,329
2861206,2019-01-06T07:03:24.113Z,19010607,XBTUSD,Sell,11,3792.5,ZeroMinusTick,ad9a7601-d6df-d067-5ba1-2395ea8bea15,761194,330
2861234,2019-01-06T07:03:24.501Z,19010607,XBTUSD,Sell,11,3792.5,ZeroMinusTick,aa35aff1-4146-ecfd-0dc9-216e5b75c64a,761205,331
2861237,2019-01-06T07:03:24.501Z,19010607,XBTUSD,Sell,11,3792.5,ZeroMinusTick,db81032e-5aa8-14b4-ca5b-28365d19fd1b,761216,332
2861247,2019-01-06T07:03:24.501Z,19010607,XBTUSD,Sell,11,3792.5,ZeroMinusTick,565bab0c-9b26-9173-868b-9efd7a48fe26,761227,333
2861270,2019-01-06T07:03:26.012Z,19010607,XBTUSD,Sell,3800,3792.5,ZeroMinusTick,7863b265-38f3-93f6-d16c-a80b1d6a00d3,765027,334
2861280,2019-01-06T07:03:26.189Z,19010607,XBTUSD,Sell,134,3792.5,ZeroMinusTick,dd9ba1b9-e761-fd3c-ffec-7cbc93e44331,765161,335
2861288,2019-01-06T07:03:26.189Z,19010607,XBTUSD,Sell,50,3792.5,ZeroMinusTick,9aecc96a-7d37-71fd-0cc6-95bffd3a14f3,765211,336
2861337,2019-01-06T07:03:28.467Z,19010607,XBTUSD,Sell,14544,3792.5,ZeroMinusTick,6150432e-4bea-74fb-83cf-ac7c49eb6470,779755,337
2861349,2019-01-06T07:03:29.246Z,19010607,XBTUSD,Sell,40,3792.5,ZeroMinusTick,a10fb316-5b0f-9e3f-bbb2-9c04a700dfc7,779795,338
2861362,2019-01-06T07:03:29.693Z,19010607,XBTUSD,Sell,164,3792,ZeroMinusTick,95903d7a-5610-f48d-96c6-08be5c175bc1,779959,339
2861391,2019-01-06T07:03:31.460Z,19010607,XBTUSD,Sell,11,3792,ZeroMinusTick,67f54e8b-7e0d-c206-c7ee-2734e40bcf57,779970,340
2861401,2019-01-06T07:03:31.460Z,19010607,XBTUSD,Sell,11,3792,ZeroMinusTick,1214bf51-a964-c320-53b0-184e95e7539a,779981,341
2861407,2019-01-06T07:03:31.460Z,19010607,XBTUSD,Sell,11,3792,ZeroMinusTick,1c358942-4175-17de-e678-f72c14cc97de,779992,342
2860859,2019-01-06T07:03:00.925Z,19010607,XBTUSD,Sell,25,3793.5,ZeroMinusTick,f9906834-baa6-a13c-f11d-998b1b6ff473,780017,343
2860934,2019-01-06T07:03:06.738Z,19010607,XBTUSD,Sell,800,3793.5,ZeroMinusTick,1c893744-fa91-162f-c81f-81d698c678a5,780817,344
2860967,2019-01-06T07:03:09.978Z,19010607,XBTUSD,Sell,20,3793.5,ZeroMinusTick,de33948f-6fea-9948-eeaa-bf27c3be4be6,780837,345
2860983,2019-01-06T07:03:11.058Z,19010607,XBTUSD,Sell,76,3793.5,ZeroMinusTick,cfabdb41-cc65-21a6-f0c6-afd8f5e67dad,780913,346
2860990,2019-01-06T07:03:11.058Z,19010607,XBTUSD,Sell,489,3793.5,ZeroMinusTick,320b3e94-dd68-512f-2336-d94bbd99b246,781402,347
2860997,2019-01-06T07:03:11.444Z,19010607,XBTUSD,Sell,2500,3793.5,ZeroMinusTick,f3fa4289-4419-6e9f-2dc2-8b910003f23b,783902,348
2861008,2019-01-06T07:03:11.444Z,19010607,XBTUSD,Sell,300,3793.5,ZeroMinusTick,1ad4d2a3-1091-e7c6-41ef-28e127b29b49,784202,349
2861019,2019-01-06T07:03:11.444Z,19010607,XBTUSD,Sell,200,3793.5,ZeroMinusTick,54420eed-f9b9-f4a9-0746-cd7a44fff40d,784402,350
2861030,2019-01-06T07:03:11.444Z,19010607,XBTUSD,Sell,33,3793,ZeroMinusTick,2beef457-064f-45af-4a97-eae4d498d8e6,784435,351
2861037,2019-01-06T07:03:12.456Z,19010607,XBTUSD,Sell,15,3793,ZeroMinusTick,61a2fe77-4077-724b-99f0-725590265156,784450,352
2861044,2019-01-06T07:03:13.058Z,19010607,XBTUSD,Sell,3160,3793,ZeroMinusTick,d141b4f6-d9b9-c378-e37b-25c3fbfb4c1e,787610,353
2861096,2019-01-06T07:03:15.661Z,19010607,XBTUSD,Sell,1000,3793,ZeroMinusTick,2099415a-33a0-1a11-fe2b-94d6605f594c,788610,354
2861103,2019-01-06T07:03:15.661Z,19010607,XBTUSD,Sell,1000,3793,ZeroMinusTick,c83ea31e-405a-c244-3ec5-da6429b03324,789610,355
2861145,2019-01-06T07:03:20.527Z,19010607,XBTUSD,Sell,1183,3793,ZeroMinusTick,2e6a1a8b-f705-49f5-5a84-68f9c3f90556,790793,356
2861187,2019-01-06T07:03:24.113Z,19010607,XBTUSD,Sell,125,3792.5,ZeroMinusTick,8597b549-e4f3-5488-ddb8-08540c762f44,790918,357
2861195,2019-01-06T07:03:24.113Z,19010607,XBTUSD,Sell,11,3792.5,ZeroMinusTick,723f3e90-2539-4885-fd0a-e67bc2ac857c,790929,358
2861203,2019-01-06T07:03:24.113Z,19010607,XBTUSD,Sell,11,3792.5,ZeroMinusTick,cc5169ee-3299-5ee1-17a2-0ad6431b3be9,790940,359
2861212,2019-01-06T07:03:24.113Z,19010607,XBTUSD,Sell,11,3792.5,ZeroMinusTick,6be89d3c-c728-fb85-0668-244613315850,790951,360
2861231,2019-01-06T07:03:24.501Z,19010607,XBTUSD,Sell,11,3792.5,ZeroMinusTick,c182717c-b8c7-4bce-69dd-f512aa1ddc0a,790962,361
2861241,2019-01-06T07:03:24.501Z,19010607,XBTUSD,Sell,11,3792.5,ZeroMinusTick,fecd6901-f7fa-4729-c32f-ebdede83abb5,790973,362
2861277,2019-01-06T07:03:26.189Z,19010607,XBTUSD,Sell,40,3792.5,ZeroMinusTick,d28de495-62da-393f-9331-ef52ebebb197,791013,363
2861287,2019-01-06T07:03:26.189Z,19010607,XBTUSD,Sell,1000,3792.5,ZeroMinusTick,caf565e2-e60b-4036-62df-f6bfe49d803a,792013,364
2861327,2019-01-06T07:03:28.222Z,19010607,XBTUSD,Sell,100,3792.5,ZeroMinusTick,a0c6b853-79d6-afe9-5d52-0078f865d2bb,792113,365
2861335,2019-01-06T07:03:28.467Z,19010607,XBTUSD,Sell,30,3792.5,ZeroMinusTick,57dbd99c-4257-039c-de8c-b50557d13f7f,792143,366
2861342,2019-01-06T07:03:29.246Z,19010607,XBTUSD,Sell,50,3792.5,ZeroMinusTick,0b3d7db8-bf35-eb76-7416-755e03cb12d1,792193,367
2861358,2019-01-06T07:03:29.693Z,19010607,XBTUSD,Sell,28,3792,ZeroMinusTick,265881f1-df1d-9ef3-e667-095414641e11,792221,368
2861369,2019-01-06T07:03:30.665Z,19010607,XBTUSD,Buy,30,3792.5,ZeroPlusTick,d2d69366-b5bc-4ed3-90b1-dac4d4109cd4,792251,369
2861370,2019-01-06T07:03:30.690Z,19010607,XBTUSD,Buy,100,3792.5,ZeroPlusTick,b13324c1-5bc5-0fa6-a29c-1af9d4745629,792351,370
2861400,2019-01-06T07:03:31.460Z,19010607,XBTUSD,Sell,11,3792,ZeroMinusTick,5a25483f-0b8b-5eda-b27f-4094d0b96e49,792362,371
2861403,2019-01-06T07:03:31.460Z,19010607,XBTUSD,Sell,11,3792,ZeroMinusTick,40e65a2a-ccac-4f4c-fd06-4bd4868cce6d,792373,372
2861422,2019-01-06T07:03:32.049Z,19010607,XBTUSD,Sell,1000,3792,ZeroMinusTick,e7fc4370-fe38-2236-d688-469387563fe6,793373,373
2861426,2019-01-06T07:03:32.049Z,19010607,XBTUSD,Sell,100,3792,ZeroMinusTick,dcc9a7ce-437d-312e-61ae-acf6b7269a06,793473,374
2861439,2019-01-06T07:03:32.049Z,19010607,XBTUSD,Sell,500,3792,ZeroMinusTick,aebb3b3c-ee3c-580d-ec51-121b7c32e941,793973,375
2860896,2019-01-06T07:03:04.356Z,19010607,XBTUSD,Sell,1000,3793.5,ZeroMinusTick,4496d258-2699-86f4-2569-10dda0237f35,794973,376
2860935,2019-01-06T07:03:06.738Z,19010607,XBTUSD,Sell,11,3793.5,ZeroMinusTick,3aa838d7-aba4-4f23-a465-cf647ac8d2dc,794984,377
2860964,2019-01-06T07:03:09.978Z,19010607,XBTUSD,Sell,3171,3793.5,ZeroMinusTick,ee39dee9-c456-11cc-29c5-e5c6a4ea0ad7,798155,378
2860974,2019-01-06T07:03:09.978Z,19010607,XBTUSD,Sell,532,3793.5,ZeroMinusTick,38c126c0-5de7-544d-21f0-d863db4f379f,798687,379
2860981,2019-01-06T07:03:11.058Z,19010607,XBTUSD,Sell,163,3793.5,ZeroMinusTick,76447e8c-a4d5-29ef-0dae-1177bd2ce2ec,798850,380
2860989,2019-01-06T07:03:11.058Z,19010607,XBTUSD,Sell,148,3793.5,ZeroMinusTick,087d61d0-f87a-cd0c-d75f-a105f6de42e6,798998,381
2861000,2019-01-06T07:03:11.444Z,19010607,XBTUSD,Sell,50,3793.5,ZeroMinusTick,e0a648e8-55a2-194e-6526-499b26caffec,799048,382
2861011,2019-01-06T07:03:11.444Z,19010607,XBTUSD,Sell,200,3793.5,ZeroMinusTick,cd47fdce-3994-c96b-88fb-34ba35f321dc,799248,383
2861021,2019-01-06T07:03:11.444Z,19010607,XBTUSD,Sell,36,3793.5,ZeroMinusTick,04d3271f-b14c-d9c4-4597-93dea0385569,799284,384
2861031,2019-01-06T07:03:11.444Z,19010607,XBTUSD,Sell,10000,3793,ZeroMinusTick,cde3b9af-0968-19a5-6137-612ae3f0eb4e,809284,385
2861047,2019-01-06T07:03:13.058Z,19010607,XBTUSD,Sell,4000,3793,ZeroMinusTick,a9713a1e-60cf-4321-372d-886525648b37,813284,386
2861095,2019-01-06T07:03:15.661Z,19010607,XBTUSD,Sell,10,3793,ZeroMinusTick,38ffcda1-a218-9bdd-b944-d86f94169adc,813294,387
2861150,2019-01-06T07:03:20.527Z,19010607,XBTUSD,Sell,777,3793,ZeroMinusTick,1abf5815-43dd-038b-6cab-45c08556b7fa,814071,388
2861164,2019-01-06T07:03:22.354Z,19010607,XBTUSD,Sell,380,3793,ZeroMinusTick,bf1d4ca7-03a4-79a2-1b1b-00127c07a7bd,814451,389
2861180,2019-01-06T07:03:24.113Z,19010607,XBTUSD,Sell,20,3793,ZeroMinusTick,5362825b-16af-f816-e1d5-571f668ca4d7,814471,390
2861190,2019-01-06T07:03:24.113Z,19010607,XBTUSD,Sell,11,3792.5,ZeroMinusTick,6ad9dbee-991c-002f-8701-bdcd0b6c08cd,814482,391
2861200,2019-01-06T07:03:24.113Z,19010607,XBTUSD,Sell,11,3792.5,ZeroMinusTick,30de4aef-1c9a-b6d4-c60d-a125349c0777,814493,392
2861210,2019-01-06T07:03:24.113Z,19010607,XBTUSD,Sell,11,3792.5,ZeroMinusTick,269cc9bc-f345-10fe-d378-0e9f26870fac,814504,393
2861233,2019-01-06T07:03:24.501Z,19010607,XBTUSD,Sell,11,3792.5,ZeroMinusTick,3dc42291-671c-b0b9-1640-0e7bad127dc1,814515,394
2861240,2019-01-06T07:03:24.501Z,19010607,XBTUSD,Sell,11,3792.5,ZeroMinusTick,15f27336-87a0-c163-ad56-e098279025ec,814526,395
2861251,2019-01-06T07:03:24.501Z,19010607,XBTUSD,Sell,100,3792.5,ZeroMinusTick,df7b60a9-0ee9-43bf-65ca-0682921d5a20,814626,396
2861253,2019-01-06T07:03:24.834Z,19010607,XBTUSD,Sell,6800,3792.5,ZeroMinusTick,0a3c2f1e-908c-a5e1-7d5d-b36dab8bb42d,821426,397
2861254,2019-01-06T07:03:25.694Z,19010607,XBTUSD,Sell,100,3792.5,ZeroMinusTick,b885a98c-7221-dcea-5ac4-94634f01309c,821526,398
2861271,2019-01-06T07:03:26.019Z,19010607,XBTUSD,Sell,10000,3792.5,ZeroMinusTick,a25d73db-2bb0-88db-27e9-920692b6b94d,831526,399
2861275,2019-01-06T07:03:26.189Z,19010607,XBTUSD,Sell,62027,3792.5,ZeroMinusTick,d6291f82-b6db-0d50-5d78-bc6e68474458,893553,400
2861285,2019-01-06T07:03:26.189Z,19010607,XBTUSD,Sell,5800,3792.5,ZeroMinusTick,811e9515-ef04-4dfc-11ed-c1d7aabc7b9c,899353,401
2861329,2019-01-06T07:03:28.467Z,19010607,XBTUSD,Sell,436,3792.5,ZeroMinusTick,c6232be8-728c-fc9d-7319-530f838c2a52,899789,402
2861333,2019-01-06T07:03:28.467Z,19010607,XBTUSD,Sell,100,3792.5,ZeroMinusTick,4e9784c5-3ca5-43ac-4e34-e6c6c2d98255,899889,403
2861341,2019-01-06T07:03:29.246Z,19010607,XBTUSD,Sell,35456,3792.5,ZeroMinusTick,d55f82ec-0f5b-3487-02a9-be39a27533db,935345,404
2861348,2019-01-06T07:03:29.246Z,19010607,XBTUSD,Sell,500,3792.5,ZeroMinusTick,ba3f7a96-22f8-71e0-20e8-3bf3268ece71,935845,405
2861357,2019-01-06T07:03:29.693Z,19010607,XBTUSD,Sell,11,3792,MinusTick,52b233ca-ab25-e225-6ab8-c21b78a7f197,935856,406
2860972,2019-01-06T07:03:09.978Z,19010607,XBTUSD,Sell,4700,3793.5,ZeroMinusTick,b748ae1f-50c6-8ff5-f8ec-8539f71312f2,940556,407
2860979,2019-01-06T07:03:11.058Z,19010607,XBTUSD,Sell,57,3793.5,ZeroMinusTick,af46b4ce-080f-921a-eaf5-7c7a40d9d90b,940613,408
2860994,2019-01-06T07:03:11.444Z,19010607,XBTUSD,Sell,40397,3793.5,ZeroMinusTick,304369b6-8e3c-615b-d4d2-af71e1ea5344,981010,409
2861005,2019-01-06T07:03:11.444Z,19010607,XBTUSD,Sell,100,3793.5,ZeroMinusTick,aa5b41fc-d929-1b75-fd82-5fc68e28060f,981110,410
2861017,2019-01-06T07:03:11.444Z,19010607,XBTUSD,Sell,300,3793.5,ZeroMinusTick,727fa5a9-6a21-9288-2190-94837d19be84,981410,411
2861027,2019-01-06T07:03:11.444Z,19010607,XBTUSD,Sell,1000,3793,ZeroMinusTick,250ac46a-bf6e-1e72-79d8-88ea3ada27f2,982410,412
2861036,2019-01-06T07:03:12.059Z,19010607,XBTUSD,Sell,1000,3793,ZeroMinusTick,1515d23a-0897-25a2-4a68-5b729bfcca72,983410,413
2861092,2019-01-06T07:03:15.661Z,19010607,XBTUSD,Sell,30,3793,ZeroMinusTick,699917ba-86e2-36a3-0298-1fbad74ac822,983440,414
2861104,2019-01-06T07:03:15.724Z,19010607,XBTUSD,Buy,1,3793.5,PlusTick,fd030e3e-bc7c-9b71-d863-94ebc265c91f,983441,415
2861124,2019-01-06T07:03:17.862Z,19010607,XBTUSD,Sell,11322,3793,ZeroMinusTick,3419a79f-cf27-159e-9c11-ac00af33b95f,994763,416
2861152,2019-01-06T07:03:21.227Z,19010607,XBTUSD,Sell,348,3793,ZeroMinusTick,320bd26c-9a2f-7ed2-33ff-107302bf4da8,995111,417
2861176,2019-01-06T07:03:23.263Z,19010607,XBTUSD,Sell,100,3793,ZeroMinusTick,ba9ba1d4-2e91-cdf2-251d-065e70616d79,995211,418
2861188,2019-01-06T07:03:24.113Z,19010607,XBTUSD,Sell,11,3792.5,ZeroMinusTick,865eae96-4c4e-d4d3-b659-f37661e229f1,995222,419
2861198,2019-01-06T07:03:24.113Z,19010607,XBTUSD,Sell,11,3792.5,ZeroMinusTick,846c528a-230d-49ec-beca-f747fb5299f9,995233,420
2861202,2019-01-06T07:03:24.113Z,19010607,XBTUSD,Sell,11,3792.5,ZeroMinusTick,9d9f1e05-5900-de2d-a79d-f1b248eeb80e,995244,421
2861213,2019-01-06T07:03:24.113Z,19010607,XBTUSD,Sell,11,3792.5,ZeroMinusTick,82a4a99b-1a02-a315-4ff1-aae74303eeb0,995255,422
2861232,2019-01-06T07:03:24.501Z,19010607,XBTUSD,Sell,11,3792.5,ZeroMinusTick,f0fdee3e-2503-beb5-4f5f-6d8e8d633a21,995266,423
2861239,2019-01-06T07:03:24.501Z,19010607,XBTUSD,Sell,11,3792.5,ZeroMinusTick,547475ee-8884-7fb7-73ba-9a3956daada7,995277,424
2861252,2019-01-06T07:03:24.501Z,19010607,XBTUSD,Sell,131,3792.5,ZeroMinusTick,3761432e-4f73-bbbb-63bd-cb499b6029de,995408,425
2861262,2019-01-06T07:03:25.828Z,19010607,XBTUSD,Sell,1000,3792.5,ZeroMinusTick,ffd1bf3c-f48a-289d-ed5d-ac173a4e33ce,996408,426
2861272,2019-01-06T07:03:26.064Z,19010607,XBTUSD,Sell,15473,3792.5,ZeroMinusTick,5dfee0ff-cc14-555d-9d8d-34a8c634fa71,1011881,427
2861278,2019-01-06T07:03:26.189Z,19010607,XBTUSD,Sell,12,3792.5,ZeroMinusTick,0d0961f6-dca2-5af3-3c0f-e5fa7b573341,1011893,428
2861344,2019-01-06T07:03:29.246Z,19010607,XBTUSD,Sell,270,3792.5,ZeroMinusTick,740f3de7-9aa5-785e-5ee0-a9c1dbfe9bb3,1012163,429
2861372,2019-01-06T07:03:30.723Z,19010607,XBTUSD,Buy,20,3792.5,ZeroPlusTick,734ba08a-0a29-fb35-d9a3-26a215950900,1012183,430
2861389,2019-01-06T07:03:31.460Z,19010607,XBTUSD,Sell,9493,3792,ZeroMinusTick,337353ed-7a08-c55c-c421-ad6294274afd,1021676,431
2861398,2019-01-06T07:03:31.460Z,19010607,XBTUSD,Sell,11,3792,ZeroMinusTick,f3dae2d0-15eb-9538-b270-f27a31242dad,1021687,432
2861409,2019-01-06T07:03:31.460Z,19010607,XBTUSD,Sell,30,3792,ZeroMinusTick,5b2794c4-7460-8b3e-0fe7-e7452d6907bf,1021717,433
2861414,2019-01-06T07:03:32.049Z,19010607,XBTUSD,Sell,500,3792,ZeroMinusTick,e569f452-7bc9-eb97-85b5-2eaee64e90a6,1022217,434
2861428,2019-01-06T07:03:32.049Z,19010607,XBTUSD,Sell,700,3792,ZeroMinusTick,c327354d-ddfb-e2b5-fb2d-3fe59d4570dd,1022917,435
2861435,2019-01-06T07:03:32.049Z,19010607,XBTUSD,Sell,94,3792,ZeroMinusTick,22111c92-5fc9-c421-64ec-d06b8e6e5c4b,1023011,436
2861449,2019-01-06T07:03:32.049Z,19010607,XBTUSD,Sell,1000,3792,ZeroMinusTick,cda13aaf-cfa9-3eef-20d7-4663a328ab9e,1024011,437
2860971,2019-01-06T07:03:09.978Z,19010607,XBTUSD,Sell,2000,3793.5,ZeroMinusTick,2a9d0f7b-b2af-e824-cabe-93e8610b1c29,1026011,438
2860986,2019-01-06T07:03:11.058Z,19010607,XBTUSD,Sell,191,3793.5,ZeroMinusTick,02e09ba9-b2b1-21c6-2671-3533aef08140,1026202,439
2860991,2019-01-06T07:03:11.058Z,19010607,XBTUSD,Sell,75,3793.5,ZeroMinusTick,eec7cb49-99b8-249c-b9bc-647483c21855,1026277,440
2860995,2019-01-06T07:03:11.444Z,19010607,XBTUSD,Sell,5000,3793.5,ZeroMinusTick,37262cf6-b33b-96de-6fa4-633615cd2b7c,1031277,441
2861006,2019-01-06T07:03:11.444Z,19010607,XBTUSD,Sell,613,3793.5,ZeroMinusTick,5aa45df9-4303-9e9f-1484-78e425bf428f,1031890,442
2861015,2019-01-06T07:03:11.444Z,19010607,XBTUSD,Sell,3000,3793.5,ZeroMinusTick,2e1a9e9b-11f2-580d-8052-e1507c0ad0c3,1034890,443
2861025,2019-01-06T07:03:11.444Z,19010607,XBTUSD,Sell,28,3793,ZeroMinusTick,e3360fbf-5a3c-d458-3387-bb1a8342cf58,1034918,444
2861048,2019-01-06T07:03:13.058Z,19010607,XBTUSD,Sell,25,3793,ZeroMinusTick,fb754931-f19b-4666-b7c1-836e04be6c3d,1034943,445
2861052,2019-01-06T07:03:13.400Z,19010607,XBTUSD,Sell,11195,3793,ZeroMinusTick,d93407a0-cb02-99b9-f46f-068a04b52865,1046138,446
2861088,2019-01-06T07:03:15.661Z,19010607,XBTUSD,Sell,11,3793,ZeroMinusTick,f6fd392d-2bd9-75ad-30e5-7f0ea5faf0c3,1046149,447
2861091,2019-01-06T07:03:15.661Z,19010607,XBTUSD,Sell,270,3793,ZeroMinusTick,59c8a089-c733-11e5-37cf-9bd168d9caa9,1046419,448
2861126,2019-01-06T07:03:17.862Z,19010607,XBTUSD,Sell,613,3793,ZeroMinusTick,12929ea1-92b4-22ab-be81-1dacf8b06e48,1047032,449
2861148,2019-01-06T07:03:20.527Z,19010607,XBTUSD,Sell,500,3793,ZeroMinusTick,7345b3e0-dc58-ee68-d3ff-5f6857bc287a,1047532,450
2861182,2019-01-06T07:03:24.113Z,19010607,XBTUSD,Sell,120,3793,ZeroMinusTick,f354ede9-5e34-9192-b528-6e31f244cc78,1047652,451
2861192,2019-01-06T07:03:24.113Z,19010607,XBTUSD,Sell,11,3792.5,ZeroMinusTick,5cca5e8e-3b98-6e69-04ec-6d6e0f032ed6,1047663,452
2861209,2019-01-06T07:03:24.113Z,19010607,XBTUSD,Sell,11,3792.5,ZeroMinusTick,393994a8-75af-a5cc-47e2-c51e60503ee2,1047674,453
2861226,2019-01-06T07:03:24.501Z,19010607,XBTUSD,Sell,346,3792.5,ZeroMinusTick,802ab753-527a-16d0-4cb1-3fe858513827,1048020,454
2861236,2019-01-06T07:03:24.501Z,19010607,XBTUSD,Sell,11,3792.5,ZeroMinusTick,f01a56bf-c239-0b3f-0620-7277bdb55241,1048031,455
2861246,2019-01-06T07:03:24.501Z,19010607,XBTUSD,Sell,11,3792.5,ZeroMinusTick,3745a6c5-93e4-58e5-f2b2-96006756e61e,1048042,456
2861249,2019-01-06T07:03:24.501Z,19010607,XBTUSD,Sell,34,3792.5,ZeroMinusTick,e3750dee-8f03-ab65-1157-6c694adca636,1048076,457
2861279,2019-01-06T07:03:26.189Z,19010607,XBTUSD,Sell,3,3792.5,ZeroMinusTick,9ffc73fb-b683-f2f6-4232-19f7cde48ef4,1048079,458
2861347,2019-01-06T07:03:29.246Z,19010607,XBTUSD,Sell,225,3792.5,ZeroMinusTick,e37ac0d9-0aaf-b2b7-e090-d7f213b6cef1,1048304,459
2861359,2019-01-06T07:03:29.693Z,19010607,XBTUSD,Sell,125,3792,ZeroMinusTick,c9dab614-4c70-4ee8-d71b-ac33089c9774,1048429,460
2861397,2019-01-06T07:03:31.460Z,19010607,XBTUSD,Sell,11,3792,ZeroMinusTick,65fef7e5-a233-79cc-7fb4-5a6fde2f42bf,1048440,461
2861410,2019-01-06T07:03:31.460Z,19010607,XBTUSD,Sell,268,3792,ZeroMinusTick,866b4d71-c35a-5734-78cc-99a76dce47eb,1048708,462
2861417,2019-01-06T07:03:32.049Z,19010607,XBTUSD,Sell,1150,3792,ZeroMinusTick,02962258-287c-4e8d-b3e5-b50609dcf3df,1049858,463
2861427,2019-01-06T07:03:32.049Z,19010607,XBTUSD,Sell,10,3792,ZeroMinusTick,155350e0-32bf-8904-7182-ba6ad3ddd968,1049868,464
2861440,2019-01-06T07:03:32.049Z,19010607,XBTUSD,Sell,35,3792,ZeroMinusTick,40c5d627-dd31-f4db-3d39-8c8dc29e7f4a,1049903,465
2861452,2019-01-06T07:03:32.049Z,19010607,XBTUSD,Sell,1430,3792,ZeroMinusTick,98509526-e1cc-82f1-72a2-1544e527d944,1051333,466
2861093,2019-01-06T07:03:15.661Z,19010607,XBTUSD,Sell,30,3793,ZeroMinusTick,f056062d-8edf-15eb-40c8-025566516e82,1051363,467
2861127,2019-01-06T07:03:17.862Z,19010607,XBTUSD,Sell,50,3793,ZeroMinusTick,938fa5e0-1c52-c257-2f78-4b9d3d7f44e5,1051413,468
2861147,2019-01-06T07:03:20.527Z,19010607,XBTUSD,Sell,30,3793,ZeroMinusTick,c0422936-377b-4858-859d-15d467b969fe,1051443,469
2861149,2019-01-06T07:03:20.527Z,19010607,XBTUSD,Sell,500,3793,ZeroMinusTick,73eb48d5-aa39-703f-cbc1-407d46210983,1051943,470
2861181,2019-01-06T07:03:24.113Z,19010607,XBTUSD,Sell,10,3793,ZeroMinusTick,9efef1c3-efeb-7d67-9e5a-cd302dc6768e,1051953,471
2861197,2019-01-06T07:03:24.113Z,19010607,XBTUSD,Sell,11,3792.5,ZeroMinusTick,cf59ff92-c0d3-21c1-aac4-7419482b861d,1051964,472
2861207,2019-01-06T07:03:24.113Z,19010607,XBTUSD,Sell,1,3792.5,ZeroMinusTick,71e11bf1-bd7f-6f20-fbd6-894585f37da7,1051965,473
2861230,2019-01-06T07:03:24.501Z,19010607,XBTUSD,Sell,11,3792.5,ZeroMinusTick,606854ea-01e2-6187-fa02-f89a3388165c,1051976,474
2861238,2019-01-06T07:03:24.501Z,19010607,XBTUSD,Sell,11,3792.5,ZeroMinusTick,467452e9-d780-6be2-1f2d-809113b7392d,1051987,475
2861269,2019-01-06T07:03:25.952Z,19010607,XBTUSD,Sell,349,3792.5,ZeroMinusTick,9da194df-1b7e-8e52-d3f6-5d3a92f6b76e,1052336,476
2861281,2019-01-06T07:03:26.189Z,19010607,XBTUSD,Sell,150,3792.5,ZeroMinusTick,07e1ce4e-f77a-484e-fe34-fcc7262584f2,1052486,477
2861326,2019-01-06T07:03:28.222Z,19010607,XBTUSD,Sell,156,3792.5,ZeroMinusTick,d40c3bf7-d008-d2a0-86a4-98a14b101022,1052642,478
2861334,2019-01-06T07:03:28.467Z,19010607,XBTUSD,Sell,30,3792.5,ZeroMinusTick,fd2685a2-df98-c9a8-65ca-1ea68c078461,1052672,479
2861343,2019-01-06T07:03:29.246Z,19010607,XBTUSD,Sell,10,3792.5,ZeroMinusTick,1a49aa15-e22b-aaf8-b496-f2a94d5c8760,1052682,480
2861394,2019-01-06T07:03:31.460Z,19010607,XBTUSD,Sell,11,3792,ZeroMinusTick,5ac31953-fdab-098a-b722-91dc6d125655,1052693,481
2861404,2019-01-06T07:03:31.460Z,19010607,XBTUSD,Sell,12,3792,ZeroMinusTick,cb8f3f61-0898-c890-fed9-e31821bdc736,1052705,482
2861415,2019-01-06T07:03:32.049Z,19010607,XBTUSD,Sell,500,3792,ZeroMinusTick,bbbd51b3-1b82-2e7a-8c3e-05627cf7f948,1053205,483
2861432,2019-01-06T07:03:32.049Z,19010607,XBTUSD,Sell,100,3792,ZeroMinusTick,137d9367-2e4e-9794-ba24-5c1c996b8eb5,1053305,484
2861442,2019-01-06T07:03:32.049Z,19010607,XBTUSD,Sell,25,3792,ZeroMinusTick,43ac2dbf-022f-2f32-f06b-1f71e96706f2,1053330,485
2861612,2019-01-06T07:03:40.603Z,19010607,XBTUSD,Sell,20,3792,ZeroMinusTick,92b89de5-0daf-bef3-c174-745a647213e3,1053350,486
2861627,2019-01-06T07:03:42.132Z,19010607,XBTUSD,Sell,15,3792,ZeroMinusTick,5f4e8c75-fab2-cc0a-a65f-fb6f08790a24,1053365,487
2861664,2019-01-06T07:03:46.350Z,19010607,XBTUSD,Sell,10,3792,ZeroMinusTick,e5fa91b3-a82d-f393-6979-f6c35ab35b13,1053375,488
2861086,2019-01-06T07:03:15.661Z,19010607,XBTUSD,Sell,2708,3793,ZeroMinusTick,508c0cac-f0e4-b09c-8951-3da5b12f686e,1056083,489
2861094,2019-01-06T07:03:15.661Z,19010607,XBTUSD,Sell,100,3793,ZeroMinusTick,e08a128f-5bbc-f517-94e4-32f4fb190556,1056183,490
2861101,2019-01-06T07:03:15.661Z,19010607,XBTUSD,Sell,30,3793,ZeroMinusTick,7aaa572d-58dc-4bf2-521a-56aa25e2f3c5,1056213,491
2861108,2019-01-06T07:03:16.255Z,19010607,XBTUSD,Sell,5000,3793,ZeroMinusTick,fda0512a-fba0-870a-a71c-3e5967ca5e80,1061213,492
2861178,2019-01-06T07:03:24.113Z,19010607,XBTUSD,Sell,20,3793,ZeroMinusTick,35e62b44-1f72-3554-ea62-318078049953,1061233,493
2861184,2019-01-06T07:03:24.113Z,19010607,XBTUSD,Sell,31,3793,ZeroMinusTick,85b2a2f1-012a-d948-5897-4f7909677f5a,1061264,494
2861194,2019-01-06T07:03:24.113Z,19010607,XBTUSD,Sell,11,3792.5,ZeroMinusTick,047567a2-d2b7-71ef-c3fd-f5206cd18fdb,1061275,495
2861205,2019-01-06T07:03:24.113Z,19010607,XBTUSD,Sell,1000,3792.5,ZeroMinusTick,5aa26204-a18f-e72b-e714-38f4a3d9bbc3,1062275,496
2861229,2019-01-06T07:03:24.501Z,19010607,XBTUSD,Sell,11,3792.5,ZeroMinusTick,99bd375a-1756-3871-4365-dc22950e1a4c,1062286,497
2861243,2019-01-06T07:03:24.501Z,19010607,XBTUSD,Sell,11,3792.5,ZeroMinusTick,7879fcff-63d8-94e6-4cd2-1a632ebbbcc7,1062297,498
2861250,2019-01-06T07:03:24.501Z,19010607,XBTUSD,Sell,58,3792.5,ZeroMinusTick,092b8e05-5125-1246-22db-84e0dfd0aa7d,1062355,499
2861282,2019-01-06T07:03:26.189Z,19010607,XBTUSD,Sell,10,3792.5,ZeroMinusTick,6e0ef328-94a0-7904-36aa-bbfcfa2038db,1062365,500
2861289,2019-01-06T07:03:26.189Z,19010607,XBTUSD,Sell,744,3792.5,ZeroMinusTick,75d3465f-c322-d5fc-0469-1bb9ccf2b2aa,1063109,501
2861291,2019-01-06T07:03:26.306Z,19010607,XBTUSD,Sell,6800,3792.5,ZeroMinusTick,eb5aa732-7cbe-fcb6-b887-eee9d1edd639,1069909,502
2861328,2019-01-06T07:03:28.222Z,19010607,XBTUSD,Sell,64,3792.5,ZeroMinusTick,1fc4d36c-b1df-7ebc-2d83-116d80894db6,1069973,503
2861336,2019-01-06T07:03:28.467Z,19010607,XBTUSD,Sell,234,3792.5,ZeroMinusTick,e05b0fa4-7f2f-ee01-ecaa-2a07cbfe5191,1070207,504
2861346,2019-01-06T07:03:29.246Z,19010607,XBTUSD,Sell,120,3792.5,ZeroMinusTick,638afbef-bd80-66e7-120f-35d0fcc445b8,1070327,505
2861360,2019-01-06T07:03:29.693Z,19010607,XBTUSD,Sell,11,3792,ZeroMinusTick,25fa15df-6a74-6191-d4a1-a0ae39aaa2f1,1070338,506
2861396,2019-01-06T07:03:31.460Z,19010607,XBTUSD,Sell,11,3792,ZeroMinusTick,eee323d5-3163-1a55-eaa3-e5ff5e50eef4,1070349,507
2861405,2019-01-06T07:03:31.460Z,19010607,XBTUSD,Sell,10,3792,ZeroMinusTick,2f5ca975-a2dc-3771-f157-eea1e99d7b8a,1070359,508
2861419,2019-01-06T07:03:32.049Z,19010607,XBTUSD,Sell,1000,3792,ZeroMinusTick,8755099b-20c7-c7a9-7d11-13eac1db9011,1071359,509
2861431,2019-01-06T07:03:32.049Z,19010607,XBTUSD,Sell,95,3792,ZeroMinusTick,b02c3df5-9d1c-f3fd-56eb-0163bb16aaba,1071454,510
2861434,2019-01-06T07:03:32.049Z,19010607,XBTUSD,Sell,94,3792,ZeroMinusTick,b69c4349-34d8-e222-4af3-0698817e23ce,1071548,511
2861444,2019-01-06T07:03:32.049Z,19010607,XBTUSD,Sell,4000,3792,ZeroMinusTick,07cc1a5f-6ad6-2c2b-2935-b2aab40d5c3b,1075548,512
2861494,2019-01-06T07:03:34.107Z,19010607,XBTUSD,Buy,30,3792.5,ZeroPlusTick,a0359b56-15ab-d407-4a43-cfa61d7251df,1075578,513
2861531,2019-01-06T07:03:37.221Z,19010607,XBTUSD,Buy,5000,3792.5,PlusTick,71cc5619-92cb-4249-c6c1-5d3ac9e97869,1080578,514
2861163,2019-01-06T07:03:22.354Z,19010607,XBTUSD,Sell,120,3793,ZeroMinusTick,0d67051a-7bfc-f7e5-bda4-fc50686e1579,1080698,515
2861185,2019-01-06T07:03:24.113Z,19010607,XBTUSD,Sell,28,3792.5,MinusTick,61d285d2-9c60-995b-8812-82180915fe60,1080726,516
2861191,2019-01-06T07:03:24.113Z,19010607,XBTUSD,Sell,11,3792.5,ZeroMinusTick,dbc5560c-1cd4-efe2-1727-fc8a72bb5f41,1080737,517
2861201,2019-01-06T07:03:24.113Z,19010607,XBTUSD,Sell,11,3792.5,ZeroMinusTick,080c19d7-671d-658c-7e5d-c3de73b32d5d,1080748,518
2861211,2019-01-06T07:03:24.113Z,19010607,XBTUSD,Sell,11,3792.5,ZeroMinusTick,0fc1e05b-ce93-ef0f-66b9-db2c78fcd09e,1080759,519
2861214,2019-01-06T07:03:24.113Z,19010607,XBTUSD,Sell,14301,3792.5,ZeroMinusTick,37994cf4-15ec-fa56-a4ae-59d617ac912b,1095060,520
2861220,2019-01-06T07:03:24.294Z,19010607,XBTUSD,Sell,353,3792.5,ZeroMinusTick,cdeb77c9-45d1-3994-5384-064d6a45134b,1095413,521
2861228,2019-01-06T07:03:24.501Z,19010607,XBTUSD,Sell,11,3792.5,ZeroMinusTick,f02bbc3f-4694-c51f-f185-c1fb09ea14e4,1095424,522
2861245,2019-01-06T07:03:24.501Z,19010607,XBTUSD,Sell,11,3792.5,ZeroMinusTick,46997c29-ee4c-1b4e-7948-7a50f1d019ce,1095435,523
2861283,2019-01-06T07:03:26.189Z,19010607,XBTUSD,Sell,5000,3792.5,ZeroMinusTick,e0d888f8-0e0f-71eb-f1c3-8bad7225d3e2,1100435,524
2861330,2019-01-06T07:03:28.467Z,19010607,XBTUSD,Sell,121,3792.5,ZeroMinusTick,edc1df5b-a78e-d04c-7373-23b51eadaf26,1100556,525
2861350,2019-01-06T07:03:29.246Z,19010607,XBTUSD,Sell,28,3792.5,ZeroMinusTick,470f106d-5e30-4f2c-92d5-edd9e8b633cb,1100584,526
2861361,2019-01-06T07:03:29.693Z,19010607,XBTUSD,Sell,11,3792,ZeroMinusTick,42f4f39d-608f-f900-1651-3bcf4182bf2f,1100595,527
2861364,2019-01-06T07:03:29.822Z,19010607,XBTUSD,Buy,5000,3792.5,PlusTick,52f695ae-9a69-c77f-c75f-1abb3175bea5,1105595,528
2861399,2019-01-06T07:03:31.460Z,19010607,XBTUSD,Sell,11,3792,ZeroMinusTick,44d4cf9c-30f7-9722-4c99-6478a4f387b4,1105606,529
2861411,2019-01-06T07:03:31.493Z,19010607,XBTUSD,Sell,11,3792,ZeroMinusTick,e9835c8f-7a28-f20f-5b26-21fb8ee98799,1105617,530
2861420,2019-01-06T07:03:32.049Z,19010607,XBTUSD,Sell,16,3792,ZeroMinusTick,1d771bb8-6b63-fbbc-2774-cd1a7e11b0b8,1105633,531
2861424,2019-01-06T07:03:32.049Z,19010607,XBTUSD,Sell,5000,3792,ZeroMinusTick,af7b02cd-14bf-dc86-3850-e183fb955cf3,1110633,532
2861436,2019-01-06T07:03:32.049Z,19010607,XBTUSD,Sell,500,3792,ZeroMinusTick,4da18de5-6d94-57a1-5d5c-2c9ed4730ffb,1111133,533
2861448,2019-01-06T07:03:32.049Z,19010607,XBTUSD,Sell,100,3792,ZeroMinusTick,9310c68a-df97-0396-3d74-8385c62a5ac7,1111233,534
2861625,2019-01-06T07:03:42.132Z,19010607,XBTUSD,Sell,50,3792,ZeroMinusTick,6fbb2d58-0a2a-8afe-9b12-5738fc3d459b,1111283,535
2861667,2019-01-06T07:03:46.350Z,19010607,XBTUSD,Sell,2000,3792,ZeroMinusTick,4e46829d-3d6e-b22f-5f34-dc08f775247d,1113283,536
2861671,2019-01-06T07:03:46.350Z,19010607,XBTUSD,Sell,134,3792,ZeroMinusTick,381c853b-e033-12a3-c07d-f5233fda7aeb,1113417,537
2861676,2019-01-06T07:03:46.584Z,19010607,XBTUSD,Sell,780,3792,ZeroMinusTick,20e70f8f-c827-c499-fb5d-17a25d0b2cc2,1114197,538
2861179,2019-01-06T07:03:24.113Z,19010607,XBTUSD,Sell,30,3793,ZeroMinusTick,ab5011a2-aaf8-2138-4747-f5f07cf426c4,1114227,539
2861189,2019-01-06T07:03:24.113Z,19010607,XBTUSD,Sell,11,3792.5,ZeroMinusTick,f35cea3c-1dbc-0424-97d0-0128daacba0c,1114238,540
2861199,2019-01-06T07:03:24.113Z,19010607,XBTUSD,Sell,11,3792.5,ZeroMinusTick,1fc85998-7a1a-4d19-17d9-860675283c1b,1114249,541
2861208,2019-01-06T07:03:24.113Z,19010607,XBTUSD,Sell,11,3792.5,ZeroMinusTick,9bb27e29-5275-2943-ae46-39b399ca43b8,1114260,542
2861227,2019-01-06T07:03:24.501Z,19010607,XBTUSD,Sell,11,3792.5,ZeroMinusTick,32acfb18-f791-1385-7b56-e25287d0c369,1114271,543
2861242,2019-01-06T07:03:24.501Z,19010607,XBTUSD,Sell,11,3792.5,ZeroMinusTick,7ef6e230-979f-2d93-e36c-08c9c5444d47,1114282,544
2861248,2019-01-06T07:03:24.501Z,19010607,XBTUSD,Sell,100,3792.5,ZeroMinusTick,72283f6d-88e3-d654-9b55-6669ee60b1ca,1114382,545
2861284,2019-01-06T07:03:26.189Z,19010607,XBTUSD,Sell,10,3792.5,ZeroMinusTick,7115701a-99a3-e457-b3fb-6e5bdec6b291,1114392,546
2861332,2019-01-06T07:03:28.467Z,19010607,XBTUSD,Sell,30,3792.5,ZeroMinusTick,5aaa61ef-f1f1-cc41-19b0-b54343205bba,1114422,547
2861345,2019-01-06T07:03:29.246Z,19010607,XBTUSD,Sell,8539,3792.5,ZeroMinusTick,0fc4d147-afa4-0a6a-8986-9d460bae3682,1122961,548
2861376,2019-01-06T07:03:31.104Z,19010607,XBTUSD,Sell,343,3792,MinusTick,b1421cf6-6364-17d6-4183-434ae2e5409e,1123304,549
2861395,2019-01-06T07:03:31.460Z,19010607,XBTUSD,Sell,11,3792,ZeroMinusTick,9999b2dc-dfda-25d5-df89-abb8cd4b5f66,1123315,550
2861406,2019-01-06T07:03:31.460Z,19010607,XBTUSD,Sell,11,3792,ZeroMinusTick,f726cb57-8fe2-6180-63f1-4f6929bfd2e9,1123326,551
2861418,2019-01-06T07:03:32.049Z,19010607,XBTUSD,Sell,1,3792,ZeroMinusTick,e677738e-4f98-7f9b-9e53-7287357f7905,1123327,552
2861430,2019-01-06T07:03:32.049Z,19010607,XBTUSD,Sell,95,3792,ZeroMinusTick,973a22a3-5fdb-b421-c797-da6e70146d2a,1123422,553
2861437,2019-01-06T07:03:32.049Z,19010607,XBTUSD,Sell,100,3792,ZeroMinusTick,9e4360c2-3075-ff46-92d1-3dfccf8911ed,1123522,554
2861450,2019-01-06T07:03:32.049Z,19010607,XBTUSD,Sell,110,3792,ZeroMinusTick,0680237c-09b1-dcf3-f9eb-420b6f04a247,1123632,555
2861471,2019-01-06T07:03:32.446Z,19010607,XBTUSD,Sell,600,3792,ZeroMinusTick,c6304da3-3f9d-16c9-156b-2436c05f33e6,1124232,556
2861495,2019-01-06T07:03:34.154Z,19010607,XBTUSD,Buy,4000,3792.5,ZeroPlusTick,be78df8e-fcce-9199-e9b7-11dda9679992,1128232,557
2861528,2019-01-06T07:03:35.999Z,19010607,XBTUSD,Sell,600,3792,MinusTick,e7f98b6b-5247-6b84-43fa-8dbc869a87f0,1128832,558
2861624,2019-01-06T07:03:42.132Z,19010607,XBTUSD,Sell,8894,3792,ZeroMinusTick,56be64a1-b700-0a92-7777-24e162df25ea,1137726,559
2861640,2019-01-06T07:03:42.733Z,19010607,XBTUSD,Sell,600,3792,ZeroMinusTick,60da792d-b2a5-4e36-9aaf-a53fa2294f09,1138326,560
2861317,2019-01-06T07:03:27.115Z,19010607,XBTUSD,Sell,6800,3792.5,ZeroMinusTick,6d0b47ab-0a6c-418b-4382-470e9c24ad19,1145126,561
2861320,2019-01-06T07:03:27.373Z,19010607,XBTUSD,Sell,500,3792.5,ZeroMinusTick,43cbbc59-bfd7-1d96-83dd-83143146696e,1145626,562
2861331,2019-01-06T07:03:28.467Z,19010607,XBTUSD,Sell,30,3792.5,ZeroMinusTick,156df5b3-1c04-4fb5-b60e-ea32015e41e8,1145656,563
2861351,2019-01-06T07:03:29.246Z,19010607,XBTUSD,Sell,51,3792.5,ZeroMinusTick,28d3d982-bc1e-a12d-bf3c-d990213ebe92,1145707,564
2861356,2019-01-06T07:03:29.675Z,19010607,XBTUSD,Buy,5000,3792.5,ZeroMinusTick,51e92683-8d10-2898-25fa-63321b4e70b0,1150707,565
2861393,2019-01-06T07:03:31.460Z,19010607,XBTUSD,Sell,11,3792,ZeroMinusTick,435b3d4c-100a-bdb0-119e-86f8130ea8b2,1150718,566
2861408,2019-01-06T07:03:31.460Z,19010607,XBTUSD,Sell,11,3792,ZeroMinusTick,745f4c55-4dc4-bc39-4780-3a9e1ab65ba6,1150729,567
2861421,2019-01-06T07:03:32.049Z,19010607,XBTUSD,Sell,20,3792,ZeroMinusTick,470b4ecf-fef4-2c4f-7806-fdadca186ed9,1150749,568
2861429,2019-01-06T07:03:32.049Z,19010607,XBTUSD,Sell,100,3792,ZeroMinusTick,b1bb4154-6e20-939b-ed69-d2aef8f0e42b,1150849,569
2861441,2019-01-06T07:03:32.049Z,19010607,XBTUSD,Sell,100,3792,ZeroMinusTick,58b8f04d-1ad7-7621-c186-5d45641d05d6,1150949,570
2861451,2019-01-06T07:03:32.049Z,19010607,XBTUSD,Sell,14000,3792,ZeroMinusTick,80fdcc87-3739-149b-d030-ce27b730f98a,1164949,571
2861660,2019-01-06T07:03:46.350Z,19010607,XBTUSD,Sell,2000,3792,ZeroMinusTick,ad868bcf-658b-8f9a-8d52-ba4959807a34,1166949,572
2861680,2019-01-06T07:03:46.584Z,19010607,XBTUSD,Sell,24,3792,ZeroMinusTick,89c5abd5-7d3e-493d-51eb-79ab79c03387,1166973,573
2861691,2019-01-06T07:03:46.584Z,19010607,XBTUSD,Sell,11,3791.5,ZeroMinusTick,62132751-cefc-bdad-b259-4cc00ff92d01,1166984,574
2861702,2019-01-06T07:03:46.584Z,19010607,XBTUSD,Sell,11,3791.5,ZeroMinusTick,b0c00ada-5397-041e-dc30-a30a5096ca1d,1166995,575
2861710,2019-01-06T07:03:46.584Z,19010607,XBTUSD,Sell,11,3791.5,ZeroMinusTick,6c610533-7f39-b12c-72cc-61016a1fff39,1167006,576
2861726,2019-01-06T07:03:46.584Z,19010607,XBTUSD,Sell,11,3791.5,ZeroMinusTick,ab55db74-e895-489a-0760-73095c1533e7,1167017,577
2861730,2019-01-06T07:03:46.584Z,19010607,XBTUSD,Sell,11,3791.5,ZeroMinusTick,eacffae0-d92a-143f-ebf2-1d9e34377a4d,1167028,578
2861742,2019-01-06T07:03:46.584Z,19010607,XBTUSD,Sell,11,3791.5,ZeroMinusTick,ebd18c2c-bfe9-e73f-577f-e03e63d5eced,1167039,579
2861753,2019-01-06T07:03:46.584Z,19010607,XBTUSD,Sell,11,3791.5,ZeroMinusTick,bf2ffb2a-c869-d72f-9dcb-6ea71dac1aa7,1167050,580
2861761,2019-01-06T07:03:46.584Z,19010607,XBTUSD,Sell,11,3791.5,ZeroMinusTick,28446919-f353-9ccf-a8c0-51f58e3b55a3,1167061,581
2861774,2019-01-06T07:03:46.584Z,19010607,XBTUSD,Sell,5000,3791.5,ZeroMinusTick,47a58863-ba1a-eaa4-8563-1f7ce77ebeb5,1172061,582
2861782,2019-01-06T07:03:46.584Z,19010607,XBTUSD,Sell,11,3791.5,ZeroMinusTick,5fd9f5e7-5e20-8934-140d-0a1f2497bd78,1172072,583
2861795,2019-01-06T07:03:46.584Z,19010607,XBTUSD,Sell,11,3791.5,ZeroMinusTick,5be429f8-6567-b44f-482c-d17ce6a2afee,1172083,584
2861803,2019-01-06T07:03:46.584Z,19010607,XBTUSD,Sell,1000,3791.5,ZeroMinusTick,4163e600-c6df-0419-222d-268316a4b238,1173083,585
2861390,2019-01-06T07:03:31.460Z,19010607,XBTUSD,Sell,11,3792,ZeroMinusTick,86df03bb-be88-1cf3-c4ec-fadfcebaad06,1173094,586
2861392,2019-01-06T07:03:31.460Z,19010607,XBTUSD,Sell,11,3792,ZeroMinusTick,d5505291-d483-2aec-7340-33cf25ba2331,1173105,587
2861402,2019-01-06T07:03:31.460Z,19010607,XBTUSD,Sell,11,3792,ZeroMinusTick,fd4c1828-ab7c-e648-95cc-f45ccdce3389,1173116,588
2861412,2019-01-06T07:03:32.049Z,19010607,XBTUSD,Sell,330,3792,ZeroMinusTick,9dfd09c2-8656-6cc1-88f3-c0824362dc0d,1173446,589
2861413,2019-01-06T07:03:32.049Z,19010607,XBTUSD,Sell,2391,3792,ZeroMinusTick,6aa62b79-a120-ef0c-0566-610286481591,1175837,590
2861423,2019-01-06T07:03:32.049Z,19010607,XBTUSD,Sell,2000,3792,ZeroMinusTick,c519ea32-5403-dc03-5409-f5712ae3aa8f,1177837,591
2861433,2019-01-06T07:03:32.049Z,19010607,XBTUSD,Sell,1000,3792,ZeroMinusTick,e67f3d67-6df9-6f0e-30e3-c495816388b5,1178837,592
2861443,2019-01-06T07:03:32.049Z,19010607,XBTUSD,Sell,3,3792,ZeroMinusTick,754c45e4-1aff-d3f8-1fe9-4f3fc099c4f3,1178840,593
2861445,2019-01-06T07:03:32.049Z,19010607,XBTUSD,Sell,7048,3792,ZeroMinusTick,da8e0679-e343-f224-2c70-878b6528363f,1185888,594
2861457,2019-01-06T07:03:32.279Z,19010607,XBTUSD,Sell,20000,3792,ZeroMinusTick,fe07c430-671e-336f-62ac-6d67f9b26ffa,1205888,595
2861584,2019-01-06T07:03:38.914Z,19010607,XBTUSD,Sell,356,3792,MinusTick,be81017c-f7b8-3aee-d27a-bd9b6d00e7b6,1206244,596
2861626,2019-01-06T07:03:42.132Z,19010607,XBTUSD,Sell,15,3792,ZeroMinusTick,dc4b159f-c6ed-3367-b586-a85dded71f24,1206259,597
2861666,2019-01-06T07:03:46.350Z,19010607,XBTUSD,Sell,500,3792,ZeroMinusTick,3b192677-8f15-62ce-9edd-68094b7b14d0,1206759,598
2861679,2019-01-06T07:03:46.584Z,19010607,XBTUSD,Sell,2250,3792,ZeroMinusTick,1cda51e6-f9e3-573d-b78f-9b9acd312dbc,1209009,599
2861688,2019-01-06T07:03:46.584Z,19010607,XBTUSD,Sell,11,3791.5,ZeroMinusTick,7d340ef1-deab-e6f0-ca77-50b654dab44e,1209020,600
2861698,2019-01-06T07:03:46.584Z,19010607,XBTUSD,Sell,300,3791.5,ZeroMinusTick,bb0afcc5-0686-3569-d288-6c666f52a5fd,1209320,601
2861712,2019-01-06T07:03:46.584Z,19010607,XBTUSD,Sell,11,3791.5,ZeroMinusTick,ee8be960-59d4-a8d2-3ed8-921db2c1b7b7,1209331,602
2861720,2019-01-06T07:03:46.584Z,19010607,XBTUSD,Sell,11,3791.5,ZeroMinusTick,41754256-d87c-37b1-b433-37d08a8286ba,1209342,603
2861736,2019-01-06T07:03:46.584Z,19010607,XBTUSD,Sell,11,3791.5,ZeroMinusTick,924e55a9-dc8f-9091-5432-9513c3d93a2a,1209353,604
2861749,2019-01-06T07:03:46.584Z,19010607,XBTUSD,Sell,11,3791.5,ZeroMinusTick,d02e5028-45a5-f98a-6b90-de26d490731f,1209364,605
2861759,2019-01-06T07:03:46.584Z,19010607,XBTUSD,Sell,11,3791.5,ZeroMinusTick,6f7505ee-873a-7cb8-7154-20f16359314e,1209375,606
2861766,2019-01-06T07:03:46.584Z,19010607,XBTUSD,Sell,11,3791.5,ZeroMinusTick,18cf7fa7-8e6f-ccb0-41e9-28a2f3c82366,1209386,607
2861777,2019-01-06T07:03:46.584Z,19010607,XBTUSD,Sell,11,3791.5,ZeroMinusTick,81755111-a520-53aa-d671-cf95d71ffb41,1209397,608
2861789,2019-01-06T07:03:46.584Z,19010607,XBTUSD,Sell,11,3791.5,ZeroMinusTick,31f4bf60-68d8-7c2d-9153-6f9ec0fe2f85,1209408,609
2861799,2019-01-06T07:03:46.584Z,19010607,XBTUSD,Sell,10,3791.5,ZeroMinusTick,f39f405e-8b97-4bfc-5e89-eddfffca86b6,1209418,610
2861802,2019-01-06T07:03:46.584Z,19010607,XBTUSD,Sell,100,3791.5,ZeroMinusTick,af8f7bbb-fde9-b335-8674-2d20244ec0a0,1209518,611
2861852,2019-01-06T07:03:52.361Z,19010607,XBTUSD,Sell,100,3791.5,ZeroMinusTick,4ab3344e-b45c-6cd5-7e61-6975d60475b0,1209618,612
2861854,2019-01-06T07:03:52.361Z,19010607,XBTUSD,Sell,8500,3791.5,ZeroMinusTick,8c6e4b6f-cc0a-1104-1d46-c17907da7482,1218118,613
2861864,2019-01-06T07:03:52.361Z,19010607,XBTUSD,Sell,10000,3791.5,ZeroMinusTick,0b8b9b26-fe7a-ca28-9009-a170c87e0bd9,1228118,614
2861874,2019-01-06T07:03:52.361Z,19010607,XBTUSD,Sell,8429,3791.5,ZeroMinusTick,4230314e-9138-c222-9160-ae8dd9e2f90f,1236547,615
2861884,2019-01-06T07:03:52.361Z,19010607,XBTUSD,Sell,28,3791,MinusTick,8dbb8e0e-7e53-df3f-e3be-adaadecffc74,1236575,616
2861895,2019-01-06T07:03:52.361Z,19010607,XBTUSD,Sell,16,3791,ZeroMinusTick,dc45a933-7500-85c2-c035-b1b5204c5383,1236591,617
2861902,2019-01-06T07:03:52.361Z,19010607,XBTUSD,Sell,30,3791,ZeroMinusTick,019e854c-80e9-c8b0-6523-322db2ed3b0d,1236621,618
2861915,2019-01-06T07:03:52.361Z,19010607,XBTUSD,Sell,100,3791,ZeroMinusTick,9f8941ea-2a83-efba-ec9e-2ba0c655164b,1236721,619
2861416,2019-01-06T07:03:32.049Z,19010607,XBTUSD,Sell,100,3792,ZeroMinusTick,ed4f6c35-090c-76d2-c44e-88d08e38807e,1236821,620
2861425,2019-01-06T07:03:32.049Z,19010607,XBTUSD,Sell,5000,3792,ZeroMinusTick,789620db-b1fe-6769-a326-dba6e4ea48db,1241821,621
2861438,2019-01-06T07:03:32.049Z,19010607,XBTUSD,Sell,100,3792,ZeroMinusTick,3fe4425a-89b3-cdaa-80cf-ff904f09f048,1241921,622
2861447,2019-01-06T07:03:32.049Z,19010607,XBTUSD,Sell,1267,3792,ZeroMinusTick,ebc87012-e827-00f6-af1f-66f0a6cb9a84,1243188,623
2861605,2019-01-06T07:03:39.624Z,19010607,XBTUSD,Sell,10000,3792,ZeroMinusTick,82d1a1ed-b617-ad5c-6b66-01d9f349b0c5,1253188,624
2861606,2019-01-06T07:03:39.773Z,19010607,XBTUSD,Sell,600,3792,ZeroMinusTick,dca3f2af-007a-55d9-014d-1d57d2777e85,1253788,625
2861630,2019-01-06T07:03:42.132Z,19010607,XBTUSD,Sell,5,3792,ZeroMinusTick,b3f16c62-4dac-f029-7228-f56af3fe25c6,1253793,626
2861663,2019-01-06T07:03:46.350Z,19010607,XBTUSD,Sell,61,3792,ZeroMinusTick,536cfed1-2aa0-ce38-e0a6-f3a2fd91b6a5,1253854,627
2861681,2019-01-06T07:03:46.584Z,19010607,XBTUSD,Sell,33,3792,ZeroMinusTick,717ca584-2dfe-f183-3dde-acf8df66f908,1253887,628
2861692,2019-01-06T07:03:46.584Z,19010607,XBTUSD,Sell,11,3791.5,ZeroMinusTick,5207ef37-08fa-b161-8254-26c14c39b1cf,1253898,629
2861701,2019-01-06T07:03:46.584Z,19010607,XBTUSD,Sell,11,3791.5,ZeroMinusTick,aae72798-2e0e-4073-0142-149b35ea371c,1253909,630
2861711,2019-01-06T07:03:46.584Z,19010607,XBTUSD,Sell,11,3791.5,ZeroMinusTick,47055e3a-d118-45f1-c3e8-39e6c0157a05,1253920,631
2861721,2019-01-06T07:03:46.584Z,19010607,XBTUSD,Sell,11,3791.5,ZeroMinusTick,53956a56-ca7f-b27a-2354-c1a309005fff,1253931,632
2861735,2019-01-06T07:03:46.584Z,19010607,XBTUSD,Sell,11,3791.5,ZeroMinusTick,7780815f-11b4-161d-980e-e683f550be89,1253942,633
2861740,2019-01-06T07:03:46.584Z,19010607,XBTUSD,Sell,11,3791.5,ZeroMinusTick,aae777f3-84f9-09d7-e050-07cc88ca2c18,1253953,634
2861755,2019-01-06T07:03:46.584Z,19010607,XBTUSD,Sell,11,3791.5,ZeroMinusTick,6c6f3a3f-317f-111b-ea43-a4cd0f5888a7,1253964,635
2861760,2019-01-06T07:03:46.584Z,19010607,XBTUSD,Sell,11,3791.5,ZeroMinusTick,21181e2a-dda8-6a52-b039-3c8561551994,1253975,636
2861771,2019-01-06T07:03:46.584Z,19010607,XBTUSD,Sell,11,3791.5,ZeroMinusTick,97278dc2-dcc7-535b-9fa7-ca9294125e08,1253986,637
2861784,2019-01-06T07:03:46.584Z,19010607,XBTUSD,Sell,11,3791.5,ZeroMinusTick,33257ce4-1ece-43db-97a7-5e1fcce13e39,1253997,638
2861791,2019-01-06T07:03:46.584Z,19010607,XBTUSD,Sell,11,3791.5,ZeroMinusTick,5f29b0be-f015-de91-5d86-9f1f167180ba,1254008,639
2861800,2019-01-06T07:03:46.584Z,19010607,XBTUSD,Sell,11,3791.5,ZeroMinusTick,6a4f47bb-e104-1527-2022-4241576b1efa,1254019,640
2861815,2019-01-06T07:03:47.469Z,19010607,XBTUSD,Buy,1200,3792,ZeroPlusTick,f7143c29-2a53-fcf9-e27e-9e5f7789d2a4,1255219,641
2861816,2019-01-06T07:03:47.532Z,19010607,XBTUSD,Sell,3297,3791.5,MinusTick,f301abf0-9638-5dff-69b3-e7945ad6cc92,1258516,642
2861818,2019-01-06T07:03:47.974Z,19010607,XBTUSD,Sell,380,3791.5,ZeroMinusTick,1c939886-cae4-fce4-87e3-48f70643b36d,1258896,643
2861844,2019-01-06T07:03:52.361Z,19010607,XBTUSD,Sell,1300,3791.5,ZeroMinusTick,3cd44596-8bd9-027c-ba37-9651e0817a1c,1260196,644
2861855,2019-01-06T07:03:52.361Z,19010607,XBTUSD,Sell,600,3791.5,ZeroMinusTick,711f4206-32f5-a9fa-4254-d8e2f8a3fd17,1260796,645
2861869,2019-01-06T07:03:52.361Z,19010607,XBTUSD,Sell,8538,3791.5,ZeroMinusTick,a0ac8344-56e4-5adc-490e-8f2787abf425,1269334,646
2861880,2019-01-06T07:03:52.361Z,19010607,XBTUSD,Sell,41000,3791.5,ZeroMinusTick,e92f5fbe-22bc-ce96-c823-e1252c125b6e,1310334,647
2861890,2019-01-06T07:03:52.361Z,19010607,XBTUSD,Sell,11,3791,ZeroMinusTick,dfa80dab-65cb-33c9-f15b-68962dd927a2,1310345,648
2861899,2019-01-06T07:03:52.361Z,19010607,XBTUSD,Sell,10,3791,ZeroMinusTick,cbe7d755-930c-0f8a-9a5f-934094ff2c7a,1310355,649
2861446,2019-01-06T07:03:32.049Z,19010607,XBTUSD,Sell,116,3792,ZeroMinusTick,5f5cdb9b-c8e2-7b40-dea7-5efaa967edb4,1310471,650
2861472,2019-01-06T07:03:32.510Z,19010607,XBTUSD,Sell,7500,3792,ZeroMinusTick,c7173ada-ac0d-4b6b-4854-ddac410a2b73,1317971,651
2861473,2019-01-06T07:03:32.611Z,19010607,XBTUSD,Buy,30,3792.5,PlusTick,3a60271c-5e2f-53bf-ce9b-ec386211b984,1318001,652
2861629,2019-01-06T07:03:42.132Z,19010607,XBTUSD,Sell,166,3792,ZeroMinusTick,087c8029-e303-d77a-016b-986961b7a314,1318167,653
2861665,2019-01-06T07:03:46.350Z,19010607,XBTUSD,Sell,4000,3792,ZeroMinusTick,78c9de8e-c2f6-f983-f55f-b881563eeafe,1322167,654
2861678,2019-01-06T07:03:46.584Z,19010607,XBTUSD,Sell,5000,3792,ZeroMinusTick,9fbc7530-fc88-281e-8eea-bef9ff45f05f,1327167,655
2861685,2019-01-06T07:03:46.584Z,19010607,XBTUSD,Sell,1800,3792,ZeroMinusTick,2e912856-2c30-6002-a03d-fa293b0fe1d8,1328967,656
2861695,2019-01-06T07:03:46.584Z,19010607,XBTUSD,Sell,11,3791.5,ZeroMinusTick,13baf459-4975-302e-ebcf-6e24a65b2ceb,1328978,657
2861705,2019-01-06T07:03:46.584Z,19010607,XBTUSD,Sell,11,3791.5,ZeroMinusTick,4a36233b-e544-4a2d-7934-b654bc8e3238,1328989,658
2861707,2019-01-06T07:03:46.584Z,19010607,XBTUSD,Sell,11,3791.5,ZeroMinusTick,34d80b8a-7702-6d47-928a-94e94d3afe35,1329000,659
2861717,2019-01-06T07:03:46.584Z,19010607,XBTUSD,Sell,10,3791.5,ZeroMinusTick,73aea9ec-5c18-8a81-aaf4-1a47d0f7bd12,1329010,660
2861727,2019-01-06T07:03:46.584Z,19010607,XBTUSD,Sell,11,3791.5,ZeroMinusTick,20ef3f89-dd7f-423d-bda4-7e8d2e4c3c0b,1329021,661
2861738,2019-01-06T07:03:46.584Z,19010607,XBTUSD,Sell,11,3791.5,ZeroMinusTick,77d45579-8d10-ecfc-6bf4-3dc1fba7b120,1329032,662
2861746,2019-01-06T07:03:46.584Z,19010607,XBTUSD,Sell,11,3791.5,ZeroMinusTick,dbc4d713-7972-cc89-e111-dd4fc13b605f,1329043,663
2861757,2019-01-06T07:03:46.584Z,19010607,XBTUSD,Sell,11,3791.5,ZeroMinusTick,47d93b47-ee66-f077-0d7a-9e5955ce76e5,1329054,664
2861768,2019-01-06T07:03:46.584Z,19010607,XBTUSD,Sell,11,3791.5,ZeroMinusTick,c8073e3d-635d-fd74-1343-516e96413711,1329065,665
2861779,2019-01-06T07:03:46.584Z,19010607,XBTUSD,Sell,11,3791.5,ZeroMinusTick,de6c873d-75e9-908a-7610-c5f7ffa8f6bd,1329076,666
2861786,2019-01-06T07:03:46.584Z,19010607,XBTUSD,Sell,11,3791.5,ZeroMinusTick,5512d62f-9025-a926-0922-4d06212364fb,1329087,667
2861798,2019-01-06T07:03:46.584Z,19010607,XBTUSD,Sell,11,3791.5,ZeroMinusTick,fed55a68-8a64-4c9e-e661-09e87d97fc94,1329098,668
2861804,2019-01-06T07:03:46.584Z,19010607,XBTUSD,Sell,680,3791.5,ZeroMinusTick,4557fdaa-a150-c091-4850-3428a5dc8c0f,1329778,669
2861840,2019-01-06T07:03:51.851Z,19010607,XBTUSD,Sell,2000,3791.5,ZeroMinusTick,2d9337cb-267c-24cc-4c58-666dd981feb1,1331778,670
2861851,2019-01-06T07:03:52.361Z,19010607,XBTUSD,Sell,100,3791.5,ZeroMinusTick,b57262cc-f268-5e64-2117-d97d235d9fe6,1331878,671
2861862,2019-01-06T07:03:52.361Z,19010607,XBTUSD,Sell,3,3791.5,ZeroMinusTick,455a8102-e458-58de-0b38-81b3da9d55ad,1331881,672
2861872,2019-01-06T07:03:52.361Z,19010607,XBTUSD,Sell,106,3791.5,ZeroMinusTick,ebcf15bb-2c57-c2e6-db7e-1a2f619ed673,1331987,673
2861881,2019-01-06T07:03:52.361Z,19010607,XBTUSD,Sell,33,3791.5,ZeroMinusTick,94bfb188-3d5b-d9de-ae65-1cc46f7331ad,1332020,674
2861887,2019-01-06T07:03:52.361Z,19010607,XBTUSD,Sell,30,3791,ZeroMinusTick,ff630e3f-3f01-18f3-27b9-6958878632dc,1332050,675
2861900,2019-01-06T07:03:52.361Z,19010607,XBTUSD,Sell,20,3791,ZeroMinusTick,81707900-82b4-8c86-8613-b0ef74ef159b,1332070,676
2861907,2019-01-06T07:03:52.361Z,19010607,XBTUSD,Sell,30,3791,ZeroMinusTick,7f89f63c-c3b7-7483-b3e4-f74c689c76cb,1332100,677
2861917,2019-01-06T07:03:52.361Z,19010607,XBTUSD,Sell,60,3791,ZeroMinusTick,86df7d5a-c890-0b7d-e42b-8eac0437c7ec,1332160,678
2862003,2019-01-06T07:03:59.063Z,19010607,XBTUSD,Sell,100,3791,ZeroMinusTick,1d4fd2b2-8ac1-c481-da4c-43de48d5ae22,1332260,679
2862005,2019-01-06T07:03:59.063Z,19010607,XBTUSD,Sell,50000,3791,ZeroMinusTick,12fa80fc-3036-eced-af53-3be4920f6952,1382260,680
2862015,2019-01-06T07:03:59.063Z,19010607,XBTUSD,Sell,106,3791,ZeroMinusTick,cec203e8-f875-fa43-01e3-6b04b6563c26,1382366,681
2862025,2019-01-06T07:03:59.063Z,19010607,XBTUSD,Sell,500,3791,ZeroMinusTick,d75089f2-0d29-abc4-4478-f36286389cb4,1382866,682
2861662,2019-01-06T07:03:46.350Z,19010607,XBTUSD,Sell,120,3792,ZeroMinusTick,2dab0679-1705-1230-3410-a71ba6499d62,1382986,683
2861670,2019-01-06T07:03:46.350Z,19010607,XBTUSD,Sell,1000,3792,ZeroMinusTick,0e964807-11c1-2daa-8624-9020e7420fbb,1383986,684
2861677,2019-01-06T07:03:46.584Z,19010607,XBTUSD,Sell,8538,3792,ZeroMinusTick,e0147bbf-1fc9-fb26-6b59-f798ad6a4cc3,1392524,685
2861690,2019-01-06T07:03:46.584Z,19010607,XBTUSD,Sell,100,3791.5,ZeroMinusTick,b8ac7883-144e-9395-b00d-7453727cf4ce,1392624,686
2861704,2019-01-06T07:03:46.584Z,19010607,XBTUSD,Sell,11,3791.5,ZeroMinusTick,51034756-2d69-fc7a-f92c-0762b3403f6a,1392635,687
2861714,2019-01-06T07:03:46.584Z,19010607,XBTUSD,Sell,16,3791.5,ZeroMinusTick,8c53084d-2584-833e-8280-2f7febd88abd,1392651,688
2861723,2019-01-06T07:03:46.584Z,19010607,XBTUSD,Sell,11,3791.5,ZeroMinusTick,b6f8dd73-b3b8-0728-3fee-3b9c6ae0c75a,1392662,689
2861731,2019-01-06T07:03:46.584Z,19010607,XBTUSD,Sell,11,3791.5,ZeroMinusTick,f8ba3bc0-a94c-e733-2a5e-2fa62efe8eb6,1392673,690
2861745,2019-01-06T07:03:46.584Z,19010607,XBTUSD,Sell,11,3791.5,ZeroMinusTick,3d199213-b3b7-612f-de60-d309d42b45d2,1392684,691
2861750,2019-01-06T07:03:46.584Z,19010607,XBTUSD,Sell,11,3791.5,ZeroMinusTick,ea6118ac-e7bc-9527-144d-316d22c26d6f,1392695,692
2861764,2019-01-06T07:03:46.584Z,19010607,XBTUSD,Sell,11,3791.5,ZeroMinusTick,819a1395-a2aa-ab49-0fc9-3bbb8d1dc124,1392706,693
2861775,2019-01-06T07:03:46.584Z,19010607,XBTUSD,Sell,11,3791.5,ZeroMinusTick,85edf2b0-6aba-c719-5c7e-70e6f3d77a92,1392717,694
2861780,2019-01-06T07:03:46.584Z,19010607,XBTUSD,Sell,11,3791.5,ZeroMinusTick,358eaad5-fa1c-e2ad-2f91-39eaa5407783,1392728,695
2861794,2019-01-06T07:03:46.584Z,19010607,XBTUSD,Sell,11,3791.5,ZeroMinusTick,a5cbe503-b9c3-cca0-bef7-deb52195c2d2,1392739,696
2861805,2019-01-06T07:03:46.832Z,19010607,XBTUSD,Sell,30,3791.5,ZeroMinusTick,2f3645c0-c5f7-d2fa-715a-976c5d6d6c07,1392769,697
2861843,2019-01-06T07:03:52.361Z,19010607,XBTUSD,Sell,1344,3791.5,ZeroMinusTick,88779c63-3bb9-c1fe-4425-594520703611,1394113,698
2861853,2019-01-06T07:03:52.361Z,19010607,XBTUSD,Sell,50,3791.5,ZeroMinusTick,a7213872-842f-82bc-7efa-c0b16cc81652,1394163,699
2861863,2019-01-06T07:03:52.361Z,19010607,XBTUSD,Sell,2000,3791.5,ZeroMinusTick,84ff1f4d-9a1c-7e73-4e52-2f6a3b146d3e,1396163,700
2861868,2019-01-06T07:03:52.361Z,19010607,XBTUSD,Sell,120,3791.5,ZeroMinusTick,cc59b6e6-ae1d-cd0c-0af3-3a1246b70321,1396283,701
2861879,2019-01-06T07:03:52.361Z,19010607,XBTUSD,Sell,5000,3791.5,ZeroMinusTick,6f7c5505-627d-d30d-cd1c-8d5e8030a11f,1401283,702
2861888,2019-01-06T07:03:52.361Z,19010607,XBTUSD,Sell,20,3791,ZeroMinusTick,0a2761a2-1314-ffa5-a982-30e1531053ba,1401303,703
2861898,2019-01-06T07:03:52.361Z,19010607,XBTUSD,Sell,1000,3791,ZeroMinusTick,e5da9eb8-aa12-6bfd-3f8d-0789d062d3b2,1402303,704
2861911,2019-01-06T07:03:52.361Z,19010607,XBTUSD,Sell,90,3791,ZeroMinusTick,925c9136-b5fb-1f46-fc3f-7f51e22ba504,1402393,705
2861916,2019-01-06T07:03:52.361Z,19010607,XBTUSD,Sell,5000,3791,ZeroMinusTick,861d6086-6ff5-bb47-cb14-80e7d944f61b,1407393,706
2861927,2019-01-06T07:03:52.361Z,19010607,XBTUSD,Sell,10000,3791,ZeroMinusTick,0de80c3d-4552-6c18-4cd3-bce658e6e270,1417393,707
2861993,2019-01-06T07:03:57.952Z,19010607,XBTUSD,Sell,10000,3791,ZeroMinusTick,223158e2-30c0-0e92-7e3c-6c472990b05d,1427393,708
2861995,2019-01-06T07:03:59.063Z,19010607,XBTUSD,Sell,500,3791,ZeroMinusTick,6bdb526b-9de5-825f-53eb-dc88007b1c18,1427893,709
2862007,2019-01-06T07:03:59.063Z,19010607,XBTUSD,Sell,121,3791,ZeroMinusTick,2583d7cb-914c-06d8-55b7-726d979d9e7d,1428014,710
2862016,2019-01-06T07:03:59.063Z,19010607,XBTUSD,Sell,2000,3791,ZeroMinusTick,391b1a71-a12f-3b19-caef-00c934383b7f,1430014,711
2862026,2019-01-06T07:03:59.063Z,19010607,XBTUSD,Sell,4,3791,ZeroMinusTick,e86ecd0b-0628-f78c-5644-f7c7dee9d343,1430018,712
2862046,2019-01-06T07:04:01.597Z,19010607,XBTUSD,Buy,204,3791.5,PlusTick,f895f53b-44cc-a0d8-7096-72fb1adbf4bb,1430222,713
2862050,2019-01-06T07:04:04.371Z,19010607,XBTUSD,Buy,20,3791.5,ZeroPlusTick,30fb281a-73c1-58c3-ed2a-d9ad326d32cc,1430242,714
2862073,2019-01-06T07:04:08.243Z,19010607,XBTUSD,Sell,13723,3791,ZeroMinusTick,dbf57d9d-f2d5-4c63-264b-03d3a31a3e74,1443965,715
2862082,2019-01-06T07:04:08.243Z,19010607,XBTUSD,Sell,20,3791,ZeroMinusTick,fe13ac2d-abc4-bbc9-ed3c-7607140e32e1,1443985,716
2861628,2019-01-06T07:03:42.132Z,19010607,XBTUSD,Sell,100,3792,ZeroMinusTick,c51c45a7-cefc-a17f-465c-64474f3f03d0,1444085,717
2861661,2019-01-06T07:03:46.350Z,19010607,XBTUSD,Sell,2000,3792,ZeroMinusTick,7c88a14f-00b2-a356-7cc5-c665a3cf154f,1446085,718
2861683,2019-01-06T07:03:46.584Z,19010607,XBTUSD,Sell,1800,3792,ZeroMinusTick,6182d7f5-2f89-0f40-7fdc-d5405dc7808b,1447885,719
2861686,2019-01-06T07:03:46.584Z,19010607,XBTUSD,Sell,500,3792,ZeroMinusTick,5df5f69b-3e1f-3dd2-c4fa-ffe2d4fd2f01,1448385,720
2861700,2019-01-06T07:03:46.584Z,19010607,XBTUSD,Sell,11,3791.5,ZeroMinusTick,08949777-e072-5a71-a84e-60610da45130,1448396,721
2861715,2019-01-06T07:03:46.584Z,19010607,XBTUSD,Sell,11,3791.5,ZeroMinusTick,bb2e58a5-04f8-03bc-15a6-802aaee88fd8,1448407,722
2861718,2019-01-06T07:03:46.584Z,19010607,XBTUSD,Sell,11,3791.5,ZeroMinusTick,3294a127-b03f-9bdb-b42f-ed58be311645,1448418,723
2861728,2019-01-06T07:03:46.584Z,19010607,XBTUSD,Sell,11,3791.5,ZeroMinusTick,9f8f6dab-9c70-0ba6-3200-36ab8edad0f6,1448429,724
2861737,2019-01-06T07:03:46.584Z,19010607,XBTUSD,Sell,11,3791.5,ZeroMinusTick,c26cd6fc-6f44-972b-8fda-8f5f7b793eba,1448440,725
2861748,2019-01-06T07:03:46.584Z,19010607,XBTUSD,Sell,11,3791.5,ZeroMinusTick,6d101fdb-d724-1c82-b351-17990e84d403,1448451,726
2861756,2019-01-06T07:03:46.584Z,19010607,XBTUSD,Sell,11,3791.5,ZeroMinusTick,57b1c8aa-5f4d-89ea-6558-87a2d052ac1d,1448462,727
2861769,2019-01-06T07:03:46.584Z,19010607,XBTUSD,Sell,11,3791.5,ZeroMinusTick,4c95ca3d-c381-9001-f107-ebc6f48444c7,1448473,728
2861776,2019-01-06T07:03:46.584Z,19010607,XBTUSD,Sell,11,3791.5,ZeroMinusTick,a4100736-9046-806b-9271-fa35017d2e00,1448484,729
2861788,2019-01-06T07:03:46.584Z,19010607,XBTUSD,Sell,11,3791.5,ZeroMinusTick,2c8ca4f4-38ff-5007-ff37-d189c97fd91a,1448495,730
2861796,2019-01-06T07:03:46.584Z,19010607,XBTUSD,Sell,11,3791.5,ZeroMinusTick,09d82f9c-8d25-eb05-6685-7ef5309e0494,1448506,731
2861827,2019-01-06T07:03:49.915Z,19010607,XBTUSD,Sell,550,3791.5,ZeroMinusTick,6c649e49-132e-c96d-85b3-f8403784a663,1449056,732
2861847,2019-01-06T07:03:52.361Z,19010607,XBTUSD,Sell,20,3791.5,ZeroMinusTick,9da3bb17-6c38-be05-b056-51487f46763c,1449076,733
2861859,2019-01-06T07:03:52.361Z,19010607,XBTUSD,Sell,50,3791.5,ZeroMinusTick,cdcb7fd9-e6d9-cdb4-d933-c5f2a9c5cac8,1449126,734
2861873,2019-01-06T07:03:52.361Z,19010607,XBTUSD,Sell,300,3791.5,ZeroMinusTick,272758fd-b011-6faa-c1b1-70e62b5714e4,1449426,735
2861877,2019-01-06T07:03:52.361Z,19010607,XBTUSD,Sell,10,3791.5,ZeroMinusTick,33de7527-1f71-2b55-b710-e5344262f8b1,1449436,736
2861889,2019-01-06T07:03:52.361Z,19010607,XBTUSD,Sell,30,3791,ZeroMinusTick,d3ef129b-6ba8-7d23-4e25-bf35a22a5c8f,1449466,737
2861897,2019-01-06T07:03:52.361Z,19010607,XBTUSD,Sell,17,3791,ZeroMinusTick,906ed291-97fd-7a1e-8da7-4c72b62f5db2,1449483,738
2861908,2019-01-06T07:03:52.361Z,19010607,XBTUSD,Sell,2000,3791,ZeroMinusTick,508fd0fe-f5d3-15f6-ec61-5a4ef75bbb4d,1451483,739
2861920,2019-01-06T07:03:52.361Z,19010607,XBTUSD,Sell,11,3791,ZeroMinusTick,3a817b17-df55-78e8-2ef3-76e6f5a98869,1451494,740
2861999,2019-01-06T07:03:59.063Z,19010607,XBTUSD,Sell,100,3791,ZeroMinusTick,39e7f47a-500a-5b06-8258-af1075375d4b,1451594,741
2862013,2019-01-06T07:03:59.063Z,19010607,XBTUSD,Sell,166,3791,ZeroMinusTick,95e60fdf-58ce-8613-d4ca-cadfec92dd74,1451760,742
2862022,2019-01-06T07:03:59.063Z,19010607,XBTUSD,Sell,20000,3791,ZeroMinusTick,d4a2fd77-b7eb-adc8-e8df-a4e23da977a6,1471760,743
2862066,2019-01-06T07:04:05.384Z,19010607,XBTUSD,Buy,1000,3791.5,ZeroPlusTick,d6c7f4b3-3531-c75a-7315-2291743327da,1472760,744
2862067,2019-01-06T07:04:05.673Z,19010607,XBTUSD,Buy,400,3791.5,ZeroPlusTick,2a070867-1cc9-99e5-b782-df756c1afb49,1473160,745
2862068,2019-01-06T07:04:06.028Z,19010607,XBTUSD,Sell,2000,3791,MinusTick,5224e1da-62f0-98ac-99f4-d0c5d587ac83,1475160,746
2862075,2019-01-06T07:04:08.243Z,19010607,XBTUSD,Sell,500,3791,ZeroMinusTick,b298be74-dca2-e0f0-b036-ba0dbb632bc9,1475660,747
2862085,2019-01-06T07:04:08.243Z,19010607,XBTUSD,Sell,4000,3791,ZeroMinusTick,ffe8cd51-8fb5-aa20-ae16-df333edce4c8,1479660,748
2862096,2019-01-06T07:04:08.243Z,19010607,XBTUSD,Sell,20,3791,ZeroMinusTick,27f83616-423d-2090-c874-a729533fcc56,1479680,749
2862139,2019-01-06T07:04:19.137Z,19010607,XBTUSD,Buy,1,3791.5,ZeroPlusTick,8bb1f8ea-fd92-87ff-d34d-ea424f2c1fa2,1479681,750
2862143,2019-01-06T07:04:22.406Z,19010607,XBTUSD,Buy,2000,3791.5,PlusTick,b889d74e-e171-a649-2342-8fc1375c32fd,1481681,751
2861631,2019-01-06T07:03:42.132Z,19010607,XBTUSD,Sell,755,3792,ZeroMinusTick,0b298251-761b-18fe-26e4-d2e56ab777f2,1482436,752
2861659,2019-01-06T07:03:46.350Z,19010607,XBTUSD,Sell,3645,3792,ZeroMinusTick,8dff59ca-8e7c-5f0f-9006-1c30368f2884,1486081,753
2861669,2019-01-06T07:03:46.350Z,19010607,XBTUSD,Sell,30,3792,ZeroMinusTick,f7175543-4d33-b7d9-a51c-0a62a71fea50,1486111,754
2861673,2019-01-06T07:03:46.406Z,19010607,XBTUSD,Sell,1634,3792,ZeroMinusTick,aee813a3-c75f-b7b6-1898-0c3dce31fe30,1487745,755
2861675,2019-01-06T07:03:46.584Z,19010607,XBTUSD,Sell,1196,3792,ZeroMinusTick,ba05116e-dfc4-3928-4281-78cdb2a6e8dc,1488941,756
2861693,2019-01-06T07:03:46.584Z,19010607,XBTUSD,Sell,11,3791.5,ZeroMinusTick,f6c68d2c-9c80-fe0a-650f-507be390039a,1488952,757
2861703,2019-01-06T07:03:46.584Z,19010607,XBTUSD,Sell,1000,3791.5,ZeroMinusTick,6be6dadd-b86c-37af-c988-b44aacd2ab46,1489952,758
2861713,2019-01-06T07:03:46.584Z,19010607,XBTUSD,Sell,11,3791.5,ZeroMinusTick,046fbd5a-73fe-27ef-6d14-2e3af375c643,1489963,759
2861725,2019-01-06T07:03:46.584Z,19010607,XBTUSD,Sell,11,3791.5,ZeroMinusTick,490f7946-f3e1-9649-2212-47b6af34a1dc,1489974,760
2861734,2019-01-06T07:03:46.584Z,19010607,XBTUSD,Sell,11,3791.5,ZeroMinusTick,79def8d3-30a6-91e9-1a4c-0bd4c51144ac,1489985,761
2861741,2019-01-06T07:03:46.584Z,19010607,XBTUSD,Sell,11,3791.5,ZeroMinusTick,b690241d-8034-6741-bf8f-afd31b34ab67,1489996,762
2861754,2019-01-06T07:03:46.584Z,19010607,XBTUSD,Sell,11,3791.5,ZeroMinusTick,fcee1c88-05c6-bff1-3381-1ee45388acf8,1490007,763
2861763,2019-01-06T07:03:46.584Z,19010607,XBTUSD,Sell,11,3791.5,ZeroMinusTick,d0ab2b1f-eaa7-bcfb-50a4-b0111e6731cf,1490018,764
2861772,2019-01-06T07:03:46.584Z,19010607,XBTUSD,Sell,11,3791.5,ZeroMinusTick,4a745ca1-3a98-74f3-108e-9975cfee16d5,1490029,765
2861783,2019-01-06T07:03:46.584Z,19010607,XBTUSD,Sell,11,3791.5,ZeroMinusTick,d71607e7-b316-faf5-3610-dc051cdbfeb1,1490040,766
2861792,2019-01-06T07:03:46.584Z,19010607,XBTUSD,Sell,11,3791.5,ZeroMinusTick,c77f5690-3f77-7afc-c8a0-757f400f69a5,1490051,767
2861819,2019-01-06T07:03:47.974Z,19010607,XBTUSD,Sell,14,3791.5,ZeroMinusTick,5ed4e939-c823-730e-d418-d6bd14c4ec44,1490065,768
2861848,2019-01-06T07:03:52.361Z,19010607,XBTUSD,Sell,32,3791.5,ZeroMinusTick,7fd93155-0cc5-34a3-7c17-6260df744204,1490097,769
2861861,2019-01-06T07:03:52.361Z,19010607,XBTUSD,Sell,1587,3791.5,ZeroMinusTick,996fa948-50bf-4502-a6c7-4ae76bfca17e,1491684,770
2861866,2019-01-06T07:03:52.361Z,19010607,XBTUSD,Sell,2000,3791.5,ZeroMinusTick,7a3cfeaf-fe74-e924-fc13-d896e2466a73,1493684,771
2861876,2019-01-06T07:03:52.361Z,19010607,XBTUSD,Sell,12,3791.5,ZeroMinusTick,00a6933f-601c-724b-984b-9f354b37c698,1493696,772
2861886,2019-01-06T07:03:52.361Z,19010607,XBTUSD,Sell,125,3791,ZeroMinusTick,e4fdfa7d-7dd3-2fc4-cb8a-572e861b5a60,1493821,773
2861893,2019-01-06T07:03:52.361Z,19010607,XBTUSD,Sell,10,3791,ZeroMinusTick,b90f8ec9-63ad-ccec-4145-5e51ef9922c5,1493831,774
2861905,2019-01-06T07:03:52.361Z,19010607,XBTUSD,Sell,37,3791,ZeroMinusTick,aed55a4a-4c8b-cda6-708a-06e442098d44,1493868,775
2861912,2019-01-06T07:03:52.361Z,19010607,XBTUSD,Sell,200,3791,ZeroMinusTick,3394a6e5-fd4d-b493-c4b5-5f56ab7a4930,1494068,776
2861924,2019-01-06T07:03:52.361Z,19010607,XBTUSD,Sell,30,3791,ZeroMinusTick,bd82a55b-099a-6082-b8bc-12adce73ed65,1494098,777
2861951,2019-01-06T07:03:54.566Z,19010607,XBTUSD,Sell,500,3791,ZeroMinusTick,044cc885-6716-e0a6-113f-57bd7761d1f6,1494598,778
2861996,2019-01-06T07:03:59.063Z,19010607,XBTUSD,Sell,100,3791,ZeroMinusTick,a2b0b0f0-68a0-c9c5-03c1-36b7fe4eb8f4,1494698,779
2862010,2019-01-06T07:03:59.063Z,19010607,XBTUSD,Sell,10,3791,ZeroMinusTick,77a6eb69-9eb0-b3f7-1893-2a8402b8f460,1494708,780
2862024,2019-01-06T07:03:59.063Z,19010607,XBTUSD,Sell,100,3791,ZeroMinusTick,8b305b46-5653-e876-359c-d86c7365ab67,1494808,781
2862070,2019-01-06T07:04:07.526Z,19010607,XBTUSD,Buy,4000,3791.5,PlusTick,6adb6c98-ffbf-c3ad-f3f5-f64aab82eb80,1498808,782
2862071,2019-01-06T07:04:08.021Z,19010607,XBTUSD,Sell,112,3791,MinusTick,6bcc0cb5-e733-b537-559a-5e0fd186fb4c,1498920,783
2861668,2019-01-06T07:03:46.350Z,19010607,XBTUSD,Sell,1000,3792,ZeroMinusTick,9275c398-06ca-929e-2ae6-0e809ca031bf,1499920,784
2861672,2019-01-06T07:03:46.406Z,19010607,XBTUSD,Sell,366,3792,ZeroMinusTick,0f2ade8b-ec56-cd89-4dbd-fb23ef4daf3f,1500286,785
2861674,2019-01-06T07:03:46.584Z,19010607,XBTUSD,Sell,616,3792,ZeroMinusTick,fe930432-53f5-8de2-9584-0b58f16f4fcc,1500902,786
2861684,2019-01-06T07:03:46.584Z,19010607,XBTUSD,Sell,2250,3792,ZeroMinusTick,9ff7125c-7112-1332-53ed-bb6d00e1f24d,1503152,787
2861694,2019-01-06T07:03:46.584Z,19010607,XBTUSD,Sell,11,3791.5,ZeroMinusTick,2a5dca20-ebc0-bb69-06a5-32a0dc6a2610,1503163,788
2861697,2019-01-06T07:03:46.584Z,19010607,XBTUSD,Sell,11,3791.5,ZeroMinusTick,3049decb-1c0a-1a92-dae4-aaffe62224cf,1503174,789
2861709,2019-01-06T07:03:46.584Z,19010607,XBTUSD,Sell,11,3791.5,ZeroMinusTick,57be4c54-767b-6fd2-270d-14ef19e8e8c5,1503185,790
2861719,2019-01-06T07:03:46.584Z,19010607,XBTUSD,Sell,11,3791.5,ZeroMinusTick,7a8c30e8-c94f-a862-650b-e2797a435955,1503196,791
2861732,2019-01-06T07:03:46.584Z,19010607,XBTUSD,Sell,11,3791.5,ZeroMinusTick,3c1cfc1d-9080-5773-c194-994f9f65d1f6,1503207,792
2861743,2019-01-06T07:03:46.584Z,19010607,XBTUSD,Sell,11,3791.5,ZeroMinusTick,e9e34379-6b29-b1f2-0972-005f3024e77f,1503218,793
2861752,2019-01-06T07:03:46.584Z,19010607,XBTUSD,Sell,11,3791.5,ZeroMinusTick,dcc8310c-21fe-b5ba-7aa7-1d6becf737a8,1503229,794
2861762,2019-01-06T07:03:46.584Z,19010607,XBTUSD,Sell,11,3791.5,ZeroMinusTick,4aa53f58-7bf3-fafd-d5e5-51fd6f537d05,1503240,795
