id,timestamp,hour,symbol,bidPrice,bidSize,askPrice,askSize,midPrice,microPrice
9788205,2019-01-06T03:00:02.891Z,19010603,XBTUSD,3793,496522,3793.5,41979,3793.25,3793.5
9788212,2019-01-06T03:00:02.921Z,19010603,XBTUSD,3793,496678,3793.5,42420,3793.25,3793.5
9788227,2019-01-06T03:00:03.429Z,19010603,XBTUSD,3793,482588,3793.5,20118,3793.25,3793.5
9788231,2019-01-06T03:00:03.488Z,19010603,XBTUSD,3793,482588,3793.5,24194,3793.25,3793.5
9788202,2019-01-06T03:00:02.880Z,19010603,XBTUSD,3793,500022,3793.5,41979,3793.25,3793.5
9788216,2019-01-06T03:00:02.943Z,19010603,XBTUSD,3793,486425,3793.5,41920,3793.25,3793.5
9788219,2019-01-06T03:00:02.964Z,19010603,XBTUSD,3793,482687,3793.5,42220,3793.25,3793.5
9788229,2019-01-06T03:00:03.473Z,19010603,XBTUSD,3793,482588,3793.5,24118,3793.25,3793.5
9788254,2019-01-06T03:00:03.542Z,19010603,XBTUSD,3793,482598,3793.5,24272,3793.25,3793.5
9788257,2019-01-06T03:00:03.635Z,19010603,XBTUSD,3793,467484,3793.5,26752,3793.25,3793.5
9788271,2019-01-06T03:00:04.184Z,19010603,XBTUSD,3793,460140,3793.5,83197,3793.25,3793.5
9788313,2019-01-06T03:00:07.875Z,19010603,XBTUSD,3793,471246,3793.5,174543,3793.25,3793.5
9788319,2019-01-06T03:00:08.636Z,19010603,XBTUSD,3793,468346,3793.5,174544,3793.25,3793.5
9788339,2019-01-06T03:00:10.205Z,19010603,XBTUSD,3793,2778346,3793.5,170044,3793.25,3793.5
9788348,2019-01-06T03:00:10.739Z,19010603,XBTUSD,3793,2776361,3793.5,163092,3793.25,3793.5
9788203,2019-01-06T03:00:02.884Z,19010603,XBTUSD,3793,497606,3793.5,41979,3793.25,3793.5
9788210,2019-01-06T03:00:02.914Z,19010603,XBTUSD,3793,494678,3793.5,42429,3793.25,3793.5
9788221,2019-01-06T03:00:03.237Z,19010603,XBTUSD,3793,482512,3793.5,21850,3793.25,3793.5
9788232,2019-01-06T03:00:03.492Z,19010603,XBTUSD,3793,482588,3793.5,24174,3793.25,3793.5
9788264,2019-01-06T03:00:03.880Z,19010603,XBTUSD,3793,457040,3793.5,27814,3793.25,3793.5
9788268,2019-01-06T03:00:03.980Z,19010603,XBTUSD,3793,459720,3793.5,27774,3793.25,3793.5
9788300,2019-01-06T03:00:06.245Z,19010603,XBTUSD,3793,471167,3793.5,82428,3793.25,3793.5
9788312,2019-01-06T03:00:07.809Z,19010603,XBTUSD,3793,471246,3793.5,174542,3793.25,3793.5
9788323,2019-01-06T03:00:08.707Z,19010603,XBTUSD,3793,2768346,3793.5,174545,3793.25,3793.5
9788345,2019-01-06T03:00:10.647Z,19010603,XBTUSD,3793,2776361,3793.5,162901,3793.25,3793.5
9788364,2019-01-06T03:00:11.702Z,19010603,XBTUSD,3793,2778837,3793.5,163326,3793.25,3793.5
9788376,2019-01-06T03:00:12.216Z,19010603,XBTUSD,3793,2849695,3793.5,161329,3793.25,3793.5
9788410,2019-01-06T03:00:13.782Z,19010603,XBTUSD,3793,2849695,3793.5,103366,3793.25,3793.5
9788416,2019-01-06T03:00:14.102Z,19010603,XBTUSD,3793,2849695,3793.5,103159,3793.25,3793.5
9788201,2019-01-06T03:00:02.631Z,19010603,XBTUSD,3793,502414,3793.5,41979,3793.25,3793.5
9788208,2019-01-06T03:00:02.900Z,19010603,XBTUSD,3793,495470,3793.5,42229,3793.25,3793.5
9788218,2019-01-06T03:00:02.958Z,19010603,XBTUSD,3793,482687,3793.5,41920,3793.25,3793.5
9788228,2019-01-06T03:00:03.467Z,19010603,XBTUSD,3793,482588,3793.5,22118,3793.25,3793.5
9788260,2019-01-06T03:00:03.716Z,19010603,XBTUSD,3793,467484,3793.5,26764,3793.25,3793.5
9788267,2019-01-06T03:00:03.912Z,19010603,XBTUSD,3793,457065,3793.5,27774,3793.25,3793.5
9788277,2019-01-06T03:00:04.509Z,19010603,XBTUSD,3793,455140,3793.5,83415,3793.25,3793.5
9788299,2019-01-06T03:00:06.213Z,19010603,XBTUSD,3793,471167,3793.5,82391,3793.25,3793.5
9788318,2019-01-06T03:00:08.173Z,19010603,XBTUSD,3793,468246,3793.5,174544,3793.25,3793.5
9788344,2019-01-06T03:00:10.419Z,19010603,XBTUSD,3793,2776346,3793.5,162901,3793.25,3793.5
9788352,2019-01-06T03:00:10.937Z,19010603,XBTUSD,3793,2776421,3793.5,163256,3793.25,3793.5
9788369,2019-01-06T03:00:11.832Z,19010603,XBTUSD,3793,2779655,3793.5,161327,3793.25,3793.5
9788197,2019-01-06T03:00:02.610Z,19010603,XBTUSD,3793,536213,3793.5,41979,3793.25,3793.5
9788207,2019-01-06T03:00:02.897Z,19010603,XBTUSD,3793,496522,3793.5,42229,3793.25,3793.5
9788217,2019-01-06T03:00:02.950Z,19010603,XBTUSD,3793,485022,3793.5,41920,3793.25,3793.5
9788223,2019-01-06T03:00:03.308Z,19010603,XBTUSD,3793,482522,3793.5,20279,3793.25,3793.5
9788261,2019-01-06T03:00:03.778Z,19010603,XBTUSD,3793,464484,3793.5,26764,3793.25,3793.5
9788274,2019-01-06T03:00:04.217Z,19010603,XBTUSD,3793,460140,3793.5,83216,3793.25,3793.5
9788288,2019-01-06T03:00:05.464Z,19010603,XBTUSD,3793,471140,3793.5,82396,3793.25,3793.5
9788317,2019-01-06T03:00:08.091Z,19010603,XBTUSD,3793,471246,3793.5,174544,3793.25,3793.5
9788343,2019-01-06T03:00:10.375Z,19010603,XBTUSD,3793,2776346,3793.5,145345,3793.25,3793.5
9788349,2019-01-06T03:00:10.826Z,19010603,XBTUSD,3793,2776361,3793.5,163136,3793.25,3793.5
9788362,2019-01-06T03:00:11.659Z,19010603,XBTUSD,3793,2776837,3793.5,163325,3793.25,3793.5
9788381,2019-01-06T03:00:12.811Z,19010603,XBTUSD,3793,2849695,3793.5,111964,3793.25,3793.5
9788408,2019-01-06T03:00:13.405Z,19010603,XBTUSD,3793,2849695,3793.5,112866,3793.25,3793.5
9788200,2019-01-06T03:00:02.627Z,19010603,XBTUSD,3793,511582,3793.5,41979,3793.25,3793.5
9788215,2019-01-06T03:00:02.937Z,19010603,XBTUSD,3793,489945,3793.5,41920,3793.25,3793.5
9788226,2019-01-06T03:00:03.387Z,19010603,XBTUSD,3793,482588,3793.5,20229,3793.25,3793.5
9788258,2019-01-06T03:00:03.671Z,19010603,XBTUSD,3793,467484,3793.5,26753,3793.25,3793.5
9788270,2019-01-06T03:00:04.168Z,19010603,XBTUSD,3793,459740,3793.5,83197,3793.25,3793.5
9788302,2019-01-06T03:00:06.464Z,19010603,XBTUSD,3793,471207,3793.5,82428,3793.25,3793.5
9788320,2019-01-06T03:00:08.642Z,19010603,XBTUSD,3793,468346,3793.5,174592,3793.25,3793.5
9788335,2019-01-06T03:00:09.530Z,19010603,XBTUSD,3793,2768346,3793.5,173043,3793.25,3793.5
9788341,2019-01-06T03:00:10.214Z,19010603,XBTUSD,3793,2776346,3793.5,170045,3793.25,3793.5
9788353,2019-01-06T03:00:10.943Z,19010603,XBTUSD,3793,2776421,3793.5,163736,3793.25,3793.5
9788367,2019-01-06T03:00:11.751Z,19010603,XBTUSD,3793,2778789,3793.5,161327,3793.25,3793.5
9788374,2019-01-06T03:00:12.205Z,19010603,XBTUSD,3793,2779695,3793.5,161328,3793.25,3793.5
9788417,2019-01-06T03:00:14.112Z,19010603,XBTUSD,3793,2849695,3793.5,103139,3793.25,3793.5
9788439,2019-01-06T03:00:15.999Z,19010603,XBTUSD,3793,2779865,3793.5,102340,3793.25,3793.5
9788460,2019-01-06T03:00:16.534Z,19010603,XBTUSD,3793,2778876,3793.5,103340,3793.25,3793.5
9788487,2019-01-06T03:00:17.993Z,19010603,XBTUSD,3793,2783906,3793.5,94742,3793.25,3793.5
9788500,2019-01-06T03:00:18.603Z,19010603,XBTUSD,3793,2783906,3793.5,94745,3793.25,3793.5
9788507,2019-01-06T03:00:19.310Z,19010603,XBTUSD,3793,2779898,3793.5,94148,3793.25,3793.5
9788206,2019-01-06T03:00:02.892Z,19010603,XBTUSD,3793,496522,3793.5,42179,3793.25,3793.5
9788214,2019-01-06T03:00:02.935Z,19010603,XBTUSD,3793,494485,3793.5,41920,3793.25,3793.5
9788220,2019-01-06T03:00:03.032Z,19010603,XBTUSD,3793,482512,3793.5,42220,3793.25,3793.5
9788259,2019-01-06T03:00:03.675Z,19010603,XBTUSD,3793,467484,3793.5,26763,3793.25,3793.5
9788272,2019-01-06T03:00:04.198Z,19010603,XBTUSD,3793,460140,3793.5,83214,3793.25,3793.5
9788279,2019-01-06T03:00:04.711Z,19010603,XBTUSD,3793,455140,3793.5,83396,3793.25,3793.5
9788289,2019-01-06T03:00:05.610Z,19010603,XBTUSD,3793,471157,3793.5,82396,3793.25,3793.5
9788301,2019-01-06T03:00:06.462Z,19010603,XBTUSD,3793,471187,3793.5,82428,3793.25,3793.5
9788311,2019-01-06T03:00:07.725Z,19010603,XBTUSD,3793,471246,3793.5,125875,3793.25,3793.5
9788324,2019-01-06T03:00:08.777Z,19010603,XBTUSD,3793,2768346,3793.5,175040,3793.25,3793.5
9788342,2019-01-06T03:00:10.237Z,19010603,XBTUSD,3793,2776346,3793.5,170345,3793.25,3793.5
9788351,2019-01-06T03:00:10.861Z,19010603,XBTUSD,3793,2776411,3793.5,163256,3793.25,3793.5
9788365,2019-01-06T03:00:11.705Z,19010603,XBTUSD,3793,2778837,3793.5,163327,3793.25,3793.5
9788379,2019-01-06T03:00:12.743Z,19010603,XBTUSD,3793,2849695,3793.5,111962,3793.25,3793.5
9788406,2019-01-06T03:00:13.360Z,19010603,XBTUSD,3793,2849695,3793.5,112864,3793.25,3793.5
9788418,2019-01-06T03:00:14.137Z,19010603,XBTUSD,3793,2849695,3793.5,103439,3793.25,3793.5
9788430,2019-01-06T03:00:15.241Z,19010603,XBTUSD,3793,2779865,3793.5,103151,3793.25,3793.5
9788458,2019-01-06T03:00:16.077Z,19010603,XBTUSD,3793,2778864,3793.5,102340,3793.25,3793.5
9788510,2019-01-06T03:00:19.704Z,19010603,XBTUSD,3793,2780900,3793.5,94099,3793.25,3793.5
9788525,2019-01-06T03:00:20.740Z,19010603,XBTUSD,3793,2775826,3793.5,64102,3793.25,3793.5
9788542,2019-01-06T03:00:21.265Z,19010603,XBTUSD,3793,2775876,3793.5,62119,3793.25,3793.5
9788204,2019-01-06T03:00:02.887Z,19010603,XBTUSD,3793,496478,3793.5,41979,3793.25,3793.5
9788209,2019-01-06T03:00:02.910Z,19010603,XBTUSD,3793,494678,3793.5,42229,3793.25,3793.5
9788224,2019-01-06T03:00:03.310Z,19010603,XBTUSD,3793,482538,3793.5,20279,3793.25,3793.5
9788230,2019-01-06T03:00:03.484Z,19010603,XBTUSD,3793,482588,3793.5,24164,3793.25,3793.5
9788262,2019-01-06T03:00:03.781Z,19010603,XBTUSD,3793,464484,3793.5,27764,3793.25,3793.5
9788269,2019-01-06T03:00:04.027Z,19010603,XBTUSD,3793,459720,3793.5,83197,3793.25,3793.5
9788322,2019-01-06T03:00:08.676Z,19010603,XBTUSD,3793,2768346,3793.5,174593,3793.25,3793.5
9788334,2019-01-06T03:00:09.295Z,19010603,XBTUSD,3793,2768346,3793.5,173042,3793.25,3793.5
9788338,2019-01-06T03:00:10.158Z,19010603,XBTUSD,3793,2778346,3793.5,170043,3793.25,3793.5
9788363,2019-01-06T03:00:11.696Z,19010603,XBTUSD,3793,2778837,3793.5,163325,3793.25,3793.5
9788377,2019-01-06T03:00:12.258Z,19010603,XBTUSD,3793,2849695,3793.5,112662,3793.25,3793.5
9788409,2019-01-06T03:00:13.499Z,19010603,XBTUSD,3793,2849695,3793.5,102866,3793.25,3793.5
9788420,2019-01-06T03:00:14.699Z,19010603,XBTUSD,3793,2779695,3793.5,103149,3793.25,3793.5
9788431,2019-01-06T03:00:15.305Z,19010603,XBTUSD,3793,2779865,3793.5,103152,3793.25,3793.5
9788463,2019-01-06T03:00:16.660Z,19010603,XBTUSD,3793,2778876,3793.5,98942,3793.25,3793.5
9788508,2019-01-06T03:00:19.628Z,19010603,XBTUSD,3793,2780900,3793.5,94148,3793.25,3793.5
9788517,2019-01-06T03:00:20.143Z,19010603,XBTUSD,3793,2770900,3793.5,73100,3793.25,3793.5
9788528,2019-01-06T03:00:20.809Z,19010603,XBTUSD,3793,2775836,3793.5,64108,3793.25,3793.5
9788560,2019-01-06T03:00:22.361Z,19010603,XBTUSD,3793,2774801,3793.5,36961,3793.25,3793.5
9788578,2019-01-06T03:00:23.705Z,19010603,XBTUSD,3793,2781772,3793.5,35319,3793.25,3793.5
9788596,2019-01-06T03:00:24.436Z,19010603,XBTUSD,3793,2794032,3793.5,36321,3793.25,3793.5
9788198,2019-01-06T03:00:02.613Z,19010603,XBTUSD,3793,528718,3793.5,41979,3793.25,3793.5
9788213,2019-01-06T03:00:02.924Z,19010603,XBTUSD,3793,496678,3793.5,41920,3793.25,3793.5
9788225,2019-01-06T03:00:03.315Z,19010603,XBTUSD,3793,482588,3793.5,20279,3793.25,3793.5
9788256,2019-01-06T03:00:03.623Z,19010603,XBTUSD,3793,467484,3793.5,26272,3793.25,3793.5
9788266,2019-01-06T03:00:03.901Z,19010603,XBTUSD,3793,457065,3793.5,27784,3793.25,3793.5
9788276,2019-01-06T03:00:04.435Z,19010603,XBTUSD,3793,455140,3793.5,83405,3793.25,3793.5
9788278,2019-01-06T03:00:04.709Z,19010603,XBTUSD,3793,455140,3793.5,83416,3793.25,3793.5
9788290,2019-01-06T03:00:05.877Z,19010603,XBTUSD,3793,471167,3793.5,82396,3793.25,3793.5
9788303,2019-01-06T03:00:06.735Z,19010603,XBTUSD,3793,471217,3793.5,82428,3793.25,3793.5
9788310,2019-01-06T03:00:07.685Z,19010603,XBTUSD,3793,471246,3793.5,125874,3793.25,3793.5
9788325,2019-01-06T03:00:08.855Z,19010603,XBTUSD,3793,2768346,3793.5,175041,3793.25,3793.5
9788340,2019-01-06T03:00:10.208Z,19010603,XBTUSD,3793,2776346,3793.5,170044,3793.25,3793.5
9788355,2019-01-06T03:00:11.013Z,19010603,XBTUSD,3793,2776837,3793.5,163925,3793.25,3793.5
9788368,2019-01-06T03:00:11.778Z,19010603,XBTUSD,3793,2779489,3793.5,161327,3793.25,3793.5
9788378,2019-01-06T03:00:12.367Z,19010603,XBTUSD,3793,2849695,3793.5,111662,3793.25,3793.5
9788423,2019-01-06T03:00:14.813Z,19010603,XBTUSD,3793,2779885,3793.5,103151,3793.25,3793.5
9788436,2019-01-06T03:00:15.695Z,19010603,XBTUSD,3793,2779865,3793.5,102499,3793.25,3793.5
9788461,2019-01-06T03:00:16.627Z,19010603,XBTUSD,3793,2778876,3793.5,98940,3793.25,3793.5
9788509,2019-01-06T03:00:19.630Z,19010603,XBTUSD,3793,2780900,3793.5,94098,3793.25,3793.5
9788520,2019-01-06T03:00:20.210Z,19010603,XBTUSD,3793,2770409,3793.5,73101,3793.25,3793.5
9788545,2019-01-06T03:00:21.482Z,19010603,XBTUSD,3793,2775403,3793.5,62309,3793.25,3793.5
9788549,2019-01-06T03:00:22.017Z,19010603,XBTUSD,3793,2775403,3793.5,51959,3793.25,3793.5
9788563,2019-01-06T03:00:22.610Z,19010603,XBTUSD,3793,2774801,3793.5,35319,3793.25,3793.5
9788580,2019-01-06T03:00:23.729Z,19010603,XBTUSD,3793,2787772,3793.5,35319,3793.25,3793.5
9788598,2019-01-06T03:00:24.514Z,19010603,XBTUSD,3793,2794032,3793.5,36323,3793.25,3793.5
9788604,2019-01-06T03:00:25.023Z,19010603,XBTUSD,3793,2794168,3793.5,25948,3793.25,3793.5
9788696,2019-01-06T03:00:26.746Z,19010603,XBTUSD,3793,2864547,3793.5,24786,3793.25,3793.5
9788767,2019-01-06T03:00:27.326Z,19010603,XBTUSD,3793,2872054,3793.5,24788,3793.25,3793.5
9788775,2019-01-06T03:00:27.762Z,19010603,XBTUSD,3793.5,26417,3794,30244,3793.75,3794
9788788,2019-01-06T03:00:27.802Z,19010603,XBTUSD,3793.5,138062,3794,30244,3793.75,3794
9788795,2019-01-06T03:00:27.819Z,19010603,XBTUSD,3793.5,215659,3794,30244,3793.75,3794
9788806,2019-01-06T03:00:27.861Z,19010603,XBTUSD,3793.5,321140,3794,72222,3793.75,3794
9788199,2019-01-06T03:00:02.618Z,19010603,XBTUSD,3793,520594,3793.5,41979,3793.25,3793.5
9788211,2019-01-06T03:00:02.917Z,19010603,XBTUSD,3793,494678,3793.5,42420,3793.25,3793.5
9788222,2019-01-06T03:00:03.298Z,19010603,XBTUSD,3793,482512,3793.5,20279,3793.25,3793.5
9788233,2019-01-06T03:00:03.515Z,19010603,XBTUSD,3793,482588,3793.5,24272,3793.25,3793.5
9788255,2019-01-06T03:00:03.613Z,19010603,XBTUSD,3793,482598,3793.5,25272,3793.25,3793.5
9788265,2019-01-06T03:00:03.898Z,19010603,XBTUSD,3793,457040,3793.5,27844,3793.25,3793.5
9788273,2019-01-06T03:00:04.215Z,19010603,XBTUSD,3793,460140,3793.5,83215,3793.25,3793.5
9788304,2019-01-06T03:00:06.990Z,19010603,XBTUSD,3793,471217,3793.5,82457,3793.25,3793.5
9788309,2019-01-06T03:00:07.400Z,19010603,XBTUSD,3793,471246,3793.5,82457,3793.25,3793.5
9788321,2019-01-06T03:00:08.651Z,19010603,XBTUSD,3793,468346,3793.5,174593,3793.25,3793.5
9788336,2019-01-06T03:00:09.539Z,19010603,XBTUSD,3793,2778346,3793.5,173043,3793.25,3793.5
9788347,2019-01-06T03:00:10.714Z,19010603,XBTUSD,3793,2776361,3793.5,162903,3793.25,3793.5
9788350,2019-01-06T03:00:10.835Z,19010603,XBTUSD,3793,2776411,3793.5,163136,3793.25,3793.5
9788380,2019-01-06T03:00:12.804Z,19010603,XBTUSD,3793,2849695,3793.5,111963,3793.25,3793.5
9788407,2019-01-06T03:00:13.403Z,19010603,XBTUSD,3793,2849695,3793.5,112865,3793.25,3793.5
9788433,2019-01-06T03:00:15.359Z,19010603,XBTUSD,3793,2779865,3793.5,103149,3793.25,3793.5
9788465,2019-01-06T03:00:16.841Z,19010603,XBTUSD,3793,2778886,3793.5,98742,3793.25,3793.5
9788499,2019-01-06T03:00:18.538Z,19010603,XBTUSD,3793,2783906,3793.5,94744,3793.25,3793.5
9788511,2019-01-06T03:00:19.711Z,19010603,XBTUSD,3793,2780900,3793.5,94100,3793.25,3793.5
9788516,2019-01-06T03:00:20.107Z,19010603,XBTUSD,3793,2770900,3793.5,74100,3793.25,3793.5
9788526,2019-01-06T03:00:20.792Z,19010603,XBTUSD,3793,2775826,3793.5,64107,3793.25,3793.5
9788546,2019-01-06T03:00:21.489Z,19010603,XBTUSD,3793,2775403,3793.5,62289,3793.25,3793.5
9788579,2019-01-06T03:00:23.713Z,19010603,XBTUSD,3793,2784772,3793.5,35319,3793.25,3793.5
9788600,2019-01-06T03:00:24.710Z,19010603,XBTUSD,3793,2794044,3793.5,36333,3793.25,3793.5
9788605,2019-01-06T03:00:25.028Z,19010603,XBTUSD,3793,2794168,3793.5,25949,3793.25,3793.5
9788681,2019-01-06T03:00:25.510Z,19010603,XBTUSD,3793,2860539,3793.5,25949,3793.25,3793.5
9788690,2019-01-06T03:00:26.197Z,19010603,XBTUSD,3793,2861040,3793.5,24751,3793.25,3793.5
9788772,2019-01-06T03:00:27.730Z,19010603,XBTUSD,3793.5,16402,3794,30244,3793.75,3794
9788781,2019-01-06T03:00:27.784Z,19010603,XBTUSD,3793.5,46837,3794,30244,3793.75,3794
9788791,2019-01-06T03:00:27.808Z,19010603,XBTUSD,3793.5,148441,3794,30244,3793.75,3794
9788801,2019-01-06T03:00:27.834Z,19010603,XBTUSD,3793.5,288140,3794,30244,3793.75,3794
9788803,2019-01-06T03:00:27.851Z,19010603,XBTUSD,3793.5,308140,3794,30244,3793.75,3794
9788815,2019-01-06T03:00:27.923Z,19010603,XBTUSD,3793.5,400722,3794,72228,3793.75,3794
9788825,2019-01-06T03:00:27.975Z,19010603,XBTUSD,3793.5,373551,3794,72228,3793.75,3794
9788263,2019-01-06T03:00:03.833Z,19010603,XBTUSD,3793,464534,3793.5,27814,3793.25,3793.5
9788275,2019-01-06T03:00:04.388Z,19010603,XBTUSD,3793,460140,3793.5,83405,3793.25,3793.5
9788326,2019-01-06T03:00:08.908Z,19010603,XBTUSD,3793,2768346,3793.5,173041,3793.25,3793.5
9788346,2019-01-06T03:00:10.703Z,19010603,XBTUSD,3793,2776361,3793.5,162902,3793.25,3793.5
9788354,2019-01-06T03:00:11.006Z,19010603,XBTUSD,3793,2776837,3793.5,163736,3793.25,3793.5
9788366,2019-01-06T03:00:11.712Z,19010603,XBTUSD,3793,2778789,3793.5,163327,3793.25,3793.5
9788375,2019-01-06T03:00:12.208Z,19010603,XBTUSD,3793,2779695,3793.5,161329,3793.25,3793.5
9788412,2019-01-06T03:00:14.037Z,19010603,XBTUSD,3793,2849695,3793.5,103158,3793.25,3793.5
9788419,2019-01-06T03:00:14.401Z,19010603,XBTUSD,3793,2779695,3793.5,103439,3793.25,3793.5
9788437,2019-01-06T03:00:15.735Z,19010603,XBTUSD,3793,2779865,3793.5,102338,3793.25,3793.5
9788489,2019-01-06T03:00:18.029Z,19010603,XBTUSD,3793,2783906,3793.5,94744,3793.25,3793.5
9788512,2019-01-06T03:00:19.922Z,19010603,XBTUSD,3793,2770900,3793.5,84100,3793.25,3793.5
9788524,2019-01-06T03:00:20.703Z,19010603,XBTUSD,3793,2775826,3793.5,73102,3793.25,3793.5
9788527,2019-01-06T03:00:20.805Z,19010603,XBTUSD,3793,2775836,3793.5,64107,3793.25,3793.5
9788548,2019-01-06T03:00:21.989Z,19010603,XBTUSD,3793,2775403,3793.5,61959,3793.25,3793.5
9788558,2019-01-06T03:00:22.107Z,19010603,XBTUSD,3793,2775403,3793.5,51961,3793.25,3793.5
9788680,2019-01-06T03:00:25.421Z,19010603,XBTUSD,3793,2790539,3793.5,25949,3793.25,3793.5
9788695,2019-01-06T03:00:26.685Z,19010603,XBTUSD,3793,2872044,3793.5,24786,3793.25,3793.5
9788773,2019-01-06T03:00:27.739Z,19010603,XBTUSD,3793.5,21402,3794,30244,3793.75,3794
9788783,2019-01-06T03:00:27.790Z,19010603,XBTUSD,3793.5,66987,3794,30244,3793.75,3794
9788799,2019-01-06T03:00:27.830Z,19010603,XBTUSD,3793.5,264959,3794,30244,3793.75,3794
9788804,2019-01-06T03:00:27.858Z,19010603,XBTUSD,3793.5,318140,3794,30244,3793.75,3794
9788814,2019-01-06T03:00:27.919Z,19010603,XBTUSD,3793.5,370249,3794,72228,3793.75,3794
9788828,2019-01-06T03:00:27.984Z,19010603,XBTUSD,3793.5,333851,3794,72228,3793.75,3794
9788839,2019-01-06T03:00:28.131Z,19010603,XBTUSD,3793.5,406690,3794,12228,3793.75,3794
9788852,2019-01-06T03:00:28.256Z,19010603,XBTUSD,3793.5,427334,3794,28449,3793.75,3794
9788864,2019-01-06T03:00:28.393Z,19010603,XBTUSD,3793.5,435817,3794,29290,3793.75,3794
9788903,2019-01-06T03:00:29.377Z,19010603,XBTUSD,3793.5,433447,3794,29894,3793.75,3794
9788996,2019-01-06T03:00:31.763Z,19010603,XBTUSD,3793.5,2734163,3794,18775,3793.75,3794
9789009,2019-01-06T03:00:33.232Z,19010603,XBTUSD,3793.5,2734223,3794,15779,3793.75,3794
9789019,2019-01-06T03:00:34.130Z,19010603,XBTUSD,3793.5,2734985,3794,15801,3793.75,3794
9789037,2019-01-06T03:00:35.217Z,19010603,XBTUSD,3794,84207,3794.5,123774,3794.25,3794.5
9789052,2019-01-06T03:00:35.386Z,19010603,XBTUSD,3794,189619,3794.5,123757,3794.25,3794.5
9789060,2019-01-06T03:00:35.403Z,19010603,XBTUSD,3794,239284,3794.5,123757,3794.25,3794.5
9789069,2019-01-06T03:00:35.436Z,19010603,XBTUSD,3794,304494,3794.5,123785,3794.25,3794.5
9789078,2019-01-06T03:00:35.479Z,19010603,XBTUSD,3794,377678,3794.5,123785,3794.25,3794.5
9788373,2019-01-06T03:00:12.137Z,19010603,XBTUSD,3793,2779695,3793.5,161327,3793.25,3793.5
9788404,2019-01-06T03:00:13.342Z,19010603,XBTUSD,3793,2849695,3793.5,112464,3793.25,3793.5
9788411,2019-01-06T03:00:13.850Z,19010603,XBTUSD,3793,2849695,3793.5,102858,3793.25,3793.5
9788421,2019-01-06T03:00:14.797Z,19010603,XBTUSD,3793,2779885,3793.5,103149,3793.25,3793.5
9788435,2019-01-06T03:00:15.439Z,19010603,XBTUSD,3793,2779865,3793.5,102849,3793.25,3793.5
9788459,2019-01-06T03:00:16.112Z,19010603,XBTUSD,3793,2778864,3793.5,103340,3793.25,3793.5
9788505,2019-01-06T03:00:19.204Z,19010603,XBTUSD,3793,2779898,3793.5,94647,3793.25,3793.5
9788518,2019-01-06T03:00:20.189Z,19010603,XBTUSD,3793,2770910,3793.5,73100,3793.25,3793.5
9788541,2019-01-06T03:00:21.257Z,19010603,XBTUSD,3793,2775876,3793.5,62109,3793.25,3793.5
9788564,2019-01-06T03:00:22.786Z,19010603,XBTUSD,3793,2774772,3793.5,35319,3793.25,3793.5
9788586,2019-01-06T03:00:23.980Z,19010603,XBTUSD,3793,2804032,3793.5,35321,3793.25,3793.5
9788599,2019-01-06T03:00:24.517Z,19010603,XBTUSD,3793,2794032,3793.5,36333,3793.25,3793.5
9788693,2019-01-06T03:00:26.460Z,19010603,XBTUSD,3793,2868537,3793.5,24785,3793.25,3793.5
9788765,2019-01-06T03:00:27.112Z,19010603,XBTUSD,3793,2864547,3793.5,24788,3793.25,3793.5
9788778,2019-01-06T03:00:27.777Z,19010603,XBTUSD,3793.5,36657,3794,30244,3793.75,3794
9788787,2019-01-06T03:00:27.800Z,19010603,XBTUSD,3793.5,136062,3794,30244,3793.75,3794
9788800,2019-01-06T03:00:27.833Z,19010603,XBTUSD,3793.5,269959,3794,30244,3793.75,3794
9788811,2019-01-06T03:00:27.888Z,19010603,XBTUSD,3793.5,350249,3794,72222,3793.75,3794
9788817,2019-01-06T03:00:27.945Z,19010603,XBTUSD,3793.5,404701,3794,72228,3793.75,3794
9788832,2019-01-06T03:00:28.003Z,19010603,XBTUSD,3793.5,343390,3794,72228,3793.75,3794
9788837,2019-01-06T03:00:28.131Z,19010603,XBTUSD,3793.5,383690,3794,12228,3793.75,3794
9788851,2019-01-06T03:00:28.230Z,19010603,XBTUSD,3793.5,427210,3794,28449,3793.75,3794
9788860,2019-01-06T03:00:28.321Z,19010603,XBTUSD,3793.5,443817,3794,29196,3793.75,3794
9788874,2019-01-06T03:00:28.959Z,19010603,XBTUSD,3793.5,415947,3794,29893,3793.75,3794
9788910,2019-01-06T03:00:30.013Z,19010603,XBTUSD,3793.5,433735,3794,29897,3793.75,3794
9788957,2019-01-06T03:00:31.303Z,19010603,XBTUSD,3793.5,433804,3794,20867,3793.75,3794
9788995,2019-01-06T03:00:31.753Z,19010603,XBTUSD,3793.5,2734163,3794,17675,3793.75,3794
9789010,2019-01-06T03:00:33.684Z,19010603,XBTUSD,3793.5,2734223,3794,15799,3793.75,3794
9789023,2019-01-06T03:00:34.830Z,19010603,XBTUSD,3793.5,2740420,3794,15802,3793.75,3794
9789044,2019-01-06T03:00:35.363Z,19010603,XBTUSD,3794,159189,3794.5,123757,3794.25,3794.5
9789051,2019-01-06T03:00:35.383Z,19010603,XBTUSD,3794,179619,3794.5,123757,3794.25,3794.5
9789061,2019-01-06T03:00:35.411Z,19010603,XBTUSD,3794,249284,3794.5,123757,3794.25,3794.5
9789076,2019-01-06T03:00:35.469Z,19010603,XBTUSD,3794,359081,3794.5,123785,3794.25,3794.5
9789085,2019-01-06T03:00:35.509Z,19010603,XBTUSD,3794,409678,3794.5,136364,3794.25,3794.5
9789098,2019-01-06T03:00:35.727Z,19010603,XBTUSD,3794,453658,3794.5,152458,3794.25,3794.5
9789127,2019-01-06T03:00:36.434Z,19010603,XBTUSD,3794,471118,3794.5,153272,3794.25,3794.5
9789147,2019-01-06T03:00:37.403Z,19010603,XBTUSD,3794,465524,3794.5,153871,3794.25,3794.5
9788405,2019-01-06T03:00:13.358Z,19010603,XBTUSD,3793,2849695,3793.5,112664,3793.25,3793.5
9788422,2019-01-06T03:00:14.806Z,19010603,XBTUSD,3793,2779885,3793.5,103150,3793.25,3793.5
9788438,2019-01-06T03:00:15.802Z,19010603,XBTUSD,3793,2779865,3793.5,102339,3793.25,3793.5
9788462,2019-01-06T03:00:16.639Z,19010603,XBTUSD,3793,2778876,3793.5,98941,3793.25,3793.5
9788488,2019-01-06T03:00:18.025Z,19010603,XBTUSD,3793,2783906,3793.5,94743,3793.25,3793.5
9788519,2019-01-06T03:00:20.196Z,19010603,XBTUSD,3793,2770409,3793.5,73100,3793.25,3793.5
9788543,2019-01-06T03:00:21.405Z,19010603,XBTUSD,3793,2775403,3793.5,62119,3793.25,3793.5
9788562,2019-01-06T03:00:22.606Z,19010603,XBTUSD,3793,2774801,3793.5,35318,3793.25,3793.5
9788581,2019-01-06T03:00:23.702Z,19010603,XBTUSD,3793,2776772,3793.5,35319,3793.25,3793.5
9788595,2019-01-06T03:00:24.407Z,19010603,XBTUSD,3793,2794032,3793.5,35321,3793.25,3793.5
9788606,2019-01-06T03:00:25.034Z,19010603,XBTUSD,3793,2794547,3793.5,25949,3793.25,3793.5
9788692,2019-01-06T03:00:26.431Z,19010603,XBTUSD,3793,2868537,3793.5,24784,3793.25,3793.5
9788774,2019-01-06T03:00:27.741Z,19010603,XBTUSD,3793.5,26402,3794,30244,3793.75,3794
9788785,2019-01-06T03:00:27.797Z,19010603,XBTUSD,3793.5,104062,3794,30244,3793.75,3794
9788797,2019-01-06T03:00:27.821Z,19010603,XBTUSD,3793.5,243776,3794,30244,3793.75,3794
9788809,2019-01-06T03:00:27.881Z,19010603,XBTUSD,3793.5,336249,3794,72222,3793.75,3794
9788830,2019-01-06T03:00:27.995Z,19010603,XBTUSD,3793.5,338379,3794,72228,3793.75,3794
9788840,2019-01-06T03:00:28.153Z,19010603,XBTUSD,3793.5,411690,3794,12228,3793.75,3794
9788848,2019-01-06T03:00:28.188Z,19010603,XBTUSD,3793.5,461210,3794,12198,3793.75,3794
9788866,2019-01-06T03:00:28.420Z,19010603,XBTUSD,3793.5,415817,3794,29293,3793.75,3794
9788869,2019-01-06T03:00:28.549Z,19010603,XBTUSD,3793.5,415817,3794,29702,3793.75,3794
9788907,2019-01-06T03:00:29.979Z,19010603,XBTUSD,3793.5,433545,3794,29895,3793.75,3794
9788954,2019-01-06T03:00:31.133Z,19010603,XBTUSD,3793.5,433779,3794,29897,3793.75,3794
9789000,2019-01-06T03:00:32.570Z,19010603,XBTUSD,3793.5,2734213,3794,18778,3793.75,3794
9789038,2019-01-06T03:00:35.225Z,19010603,XBTUSD,3794,128152,3794.5,123774,3794.25,3794.5
9789054,2019-01-06T03:00:35.391Z,19010603,XBTUSD,3794,189859,3794.5,123757,3794.25,3794.5
9789063,2019-01-06T03:00:35.415Z,19010603,XBTUSD,3794,263284,3794.5,123757,3794.25,3794.5
9789071,2019-01-06T03:00:35.439Z,19010603,XBTUSD,3794,315494,3794.5,123785,3794.25,3794.5
9789084,2019-01-06T03:00:35.496Z,19010603,XBTUSD,3794,404678,3794.5,136364,3794.25,3794.5
9789096,2019-01-06T03:00:35.686Z,19010603,XBTUSD,3794,451658,3794.5,152269,3794.25,3794.5
9789104,2019-01-06T03:00:35.940Z,19010603,XBTUSD,3794,460158,3794.5,152462,3794.25,3794.5
9789125,2019-01-06T03:00:36.171Z,19010603,XBTUSD,3794,471084,3794.5,152772,3794.25,3794.5
9789145,2019-01-06T03:00:37.167Z,19010603,XBTUSD,3794,465518,3794.5,153891,3794.25,3794.5
9789158,2019-01-06T03:00:37.918Z,19010603,XBTUSD,3794,463027,3794.5,156413,3794.25,3794.5
9789190,2019-01-06T03:00:38.229Z,19010603,XBTUSD,3794,512380,3794.5,156572,3794.25,3794.5
9789203,2019-01-06T03:00:38.479Z,19010603,XBTUSD,3794,504327,3794.5,74373,3794.25,3794.5
9788432,2019-01-06T03:00:15.308Z,19010603,XBTUSD,3793,2779865,3793.5,103153,3793.25,3793.5
9788464,2019-01-06T03:00:16.667Z,19010603,XBTUSD,3793,2778886,3793.5,98942,3793.25,3793.5
9788486,2019-01-06T03:00:17.976Z,19010603,XBTUSD,3793,2778896,3793.5,94742,3793.25,3793.5
9788501,2019-01-06T03:00:18.608Z,19010603,XBTUSD,3793,2783906,3793.5,94746,3793.25,3793.5
9788504,2019-01-06T03:00:19.097Z,19010603,XBTUSD,3793,2779898,3793.5,94646,3793.25,3793.5
9788521,2019-01-06T03:00:20.213Z,19010603,XBTUSD,3793,2770409,3793.5,73102,3793.25,3793.5
9788529,2019-01-06T03:00:20.811Z,19010603,XBTUSD,3793,2775836,3793.5,64109,3793.25,3793.5
9788547,2019-01-06T03:00:21.617Z,19010603,XBTUSD,3793,2775403,3793.5,62259,3793.25,3793.5
9788583,2019-01-06T03:00:23.737Z,19010603,XBTUSD,3793,2801772,3793.5,35319,3793.25,3793.5
9788597,2019-01-06T03:00:24.504Z,19010603,XBTUSD,3793,2794032,3793.5,36322,3793.25,3793.5
9788689,2019-01-06T03:00:26.160Z,19010603,XBTUSD,3793,2861541,3793.5,24751,3793.25,3793.5
9788770,2019-01-06T03:00:27.695Z,19010603,XBTUSD,3793,2872054,3794,30244,3793.5,3794
9788780,2019-01-06T03:00:27.782Z,19010603,XBTUSD,3793.5,46747,3794,30244,3793.75,3794
9788790,2019-01-06T03:00:27.804Z,19010603,XBTUSD,3793.5,148291,3794,30244,3793.75,3794
9788794,2019-01-06T03:00:27.818Z,19010603,XBTUSD,3793.5,196541,3794,30244,3793.75,3794
9788805,2019-01-06T03:00:27.860Z,19010603,XBTUSD,3793.5,318140,3794,72222,3793.75,3794
9788813,2019-01-06T03:00:27.902Z,19010603,XBTUSD,3793.5,360249,3794,72228,3793.75,3794
9788831,2019-01-06T03:00:28.002Z,19010603,XBTUSD,3793.5,338390,3794,72228,3793.75,3794
9788843,2019-01-06T03:00:28.169Z,19010603,XBTUSD,3793.5,448690,3794,12198,3793.75,3794
9788850,2019-01-06T03:00:28.226Z,19010603,XBTUSD,3793.5,452210,3794,28449,3793.75,3794
9788859,2019-01-06T03:00:28.313Z,19010603,XBTUSD,3793.5,443337,3794,28716,3793.75,3794
9788870,2019-01-06T03:00:28.712Z,19010603,XBTUSD,3793.5,415817,3794,29703,3793.75,3794
9788908,2019-01-06T03:00:30.004Z,19010603,XBTUSD,3793.5,433545,3794,29896,3793.75,3794
9788961,2019-01-06T03:00:31.412Z,19010603,XBTUSD,3793.5,2734129,3794,17675,3793.75,3794
9789001,2019-01-06T03:00:32.583Z,19010603,XBTUSD,3793.5,2734213,3794,18779,3793.75,3794
9789013,2019-01-06T03:00:33.856Z,19010603,XBTUSD,3793.5,2734623,3794,15801,3793.75,3794
9789020,2019-01-06T03:00:34.188Z,19010603,XBTUSD,3793.5,2734984,3794,15801,3793.75,3794
9789045,2019-01-06T03:00:35.366Z,19010603,XBTUSD,3794,159264,3794.5,123757,3794.25,3794.5
9789049,2019-01-06T03:00:35.378Z,19010603,XBTUSD,3794,179454,3794.5,123757,3794.25,3794.5
9789058,2019-01-06T03:00:35.399Z,19010603,XBTUSD,3794,227284,3794.5,123757,3794.25,3794.5
9789070,2019-01-06T03:00:35.437Z,19010603,XBTUSD,3794,314494,3794.5,123785,3794.25,3794.5
9789079,2019-01-06T03:00:35.480Z,19010603,XBTUSD,3794,382678,3794.5,123785,3794.25,3794.5
9789089,2019-01-06T03:00:35.541Z,19010603,XBTUSD,3794,433158,3794.5,136364,3794.25,3794.5
9789093,2019-01-06T03:00:35.640Z,19010603,XBTUSD,3794,445158,3794.5,152269,3794.25,3794.5
9789106,2019-01-06T03:00:36.063Z,19010603,XBTUSD,3794,471084,3794.5,152582,3794.25,3794.5
9789133,2019-01-06T03:00:36.938Z,19010603,XBTUSD,3794,471518,3794.5,153874,3794.25,3794.5
9789152,2019-01-06T03:00:37.605Z,19010603,XBTUSD,3794,465924,3794.5,152463,3794.25,3794.5
9789157,2019-01-06T03:00:37.900Z,19010603,XBTUSD,3794,463027,3794.5,154413,3794.25,3794.5
9789182,2019-01-06T03:00:38.188Z,19010603,XBTUSD,3794,464027,3794.5,156343,3794.25,3794.5
9789191,2019-01-06T03:00:38.238Z,19010603,XBTUSD,3794,512380,3794.5,77672,3794.25,3794.5
9789201,2019-01-06T03:00:38.459Z,19010603,XBTUSD,3794,474327,3794.5,74373,3794.25,3794.5
9789208,2019-01-06T03:00:38.558Z,19010603,XBTUSD,3794,504338,3794.5,120823,3794.25,3794.5
9788434,2019-01-06T03:00:15.431Z,19010603,XBTUSD,3793,2779865,3793.5,102949,3793.25,3793.5
9788485,2019-01-06T03:00:17.923Z,19010603,XBTUSD,3793,2778896,3793.5,98742,3793.25,3793.5
9788498,2019-01-06T03:00:18.226Z,19010603,XBTUSD,3793,2778896,3793.5,94744,3793.25,3793.5
9788502,2019-01-06T03:00:18.679Z,19010603,XBTUSD,3793,2783906,3793.5,94646,3793.25,3793.5
9788506,2019-01-06T03:00:19.207Z,19010603,XBTUSD,3793,2779898,3793.5,94648,3793.25,3793.5
9788523,2019-01-06T03:00:20.571Z,19010603,XBTUSD,3793,2772319,3793.5,73102,3793.25,3793.5
9788544,2019-01-06T03:00:21.424Z,19010603,XBTUSD,3793,2775403,3793.5,62308,3793.25,3793.5
9788559,2019-01-06T03:00:22.139Z,19010603,XBTUSD,3793,2774801,3793.5,51961,3793.25,3793.5
9788585,2019-01-06T03:00:23.806Z,19010603,XBTUSD,3793,2801772,3793.5,35321,3793.25,3793.5
9788601,2019-01-06T03:00:24.804Z,19010603,XBTUSD,3793,2794168,3793.5,26457,3793.25,3793.5
9788683,2019-01-06T03:00:25.718Z,19010603,XBTUSD,3793,2861541,3793.5,24949,3793.25,3793.5
9788688,2019-01-06T03:00:25.740Z,19010603,XBTUSD,3793,2861541,3793.5,24951,3793.25,3793.5
9788768,2019-01-06T03:00:27.491Z,19010603,XBTUSD,3793,2872054,3793.5,24787,3793.25,3793.5
9788779,2019-01-06T03:00:27.779Z,19010603,XBTUSD,3793.5,36747,3794,30244,3793.75,3794
9788782,2019-01-06T03:00:27.788Z,19010603,XBTUSD,3793.5,66837,3794,30244,3793.75,3794
9788796,2019-01-06T03:00:27.820Z,19010603,XBTUSD,3793.5,233776,3794,30244,3793.75,3794
9788810,2019-01-06T03:00:27.883Z,19010603,XBTUSD,3793.5,340249,3794,72222,3793.75,3794
9788834,2019-01-06T03:00:28.025Z,19010603,XBTUSD,3793.5,363390,3794,72228,3793.75,3794
9788838,2019-01-06T03:00:28.131Z,19010603,XBTUSD,3793.5,388690,3794,12228,3793.75,3794
9788853,2019-01-06T03:00:28.272Z,19010603,XBTUSD,3793.5,429334,3794,28449,3793.75,3794
9788865,2019-01-06T03:00:28.411Z,19010603,XBTUSD,3793.5,415817,3794,29290,3793.75,3794
9788872,2019-01-06T03:00:28.727Z,19010603,XBTUSD,3793.5,415941,3794,29892,3793.75,3794
9788960,2019-01-06T03:00:31.383Z,19010603,XBTUSD,3793.5,2734129,3794,20867,3793.75,3794
9789012,2019-01-06T03:00:33.808Z,19010603,XBTUSD,3793.5,2734623,3794,15800,3793.75,3794
9789022,2019-01-06T03:00:34.810Z,19010603,XBTUSD,3793.5,2740420,3794,15801,3793.75,3794
9789040,2019-01-06T03:00:35.254Z,19010603,XBTUSD,3794,144910,3794.5,123757,3794.25,3794.5
9789050,2019-01-06T03:00:35.380Z,19010603,XBTUSD,3794,179469,3794.5,123757,3794.25,3794.5
9789064,2019-01-06T03:00:35.418Z,19010603,XBTUSD,3794,268284,3794.5,123757,3794.25,3794.5
9789077,2019-01-06T03:00:35.475Z,19010603,XBTUSD,3794,377299,3794.5,123785,3794.25,3794.5
9789086,2019-01-06T03:00:35.516Z,19010603,XBTUSD,3794,419678,3794.5,136364,3794.25,3794.5
9789100,2019-01-06T03:00:35.795Z,19010603,XBTUSD,3794,455658,3794.5,152461,3794.25,3794.5
9789126,2019-01-06T03:00:36.221Z,19010603,XBTUSD,3794,471118,3794.5,152772,3794.25,3794.5
9789143,2019-01-06T03:00:37.133Z,19010603,XBTUSD,3794,461518,3794.5,153875,3794.25,3794.5
9789154,2019-01-06T03:00:37.665Z,19010603,XBTUSD,3794,465927,3794.5,152413,3794.25,3794.5
9789189,2019-01-06T03:00:38.226Z,19010603,XBTUSD,3794,512380,3794.5,156542,3794.25,3794.5
9789202,2019-01-06T03:00:38.466Z,19010603,XBTUSD,3794,494327,3794.5,74373,3794.25,3794.5
9789213,2019-01-06T03:00:38.686Z,19010603,XBTUSD,3794,494366,3794.5,118523,3794.25,3794.5
9789236,2019-01-06T03:00:39.112Z,19010603,XBTUSD,3796,98819,3796.5,47643,3796.25,3796.5
9789244,2019-01-06T03:00:39.216Z,19010603,XBTUSD,3796.5,16842,3797,160069,3796.75,3797
9789254,2019-01-06T03:00:39.301Z,19010603,XBTUSD,3796.5,17497,3797,144069,3796.75,3797
9789264,2019-01-06T03:00:39.408Z,19010603,XBTUSD,3796.5,69746,3797,136627,3796.75,3797
9788522,2019-01-06T03:00:20.222Z,19010603,XBTUSD,3793,2770369,3793.5,73102,3793.25,3793.5
9788540,2019-01-06T03:00:21.225Z,19010603,XBTUSD,3793,2775836,3793.5,62109,3793.25,3793.5
9788557,2019-01-06T03:00:22.104Z,19010603,XBTUSD,3793,2775403,3793.5,51960,3793.25,3793.5
9788584,2019-01-06T03:00:23.803Z,19010603,XBTUSD,3793,2801772,3793.5,35320,3793.25,3793.5
9788602,2019-01-06T03:00:24.923Z,19010603,XBTUSD,3793,2794168,3793.5,26447,3793.25,3793.5
9788682,2019-01-06T03:00:25.687Z,19010603,XBTUSD,3793,2861541,3793.5,25949,3793.25,3793.5
9788691,2019-01-06T03:00:26.204Z,19010603,XBTUSD,3793,2861040,3793.5,24784,3793.25,3793.5
9788769,2019-01-06T03:00:27.610Z,19010603,XBTUSD,3793,2872054,3793.5,24788,3793.25,3793.5
9788777,2019-01-06T03:00:27.772Z,19010603,XBTUSD,3793.5,26657,3794,30244,3793.75,3794
9788789,2019-01-06T03:00:27.803Z,19010603,XBTUSD,3793.5,148191,3794,30244,3793.75,3794
9788793,2019-01-06T03:00:27.814Z,19010603,XBTUSD,3793.5,194541,3794,30244,3793.75,3794
9788808,2019-01-06T03:00:27.873Z,19010603,XBTUSD,3793.5,326249,3794,72222,3793.75,3794
9788820,2019-01-06T03:00:27.960Z,19010603,XBTUSD,3793.5,410551,3794,72228,3793.75,3794
9788833,2019-01-06T03:00:28.021Z,19010603,XBTUSD,3793.5,353390,3794,72228,3793.75,3794
9788844,2019-01-06T03:00:28.174Z,19010603,XBTUSD,3793.5,448710,3794,12198,3793.75,3794
9788854,2019-01-06T03:00:28.274Z,19010603,XBTUSD,3793.5,439334,3794,28449,3793.75,3794
9788862,2019-01-06T03:00:28.332Z,19010603,XBTUSD,3793.5,453817,3794,29216,3793.75,3794
9788868,2019-01-06T03:00:28.508Z,19010603,XBTUSD,3793.5,415817,3794,29582,3793.75,3794
9788901,2019-01-06T03:00:29.117Z,19010603,XBTUSD,3793.5,418447,3794,29893,3793.75,3794
9788909,2019-01-06T03:00:30.007Z,19010603,XBTUSD,3793.5,433545,3794,29897,3793.75,3794
9788998,2019-01-06T03:00:31.843Z,19010603,XBTUSD,3793.5,2734163,3794,18777,3793.75,3794
9789024,2019-01-06T03:00:34.962Z,19010603,XBTUSD,3793.5,2738170,3794,15802,3793.75,3794
9789036,2019-01-06T03:00:35.199Z,19010603,XBTUSD,3794,84197,3794.5,123774,3794.25,3794.5
9789046,2019-01-06T03:00:35.370Z,19010603,XBTUSD,3794,169264,3794.5,123757,3794.25,3794.5
9789056,2019-01-06T03:00:35.397Z,19010603,XBTUSD,3794,209077,3794.5,123757,3794.25,3794.5
9789062,2019-01-06T03:00:35.412Z,19010603,XBTUSD,3794,253284,3794.5,123757,3794.25,3794.5
9789074,2019-01-06T03:00:35.447Z,19010603,XBTUSD,3794,351081,3794.5,123785,3794.25,3794.5
9789083,2019-01-06T03:00:35.494Z,19010603,XBTUSD,3794,394678,3794.5,136364,3794.25,3794.5
9789092,2019-01-06T03:00:35.567Z,19010603,XBTUSD,3794,445158,3794.5,136402,3794.25,3794.5
9789102,2019-01-06T03:00:35.871Z,19010603,XBTUSD,3794,458158,3794.5,152461,3794.25,3794.5
9789134,2019-01-06T03:00:37.005Z,19010603,XBTUSD,3794,471518,3794.5,153875,3794.25,3794.5
9789151,2019-01-06T03:00:37.517Z,19010603,XBTUSD,3794,465924,3794.5,152464,3794.25,3794.5
9789159,2019-01-06T03:00:37.957Z,19010603,XBTUSD,3794,464027,3794.5,156413,3794.25,3794.5
9789192,2019-01-06T03:00:38.260Z,19010603,XBTUSD,3794,512380,3794.5,77673,3794.25,3794.5
9789200,2019-01-06T03:00:38.446Z,19010603,XBTUSD,3794,474327,3794.5,76373,3794.25,3794.5
9789207,2019-01-06T03:00:38.531Z,19010603,XBTUSD,3794,504338,3794.5,120822,3794.25,3794.5
9789237,2019-01-06T03:00:39.112Z,19010603,XBTUSD,3796,98819,3796.5,46643,3796.25,3796.5
9789247,2019-01-06T03:00:39.243Z,19010603,XBTUSD,3796.5,17172,3797,160069,3796.75,3797
9789260,2019-01-06T03:00:39.344Z,19010603,XBTUSD,3796.5,36002,3797,136592,3796.75,3797
9789268,2019-01-06T03:00:39.431Z,19010603,XBTUSD,3796.5,97746,3797,136627,3796.75,3797
9789280,2019-01-06T03:00:39.588Z,19010603,XBTUSD,3796.5,181896,3797,136627,3796.75,3797
9789291,2019-01-06T03:00:39.677Z,19010603,XBTUSD,3796.5,192679,3797,141489,3796.75,3797
9789312,2019-01-06T03:00:39.797Z,19010603,XBTUSD,3796.5,178797,3797,239025,3796.75,3797
9789321,2019-01-06T03:00:40.015Z,19010603,XBTUSD,3796.5,215797,3797,279295,3796.75,3797
9789333,2019-01-06T03:00:40.521Z,19010603,XBTUSD,3796.5,287601,3798,10000,3797.25,3798
9789341,2019-01-06T03:00:40.543Z,19010603,XBTUSD,3796.5,301648,3797,1968,3796.75,3797
9788561,2019-01-06T03:00:22.487Z,19010603,XBTUSD,3793,2774801,3793.5,35317,3793.25,3793.5
9788582,2019-01-06T03:00:23.732Z,19010603,XBTUSD,3793,2791772,3793.5,35319,3793.25,3793.5
9788603,2019-01-06T03:00:25.006Z,19010603,XBTUSD,3793,2794168,3793.5,25947,3793.25,3793.5
9788687,2019-01-06T03:00:25.738Z,19010603,XBTUSD,3793,2861541,3793.5,24950,3793.25,3793.5
9788697,2019-01-06T03:00:27.009Z,19010603,XBTUSD,3793,2864547,3793.5,24787,3793.25,3793.5
9788766,2019-01-06T03:00:27.198Z,19010603,XBTUSD,3793,2864557,3793.5,24788,3793.25,3793.5
9788776,2019-01-06T03:00:27.767Z,19010603,XBTUSD,3793.5,26567,3794,30244,3793.75,3794
9788786,2019-01-06T03:00:27.799Z,19010603,XBTUSD,3793.5,106062,3794,30244,3793.75,3794
9788798,2019-01-06T03:00:27.823Z,19010603,XBTUSD,3793.5,244776,3794,30244,3793.75,3794
9788807,2019-01-06T03:00:27.864Z,19010603,XBTUSD,3793.5,326140,3794,72222,3793.75,3794
9788818,2019-01-06T03:00:27.949Z,19010603,XBTUSD,3793.5,406501,3794,72228,3793.75,3794
9788829,2019-01-06T03:00:27.991Z,19010603,XBTUSD,3793.5,338351,3794,72228,3793.75,3794
9788841,2019-01-06T03:00:28.153Z,19010603,XBTUSD,3793.5,446690,3794,12228,3793.75,3794
9788847,2019-01-06T03:00:28.187Z,19010603,XBTUSD,3793.5,462210,3794,12198,3793.75,3794
9788857,2019-01-06T03:00:28.297Z,19010603,XBTUSD,3793.5,439337,3794,28527,3793.75,3794
9788867,2019-01-06T03:00:28.473Z,19010603,XBTUSD,3793.5,415817,3794,29393,3793.75,3794
9788904,2019-01-06T03:00:29.407Z,19010603,XBTUSD,3793.5,433447,3794,29895,3793.75,3794
9788958,2019-01-06T03:00:31.327Z,19010603,XBTUSD,3793.5,433629,3794,20867,3793.75,3794
9789002,2019-01-06T03:00:32.959Z,19010603,XBTUSD,3793.5,2734213,3794,15779,3793.75,3794
9789025,2019-01-06T03:00:35.028Z,19010603,XBTUSD,3793.5,2738170,3794,15803,3793.75,3794
9789041,2019-01-06T03:00:35.269Z,19010603,XBTUSD,3794,146910,3794.5,123757,3794.25,3794.5
9789055,2019-01-06T03:00:35.394Z,19010603,XBTUSD,3794,189959,3794.5,123757,3794.25,3794.5
9789059,2019-01-06T03:00:35.402Z,19010603,XBTUSD,3794,237284,3794.5,123757,3794.25,3794.5
9789068,2019-01-06T03:00:35.435Z,19010603,XBTUSD,3794,302494,3794.5,123785,3794.25,3794.5
9789080,2019-01-06T03:00:35.487Z,19010603,XBTUSD,3794,382678,3794.5,136175,3794.25,3794.5
9789090,2019-01-06T03:00:35.549Z,19010603,XBTUSD,3794,443158,3794.5,136364,3794.25,3794.5
9789099,2019-01-06T03:00:35.755Z,19010603,XBTUSD,3794,453658,3794.5,152461,3794.25,3794.5
9789131,2019-01-06T03:00:36.903Z,19010603,XBTUSD,3794,471508,3794.5,153574,3794.25,3794.5
9789150,2019-01-06T03:00:37.511Z,19010603,XBTUSD,3794,465524,3794.5,152464,3794.25,3794.5
9789160,2019-01-06T03:00:38.007Z,19010603,XBTUSD,3794,464027,3794.5,156414,3794.25,3794.5
9789187,2019-01-06T03:00:38.214Z,19010603,XBTUSD,3794,507380,3794.5,156342,3794.25,3794.5
9789197,2019-01-06T03:00:38.410Z,19010603,XBTUSD,3794,512380,3794.5,78373,3794.25,3794.5
9789211,2019-01-06T03:00:38.611Z,19010603,XBTUSD,3794,494338,3794.5,118823,3794.25,3794.5
9789233,2019-01-06T03:00:39.068Z,19010603,XBTUSD,3796,98819,3796.5,52844,3796.25,3796.5
9789249,2019-01-06T03:00:39.247Z,19010603,XBTUSD,3796.5,17172,3797,147569,3796.75,3797
9789253,2019-01-06T03:00:39.296Z,19010603,XBTUSD,3796.5,17347,3797,144069,3796.75,3797
9789271,2019-01-06T03:00:39.438Z,19010603,XBTUSD,3796.5,127746,3797,136627,3796.75,3797
9789278,2019-01-06T03:00:39.540Z,19010603,XBTUSD,3796.5,181746,3797,136637,3796.75,3797
9789290,2019-01-06T03:00:39.674Z,19010603,XBTUSD,3796.5,192679,3797,140489,3796.75,3797
9789307,2019-01-06T03:00:39.758Z,19010603,XBTUSD,3796.5,171797,3797,232825,3796.75,3797
9789317,2019-01-06T03:00:39.859Z,19010603,XBTUSD,3796.5,210797,3797,238518,3796.75,3797
9789327,2019-01-06T03:00:40.397Z,19010603,XBTUSD,3796.5,215807,3798.5,131360,3797.5,3798.5
9789335,2019-01-06T03:00:40.530Z,19010603,XBTUSD,3796.5,287601,3797,1998,3796.75,3797
9788694,2019-01-06T03:00:26.478Z,19010603,XBTUSD,3793,2868537,3793.5,24786,3793.25,3793.5
9788771,2019-01-06T03:00:27.727Z,19010603,XBTUSD,3793.5,10,3794,30244,3793.75,3794
9788784,2019-01-06T03:00:27.793Z,19010603,XBTUSD,3793.5,67062,3794,30244,3793.75,3794
9788792,2019-01-06T03:00:27.812Z,19010603,XBTUSD,3793.5,194441,3794,30244,3793.75,3794
9788802,2019-01-06T03:00:27.837Z,19010603,XBTUSD,3793.5,298140,3794,30244,3793.75,3794
9788812,2019-01-06T03:00:27.893Z,19010603,XBTUSD,3793.5,350249,3794,72228,3793.75,3794
9788816,2019-01-06T03:00:27.926Z,19010603,XBTUSD,3793.5,404322,3794,72228,3793.75,3794
9788827,2019-01-06T03:00:27.980Z,19010603,XBTUSD,3793.5,329351,3794,72228,3793.75,3794
9788836,2019-01-06T03:00:28.131Z,19010603,XBTUSD,3793.5,363690,3794,12228,3793.75,3794
9788846,2019-01-06T03:00:28.185Z,19010603,XBTUSD,3793.5,461710,3794,12198,3793.75,3794
9788856,2019-01-06T03:00:28.290Z,19010603,XBTUSD,3793.5,439337,3794,28479,3793.75,3794
9788863,2019-01-06T03:00:28.352Z,19010603,XBTUSD,3793.5,453817,3794,29290,3793.75,3794
9788955,2019-01-06T03:00:31.173Z,19010603,XBTUSD,3793.5,433804,3794,29867,3793.75,3794
9788999,2019-01-06T03:00:32.432Z,19010603,XBTUSD,3793.5,2734163,3794,18778,3793.75,3794
9789039,2019-01-06T03:00:35.242Z,19010603,XBTUSD,3794,128152,3794.5,123757,3794.25,3794.5
9789053,2019-01-06T03:00:35.388Z,19010603,XBTUSD,3794,189769,3794.5,123757,3794.25,3794.5
9789065,2019-01-06T03:00:35.419Z,19010603,XBTUSD,3794,288494,3794.5,123785,3794.25,3794.5
9789075,2019-01-06T03:00:35.449Z,19010603,XBTUSD,3794,356081,3794.5,123785,3794.25,3794.5
9789081,2019-01-06T03:00:35.489Z,19010603,XBTUSD,3794,384678,3794.5,136175,3794.25,3794.5
9789091,2019-01-06T03:00:35.565Z,19010603,XBTUSD,3794,445158,3794.5,136364,3794.25,3794.5
9789101,2019-01-06T03:00:35.870Z,19010603,XBTUSD,3794,456158,3794.5,152461,3794.25,3794.5
9789103,2019-01-06T03:00:35.908Z,19010603,XBTUSD,3794,458158,3794.5,152462,3794.25,3794.5
9789130,2019-01-06T03:00:36.852Z,19010603,XBTUSD,3794,471508,3794.5,153573,3794.25,3794.5
9789148,2019-01-06T03:00:37.406Z,19010603,XBTUSD,3794,465524,3794.5,156258,3794.25,3794.5
9789184,2019-01-06T03:00:38.188Z,19010603,XBTUSD,3794,464327,3794.5,156342,3794.25,3794.5
9789194,2019-01-06T03:00:38.287Z,19010603,XBTUSD,3794,512380,3794.5,76873,3794.25,3794.5
9789204,2019-01-06T03:00:38.481Z,19010603,XBTUSD,3794,504327,3794.5,74551,3794.25,3794.5
9789215,2019-01-06T03:00:38.892Z,19010603,XBTUSD,3794,494490,3794.5,118524,3794.25,3794.5
9789238,2019-01-06T03:00:39.112Z,19010603,XBTUSD,3796,98819,3796.5,34643,3796.25,3796.5
9789241,2019-01-06T03:00:39.161Z,19010603,XBTUSD,3796,98819,3797,160669,3796.5,3797
9789251,2019-01-06T03:00:39.247Z,19010603,XBTUSD,3796.5,17172,3797,144069,3796.75,3797
9789261,2019-01-06T03:00:39.344Z,19010603,XBTUSD,3796.5,34502,3797,136592,3796.75,3797
9789269,2019-01-06T03:00:39.433Z,19010603,XBTUSD,3796.5,107746,3797,136627,3796.75,3797
9789281,2019-01-06T03:00:39.600Z,19010603,XBTUSD,3796.5,181986,3797,136627,3796.75,3797
9789288,2019-01-06T03:00:39.660Z,19010603,XBTUSD,3796.5,192470,3797,140489,3796.75,3797
9789308,2019-01-06T03:00:39.770Z,19010603,XBTUSD,3796.5,173797,3797,232825,3796.75,3797
9789326,2019-01-06T03:00:40.397Z,19010603,XBTUSD,3796.5,215807,3797,275298,3796.75,3797
9789337,2019-01-06T03:00:40.543Z,19010603,XBTUSD,3796.5,289844,3797,1968,3796.75,3797
9789366,2019-01-06T03:00:40.645Z,19010603,XBTUSD,3796.5,311296,3797,1941,3796.75,3797
9789376,2019-01-06T03:00:40.780Z,19010603,XBTUSD,3796.5,361293,3797,1941,3796.75,3797
9789388,2019-01-06T03:00:41.028Z,19010603,XBTUSD,3796.5,317519,3797,12271,3796.75,3797
9788819,2019-01-06T03:00:27.952Z,19010603,XBTUSD,3793.5,408301,3794,72228,3793.75,3794
9788826,2019-01-06T03:00:27.976Z,19010603,XBTUSD,3793.5,375351,3794,72228,3793.75,3794
9788842,2019-01-06T03:00:28.163Z,19010603,XBTUSD,3793.5,448690,3794,12228,3793.75,3794
9788849,2019-01-06T03:00:28.190Z,19010603,XBTUSD,3793.5,452210,3794,12198,3793.75,3794
9788861,2019-01-06T03:00:28.328Z,19010603,XBTUSD,3793.5,453817,3794,29196,3793.75,3794
9788871,2019-01-06T03:00:28.715Z,19010603,XBTUSD,3793.5,415817,3794,29892,3793.75,3794
9788905,2019-01-06T03:00:29.944Z,19010603,XBTUSD,3793.5,433459,3794,29895,3793.75,3794
9788956,2019-01-06T03:00:31.213Z,19010603,XBTUSD,3793.5,433804,3794,23867,3793.75,3794
9789021,2019-01-06T03:00:34.620Z,19010603,XBTUSD,3793.5,2740004,3794,15801,3793.75,3794
9789042,2019-01-06T03:00:35.338Z,19010603,XBTUSD,3794,148910,3794.5,123757,3794.25,3794.5
9789048,2019-01-06T03:00:35.375Z,19010603,XBTUSD,3794,169454,3794.5,123757,3794.25,3794.5
9789066,2019-01-06T03:00:35.422Z,19010603,XBTUSD,3794,298494,3794.5,123785,3794.25,3794.5
9789072,2019-01-06T03:00:35.443Z,19010603,XBTUSD,3794,320494,3794.5,123785,3794.25,3794.5
9789082,2019-01-06T03:00:35.491Z,19010603,XBTUSD,3794,394678,3794.5,136175,3794.25,3794.5
9789094,2019-01-06T03:00:35.647Z,19010603,XBTUSD,3794,447158,3794.5,152269,3794.25,3794.5
9789124,2019-01-06T03:00:36.104Z,19010603,XBTUSD,3794,471084,3794.5,152583,3794.25,3794.5
9789132,2019-01-06T03:00:36.914Z,19010603,XBTUSD,3794,471508,3794.5,153874,3794.25,3794.5
9789146,2019-01-06T03:00:37.290Z,19010603,XBTUSD,3794,465524,3794.5,153891,3794.25,3794.5
9789155,2019-01-06T03:00:37.695Z,19010603,XBTUSD,3794,466027,3794.5,152413,3794.25,3794.5
9789185,2019-01-06T03:00:38.188Z,19010603,XBTUSD,3794,469327,3794.5,156342,3794.25,3794.5
9789195,2019-01-06T03:00:38.290Z,19010603,XBTUSD,3794,512380,3794.5,76373,3794.25,3794.5
9789205,2019-01-06T03:00:38.520Z,19010603,XBTUSD,3794,504327,3794.5,120342,3794.25,3794.5
9789214,2019-01-06T03:00:38.706Z,19010603,XBTUSD,3794,494366,3794.5,118524,3794.25,3794.5
9789239,2019-01-06T03:00:39.112Z,19010603,XBTUSD,3796,98819,3796.5,34618,3796.25,3796.5
9789243,2019-01-06T03:00:39.161Z,19010603,XBTUSD,3796,98819,3797,160069,3796.5,3797
9789252,2019-01-06T03:00:39.289Z,19010603,XBTUSD,3796.5,17272,3797,144069,3796.75,3797
9789262,2019-01-06T03:00:39.381Z,19010603,XBTUSD,3796.5,54746,3797,136627,3796.75,3797
9789272,2019-01-06T03:00:39.440Z,19010603,XBTUSD,3796.5,131746,3797,136627,3796.75,3797
9789276,2019-01-06T03:00:39.482Z,19010603,XBTUSD,3796.5,161746,3797,136627,3796.75,3797
9789289,2019-01-06T03:00:39.670Z,19010603,XBTUSD,3796.5,192570,3797,140489,3796.75,3797
9789316,2019-01-06T03:00:39.840Z,19010603,XBTUSD,3796.5,200797,3797,238518,3796.75,3797
9789322,2019-01-06T03:00:40.023Z,19010603,XBTUSD,3796.5,215797,3797,279303,3796.75,3797
9789332,2019-01-06T03:00:40.513Z,19010603,XBTUSD,3796.5,287601,3798.5,131360,3797.5,3798.5
9789339,2019-01-06T03:00:40.543Z,19010603,XBTUSD,3796.5,295708,3797,1968,3796.75,3797
9789374,2019-01-06T03:00:40.780Z,19010603,XBTUSD,3796.5,357780,3797,1941,3796.75,3797
9789380,2019-01-06T03:00:40.833Z,19010603,XBTUSD,3796.5,343611,3797,1941,3796.75,3797
9789390,2019-01-06T03:00:41.115Z,19010603,XBTUSD,3796.5,317909,3797,12387,3796.75,3797
9789400,2019-01-06T03:00:41.276Z,19010603,XBTUSD,3796.5,305729,3797,40888,3796.75,3797
9789468,2019-01-06T03:00:41.402Z,19010603,XBTUSD,3796.5,300952,3797,26011,3796.75,3797
9789483,2019-01-06T03:00:41.683Z,19010603,XBTUSD,3796.5,267094,3797,42128,3796.75,3797
9789487,2019-01-06T03:00:41.764Z,19010603,XBTUSD,3796.5,283094,3797,46296,3796.75,3797
9789499,2019-01-06T03:00:42.082Z,19010603,XBTUSD,3796.5,568424,3797,27603,3796.75,3797
9789522,2019-01-06T03:00:42.350Z,19010603,XBTUSD,3796.5,575448,3797,36221,3796.75,3797
9789527,2019-01-06T03:00:42.389Z,19010603,XBTUSD,3796.5,567248,3797,41748,3796.75,3797
9789538,2019-01-06T03:00:42.617Z,19010603,XBTUSD,3796.5,534793,3797,140772,3796.75,3797
9789584,2019-01-06T03:00:42.851Z,19010603,XBTUSD,3796.5,565991,3797,144009,3796.75,3797
9789594,2019-01-06T03:00:43.265Z,19010603,XBTUSD,3796.5,638355,3797,173999,3796.75,3797
9789638,2019-01-06T03:00:43.699Z,19010603,XBTUSD,3796.5,667920,3797,167656,3796.75,3797
9788835,2019-01-06T03:00:28.131Z,19010603,XBTUSD,3793.5,363390,3794,12228,3793.75,3794
9788845,2019-01-06T03:00:28.180Z,19010603,XBTUSD,3793.5,451710,3794,12198,3793.75,3794
9788855,2019-01-06T03:00:28.289Z,19010603,XBTUSD,3793.5,439337,3794,28449,3793.75,3794
9788858,2019-01-06T03:00:28.302Z,19010603,XBTUSD,3793.5,443337,3794,28527,3793.75,3794
9788873,2019-01-06T03:00:28.821Z,19010603,XBTUSD,3793.5,415941,3794,29893,3793.75,3794
9788902,2019-01-06T03:00:29.207Z,19010603,XBTUSD,3793.5,418447,3794,29894,3793.75,3794
9788906,2019-01-06T03:00:29.968Z,19010603,XBTUSD,3793.5,433534,3794,29895,3793.75,3794
9788959,2019-01-06T03:00:31.344Z,19010603,XBTUSD,3793.5,434129,3794,20867,3793.75,3794
9788997,2019-01-06T03:00:31.795Z,19010603,XBTUSD,3793.5,2734163,3794,18776,3793.75,3794
9789011,2019-01-06T03:00:33.789Z,19010603,XBTUSD,3793.5,2734223,3794,15800,3793.75,3794
9789043,2019-01-06T03:00:35.362Z,19010603,XBTUSD,3794,159039,3794.5,123757,3794.25,3794.5
9789047,2019-01-06T03:00:35.371Z,19010603,XBTUSD,3794,169354,3794.5,123757,3794.25,3794.5
9789057,2019-01-06T03:00:35.398Z,19010603,XBTUSD,3794,227194,3794.5,123757,3794.25,3794.5
9789067,2019-01-06T03:00:35.433Z,19010603,XBTUSD,3794,300494,3794.5,123785,3794.25,3794.5
9789073,2019-01-06T03:00:35.445Z,19010603,XBTUSD,3794,320603,3794.5,123785,3794.25,3794.5
9789087,2019-01-06T03:00:35.520Z,19010603,XBTUSD,3794,422678,3794.5,136364,3794.25,3794.5
9789097,2019-01-06T03:00:35.700Z,19010603,XBTUSD,3794,451658,3794.5,152458,3794.25,3794.5
9789105,2019-01-06T03:00:36.000Z,19010603,XBTUSD,3794,460158,3794.5,152582,3794.25,3794.5
9789128,2019-01-06T03:00:36.501Z,19010603,XBTUSD,3794,471508,3794.5,153272,3794.25,3794.5
9789144,2019-01-06T03:00:37.148Z,19010603,XBTUSD,3794,465518,3794.5,153875,3794.25,3794.5
9789153,2019-01-06T03:00:37.614Z,19010603,XBTUSD,3794,465927,3794.5,152463,3794.25,3794.5
9789183,2019-01-06T03:00:38.188Z,19010603,XBTUSD,3794,464027,3794.5,156342,3794.25,3794.5
9789193,2019-01-06T03:00:38.271Z,19010603,XBTUSD,3794,512380,3794.5,77373,3794.25,3794.5
9789196,2019-01-06T03:00:38.396Z,19010603,XBTUSD,3794,512380,3794.5,77373,3794.25,3794.5
9789206,2019-01-06T03:00:38.522Z,19010603,XBTUSD,3794,504327,3794.5,120822,3794.25,3794.5
9789234,2019-01-06T03:00:39.068Z,19010603,XBTUSD,3796,98819,3796.5,52843,3796.25,3796.5
9789248,2019-01-06T03:00:39.247Z,19010603,XBTUSD,3796.5,17172,3797,150069,3796.75,3797
9789257,2019-01-06T03:00:39.332Z,19010603,XBTUSD,3796.5,17762,3797,144069,3796.75,3797
9789265,2019-01-06T03:00:39.413Z,19010603,XBTUSD,3796.5,72746,3797,136627,3796.75,3797
9789274,2019-01-06T03:00:39.465Z,19010603,XBTUSD,3796.5,146746,3797,136627,3796.75,3797
9789284,2019-01-06T03:00:39.631Z,19010603,XBTUSD,3796.5,192205,3797,135489,3796.75,3797
9789294,2019-01-06T03:00:39.714Z,19010603,XBTUSD,3796.5,211797,3797,232825,3796.75,3797
9789313,2019-01-06T03:00:39.820Z,19010603,XBTUSD,3796.5,188797,3797,239025,3796.75,3797
9789323,2019-01-06T03:00:40.032Z,19010603,XBTUSD,3796.5,215807,3797,279303,3796.75,3797
9789329,2019-01-06T03:00:40.496Z,19010603,XBTUSD,3796.5,264457,3798.5,131360,3797.5,3798.5
9789343,2019-01-06T03:00:40.597Z,19010603,XBTUSD,3796.5,302284,3797,1968,3796.75,3797
9789365,2019-01-06T03:00:40.609Z,19010603,XBTUSD,3796.5,302284,3797,1941,3796.75,3797
9789375,2019-01-06T03:00:40.780Z,19010603,XBTUSD,3796.5,360220,3797,1941,3796.75,3797
9789385,2019-01-06T03:00:40.927Z,19010603,XBTUSD,3796.5,317262,3797,1941,3796.75,3797
9789393,2019-01-06T03:00:41.152Z,19010603,XBTUSD,3796.5,309649,3797,12387,3796.75,3797
9789465,2019-01-06T03:00:41.364Z,19010603,XBTUSD,3796.5,300729,3797,41011,3796.75,3797
9789475,2019-01-06T03:00:41.576Z,19010603,XBTUSD,3796.5,250670,3797,24011,3796.75,3797
9789484,2019-01-06T03:00:41.686Z,19010603,XBTUSD,3796.5,277094,3797,42128,3796.75,3797
9789495,2019-01-06T03:00:42.022Z,19010603,XBTUSD,3796.5,558235,3797,46295,3796.75,3797
9789521,2019-01-06T03:00:42.348Z,19010603,XBTUSD,3796.5,573648,3797,36221,3796.75,3797
9789531,2019-01-06T03:00:42.415Z,19010603,XBTUSD,3796.5,571085,3797,42548,3796.75,3797
9789543,2019-01-06T03:00:42.650Z,19010603,XBTUSD,3796.5,540752,3797,140972,3796.75,3797
9789551,2019-01-06T03:00:42.781Z,19010603,XBTUSD,3796.5,567552,3797,144009,3796.75,3797
9789088,2019-01-06T03:00:35.528Z,19010603,XBTUSD,3794,423158,3794.5,136364,3794.25,3794.5
9789095,2019-01-06T03:00:35.657Z,19010603,XBTUSD,3794,449158,3794.5,152269,3794.25,3794.5
9789129,2019-01-06T03:00:36.507Z,19010603,XBTUSD,3794,471508,3794.5,153273,3794.25,3794.5
9789149,2019-01-06T03:00:37.462Z,19010603,XBTUSD,3794,465524,3794.5,152463,3794.25,3794.5
9789156,2019-01-06T03:00:37.752Z,19010603,XBTUSD,3794,463027,3794.5,152413,3794.25,3794.5
9789186,2019-01-06T03:00:38.214Z,19010603,XBTUSD,3794,489359,3794.5,156342,3794.25,3794.5
9789198,2019-01-06T03:00:38.413Z,19010603,XBTUSD,3794,492348,3794.5,78373,3794.25,3794.5
9789212,2019-01-06T03:00:38.639Z,19010603,XBTUSD,3794,494366,3794.5,118823,3794.25,3794.5
9789232,2019-01-06T03:00:39.068Z,19010603,XBTUSD,3796,98819,3796.5,56844,3796.25,3796.5
9789242,2019-01-06T03:00:39.161Z,19010603,XBTUSD,3796,98819,3797,160369,3796.5,3797
9789258,2019-01-06T03:00:39.340Z,19010603,XBTUSD,3796.5,36002,3797,144092,3796.75,3797
9789267,2019-01-06T03:00:39.424Z,19010603,XBTUSD,3796.5,87746,3797,136627,3796.75,3797
9789282,2019-01-06T03:00:39.611Z,19010603,XBTUSD,3796.5,182076,3797,136627,3796.75,3797
9789286,2019-01-06T03:00:39.637Z,19010603,XBTUSD,3796.5,192380,3797,135489,3796.75,3797
9789311,2019-01-06T03:00:39.796Z,19010603,XBTUSD,3796.5,178797,3797,232825,3796.75,3797
9789324,2019-01-06T03:00:40.397Z,19010603,XBTUSD,3796.5,215807,3797,279298,3796.75,3797
9789331,2019-01-06T03:00:40.496Z,19010603,XBTUSD,3796.5,289601,3798.5,131360,3797.5,3798.5
9789340,2019-01-06T03:00:40.543Z,19010603,XBTUSD,3796.5,299252,3797,1968,3796.75,3797
9789371,2019-01-06T03:00:40.675Z,19010603,XBTUSD,3796.5,344904,3797,1941,3796.75,3797
9789381,2019-01-06T03:00:40.835Z,19010603,XBTUSD,3796.5,334443,3797,1941,3796.75,3797
9789394,2019-01-06T03:00:41.156Z,19010603,XBTUSD,3796.5,309649,3797,42763,3796.75,3797
9789466,2019-01-06T03:00:41.366Z,19010603,XBTUSD,3796.5,300918,3797,41011,3796.75,3797
9789474,2019-01-06T03:00:41.572Z,19010603,XBTUSD,3796.5,252670,3797,24011,3796.75,3797
9789485,2019-01-06T03:00:41.690Z,19010603,XBTUSD,3796.5,280094,3797,42128,3796.75,3797
9789494,2019-01-06T03:00:42.013Z,19010603,XBTUSD,3796.5,285235,3797,46295,3796.75,3797
9789520,2019-01-06T03:00:42.321Z,19010603,XBTUSD,3796.5,573548,3797,36221,3796.75,3797
9789526,2019-01-06T03:00:42.384Z,19010603,XBTUSD,3796.5,565448,3797,41748,3796.75,3797
9789542,2019-01-06T03:00:42.649Z,19010603,XBTUSD,3796.5,538952,3797,140972,3796.75,3797
9789549,2019-01-06T03:00:42.755Z,19010603,XBTUSD,3796.5,547552,3797,143992,3796.75,3797
9789586,2019-01-06T03:00:42.869Z,19010603,XBTUSD,3796.5,567370,3797,144009,3796.75,3797
9789596,2019-01-06T03:00:43.303Z,19010603,XBTUSD,3796.5,641355,3797,173999,3796.75,3797
9789635,2019-01-06T03:00:43.524Z,19010603,XBTUSD,3796.5,666120,3797,166654,3796.75,3797
9789645,2019-01-06T03:00:43.815Z,19010603,XBTUSD,3796.5,731470,3797,168656,3796.75,3797
9789652,2019-01-06T03:00:43.937Z,19010603,XBTUSD,3796.5,474368,3797,168958,3796.75,3797
9789706,2019-01-06T03:00:44.238Z,19010603,XBTUSD,3796.5,476557,3797,153648,3796.75,3797
9789719,2019-01-06T03:00:44.465Z,19010603,XBTUSD,3796.5,486782,3797,103269,3796.75,3797
9789729,2019-01-06T03:00:44.796Z,19010603,XBTUSD,3796.5,427185,3797,109593,3796.75,3797
9789790,2019-01-06T03:00:48.300Z,19010603,XBTUSD,3796.5,431360,3797,104789,3796.75,3797
9789801,2019-01-06T03:00:48.473Z,19010603,XBTUSD,3796.5,443287,3797,103740,3796.75,3797
9789813,2019-01-06T03:00:48.776Z,19010603,XBTUSD,3796.5,447726,3797,98146,3796.75,3797
9789855,2019-01-06T03:00:49.425Z,19010603,XBTUSD,3796.5,446100,3797,97950,3796.75,3797
9789188,2019-01-06T03:00:38.214Z,19010603,XBTUSD,3794,512380,3794.5,156342,3794.25,3794.5
9789199,2019-01-06T03:00:38.419Z,19010603,XBTUSD,3794,474327,3794.5,78373,3794.25,3794.5
9789210,2019-01-06T03:00:38.606Z,19010603,XBTUSD,3794,494338,3794.5,119823,3794.25,3794.5
9789231,2019-01-06T03:00:39.068Z,19010603,XBTUSD,3796,98819,3796.5,56869,3796.25,3796.5
9789246,2019-01-06T03:00:39.237Z,19010603,XBTUSD,3796.5,17082,3797,160069,3796.75,3797
9789256,2019-01-06T03:00:39.312Z,19010603,XBTUSD,3796.5,17662,3797,144069,3796.75,3797
9789266,2019-01-06T03:00:39.415Z,19010603,XBTUSD,3796.5,82746,3797,136627,3796.75,3797
9789277,2019-01-06T03:00:39.507Z,19010603,XBTUSD,3796.5,161746,3797,136637,3796.75,3797
9789292,2019-01-06T03:00:39.706Z,19010603,XBTUSD,3796.5,192679,3797,188920,3796.75,3797
9789296,2019-01-06T03:00:39.743Z,19010603,XBTUSD,3796.5,191797,3797,232825,3796.75,3797
9789310,2019-01-06T03:00:39.779Z,19010603,XBTUSD,3796.5,175797,3797,232825,3796.75,3797
9789320,2019-01-06T03:00:39.940Z,19010603,XBTUSD,3796.5,215797,3797,256530,3796.75,3797
9789334,2019-01-06T03:00:40.527Z,19010603,XBTUSD,3796.5,287601,3797,100,3796.75,3797
9789368,2019-01-06T03:00:40.645Z,19010603,XBTUSD,3796.5,329612,3797,1941,3796.75,3797
9789383,2019-01-06T03:00:40.845Z,19010603,XBTUSD,3796.5,328055,3797,1941,3796.75,3797
9789391,2019-01-06T03:00:41.132Z,19010603,XBTUSD,3796.5,316595,3797,12387,3796.75,3797
9789402,2019-01-06T03:00:41.306Z,19010603,XBTUSD,3796.5,300729,3797,40890,3796.75,3797
9789472,2019-01-06T03:00:41.542Z,19010603,XBTUSD,3796.5,290966,3797,24011,3796.75,3797
9789481,2019-01-06T03:00:41.633Z,19010603,XBTUSD,3796.5,265094,3797,24011,3796.75,3797
9789493,2019-01-06T03:00:41.902Z,19010603,XBTUSD,3796.5,285235,3797,46300,3796.75,3797
9789516,2019-01-06T03:00:42.172Z,19010603,XBTUSD,3796.5,573424,3797,28003,3796.75,3797
9789529,2019-01-06T03:00:42.408Z,19010603,XBTUSD,3796.5,567248,3797,42548,3796.75,3797
9789544,2019-01-06T03:00:42.657Z,19010603,XBTUSD,3796.5,540752,3797,141472,3796.75,3797
9789591,2019-01-06T03:00:43.007Z,19010603,XBTUSD,3796.5,636355,3797,174011,3796.75,3797
9789644,2019-01-06T03:00:43.806Z,19010603,XBTUSD,3796.5,731470,3797,171656,3796.75,3797
9789647,2019-01-06T03:00:43.824Z,19010603,XBTUSD,3796.5,458470,3797,168956,3796.75,3797
9789705,2019-01-06T03:00:44.230Z,19010603,XBTUSD,3796.5,476557,3797,153948,3796.75,3797
9789713,2019-01-06T03:00:44.331Z,19010603,XBTUSD,3796.5,486557,3797,109769,3796.75,3797
9789723,2019-01-06T03:00:44.494Z,19010603,XBTUSD,3796.5,415782,3797,103271,3796.75,3797
9789763,2019-01-06T03:00:44.864Z,19010603,XBTUSD,3796.5,435756,3797,109639,3796.75,3797
9789794,2019-01-06T03:00:48.371Z,19010603,XBTUSD,3796.5,433287,3797,104320,3796.75,3797
9789805,2019-01-06T03:00:48.654Z,19010603,XBTUSD,3796.5,459726,3797,103440,3796.75,3797
9789851,2019-01-06T03:00:49.025Z,19010603,XBTUSD,3796.5,449726,3797,97949,3796.75,3797
9789858,2019-01-06T03:00:49.466Z,19010603,XBTUSD,3796.5,2746105,3797,97951,3796.75,3797
9789922,2019-01-06T03:00:49.623Z,19010603,XBTUSD,3796.5,2734275,3797,101220,3796.75,3797
9789927,2019-01-06T03:00:49.837Z,19010603,XBTUSD,3796.5,2722385,3797,101465,3796.75,3797
9789209,2019-01-06T03:00:38.602Z,19010603,XBTUSD,3794,504338,3794.5,119823,3794.25,3794.5
9789235,2019-01-06T03:00:39.068Z,19010603,XBTUSD,3796,98819,3796.5,51843,3796.25,3796.5
9789245,2019-01-06T03:00:39.233Z,19010603,XBTUSD,3796.5,16932,3797,160069,3796.75,3797
9789255,2019-01-06T03:00:39.306Z,19010603,XBTUSD,3796.5,17512,3797,144069,3796.75,3797
9789270,2019-01-06T03:00:39.435Z,19010603,XBTUSD,3796.5,117746,3797,136627,3796.75,3797
9789275,2019-01-06T03:00:39.470Z,19010603,XBTUSD,3796.5,151746,3797,136627,3796.75,3797
9789287,2019-01-06T03:00:39.642Z,19010603,XBTUSD,3796.5,192470,3797,135489,3796.75,3797
9789309,2019-01-06T03:00:39.791Z,19010603,XBTUSD,3796.5,176797,3797,232825,3796.75,3797
9789325,2019-01-06T03:00:40.397Z,19010603,XBTUSD,3796.5,215807,3797,278298,3796.75,3797
9789330,2019-01-06T03:00:40.496Z,19010603,XBTUSD,3796.5,269457,3798.5,131360,3797.5,3798.5
9789342,2019-01-06T03:00:40.591Z,19010603,XBTUSD,3796.5,301772,3797,1968,3796.75,3797
9789373,2019-01-06T03:00:40.679Z,19010603,XBTUSD,3796.5,356904,3797,1941,3796.75,3797
9789384,2019-01-06T03:00:40.856Z,19010603,XBTUSD,3796.5,317234,3797,1941,3796.75,3797
9789389,2019-01-06T03:00:41.073Z,19010603,XBTUSD,3796.5,317909,3797,12271,3796.75,3797
9789401,2019-01-06T03:00:41.288Z,19010603,XBTUSD,3796.5,300729,3797,40888,3796.75,3797
9789476,2019-01-06T03:00:41.598Z,19010603,XBTUSD,3796.5,248670,3797,24011,3796.75,3797
9789486,2019-01-06T03:00:41.730Z,19010603,XBTUSD,3796.5,283094,3797,42128,3796.75,3797
9789496,2019-01-06T03:00:42.026Z,19010603,XBTUSD,3796.5,558235,3797,22603,3796.75,3797
9789518,2019-01-06T03:00:42.285Z,19010603,XBTUSD,3796.5,573548,3797,36003,3796.75,3797
9789525,2019-01-06T03:00:42.383Z,19010603,XBTUSD,3796.5,565448,3797,36748,3796.75,3797
9789535,2019-01-06T03:00:42.472Z,19010603,XBTUSD,3796.5,532543,3797,88495,3796.75,3797
9789545,2019-01-06T03:00:42.661Z,19010603,XBTUSD,3796.5,540752,3797,141492,3796.75,3797
9789589,2019-01-06T03:00:42.934Z,19010603,XBTUSD,3796.5,636355,3797,164009,3796.75,3797
9789599,2019-01-06T03:00:43.427Z,19010603,XBTUSD,3796.5,666120,3797,174001,3796.75,3797
9789639,2019-01-06T03:00:43.703Z,19010603,XBTUSD,3796.5,669720,3797,167656,3796.75,3797
9789654,2019-01-06T03:00:43.976Z,19010603,XBTUSD,3796.5,474368,3797,163953,3796.75,3797
9789709,2019-01-06T03:00:44.268Z,19010603,XBTUSD,3796.5,476557,3797,133769,3796.75,3797
9789714,2019-01-06T03:00:44.348Z,19010603,XBTUSD,3796.5,486557,3797,104769,3796.75,3797
9789727,2019-01-06T03:00:44.694Z,19010603,XBTUSD,3796.5,425185,3797,99593,3796.75,3797
9789766,2019-01-06T03:00:44.956Z,19010603,XBTUSD,3796.5,433756,3797,105795,3796.75,3797
9789796,2019-01-06T03:00:48.399Z,19010603,XBTUSD,3796.5,433287,3797,104100,3796.75,3797
9789806,2019-01-06T03:00:48.661Z,19010603,XBTUSD,3796.5,462726,3797,103440,3796.75,3797
9789812,2019-01-06T03:00:48.723Z,19010603,XBTUSD,3796.5,447726,3797,98246,3796.75,3797
9789853,2019-01-06T03:00:49.357Z,19010603,XBTUSD,3796.5,443537,3797,97950,3796.75,3797
9789918,2019-01-06T03:00:49.573Z,19010603,XBTUSD,3796.5,2734085,3797,101152,3796.75,3797
9789932,2019-01-06T03:00:49.928Z,19010603,XBTUSD,3796.5,2722351,3797,98967,3796.75,3797
9790008,2019-01-06T03:00:51.118Z,19010603,XBTUSD,3796.5,2707344,3797,119274,3796.75,3797
9789230,2019-01-06T03:00:39.012Z,19010603,XBTUSD,3796,98819,3796.5,56876,3796.25,3796.5
9789240,2019-01-06T03:00:39.161Z,19010603,XBTUSD,3796,98819,3797,161169,3796.5,3797
9789250,2019-01-06T03:00:39.247Z,19010603,XBTUSD,3796.5,17172,3797,144569,3796.75,3797
9789259,2019-01-06T03:00:39.344Z,19010603,XBTUSD,3796.5,36002,3797,140092,3796.75,3797
9789263,2019-01-06T03:00:39.402Z,19010603,XBTUSD,3796.5,64746,3797,136627,3796.75,3797
9789273,2019-01-06T03:00:39.449Z,19010603,XBTUSD,3796.5,136746,3797,136627,3796.75,3797
9789283,2019-01-06T03:00:39.625Z,19010603,XBTUSD,3796.5,192205,3797,136627,3796.75,3797
9789293,2019-01-06T03:00:39.711Z,19010603,XBTUSD,3796.5,211797,3797,188920,3796.75,3797
9789315,2019-01-06T03:00:39.837Z,19010603,XBTUSD,3796.5,190797,3797,238518,3796.75,3797
9789318,2019-01-06T03:00:39.894Z,19010603,XBTUSD,3796.5,215797,3797,238518,3796.75,3797
9789328,2019-01-06T03:00:40.495Z,19010603,XBTUSD,3796.5,246305,3798.5,131360,3797.5,3798.5
9789338,2019-01-06T03:00:40.543Z,19010603,XBTUSD,3796.5,291158,3797,1968,3796.75,3797
9789369,2019-01-06T03:00:40.645Z,19010603,XBTUSD,3796.5,338780,3797,1941,3796.75,3797
9789379,2019-01-06T03:00:40.818Z,19010603,XBTUSD,3796.5,351735,3797,1941,3796.75,3797
9789395,2019-01-06T03:00:41.171Z,19010603,XBTUSD,3796.5,306105,3797,42763,3796.75,3797
9789399,2019-01-06T03:00:41.252Z,19010603,XBTUSD,3796.5,305729,3797,40886,3796.75,3797
9789473,2019-01-06T03:00:41.570Z,19010603,XBTUSD,3796.5,270822,3797,24011,3796.75,3797
9789477,2019-01-06T03:00:41.604Z,19010603,XBTUSD,3796.5,247670,3797,24011,3796.75,3797
9789488,2019-01-06T03:00:41.785Z,19010603,XBTUSD,3796.5,293094,3797,46296,3796.75,3797
9789523,2019-01-06T03:00:42.355Z,19010603,XBTUSD,3796.5,565448,3797,36221,3796.75,3797
9789528,2019-01-06T03:00:42.397Z,19010603,XBTUSD,3796.5,567248,3797,42048,3796.75,3797
9789536,2019-01-06T03:00:42.475Z,19010603,XBTUSD,3796.5,532543,3797,130772,3796.75,3797
9789546,2019-01-06T03:00:42.662Z,19010603,XBTUSD,3796.5,540752,3797,140992,3796.75,3797
9789590,2019-01-06T03:00:42.949Z,19010603,XBTUSD,3796.5,636355,3797,174009,3796.75,3797
9789600,2019-01-06T03:00:43.466Z,19010603,XBTUSD,3796.5,666120,3797,166582,3796.75,3797
9789634,2019-01-06T03:00:43.498Z,19010603,XBTUSD,3796.5,666120,3797,166655,3796.75,3797
9789636,2019-01-06T03:00:43.659Z,19010603,XBTUSD,3796.5,666120,3797,167654,3796.75,3797
9789646,2019-01-06T03:00:43.818Z,19010603,XBTUSD,3796.5,458470,3797,168656,3796.75,3797
9789656,2019-01-06T03:00:44.177Z,19010603,XBTUSD,3796.5,474368,3797,153947,3796.75,3797
9789708,2019-01-06T03:00:44.256Z,19010603,XBTUSD,3796.5,476557,3797,133649,3796.75,3797
9789715,2019-01-06T03:00:44.355Z,19010603,XBTUSD,3796.5,486782,3797,104769,3796.75,3797
9789728,2019-01-06T03:00:44.712Z,19010603,XBTUSD,3796.5,425185,3797,109593,3796.75,3797
9789762,2019-01-06T03:00:44.861Z,19010603,XBTUSD,3796.5,432756,3797,109639,3796.75,3797
9789792,2019-01-06T03:00:48.321Z,19010603,XBTUSD,3796.5,431360,3797,104320,3796.75,3797
9789803,2019-01-06T03:00:48.488Z,19010603,XBTUSD,3796.5,459476,3797,103740,3796.75,3797
9789852,2019-01-06T03:00:49.324Z,19010603,XBTUSD,3796.5,449726,3797,97950,3796.75,3797
9789857,2019-01-06T03:00:49.451Z,19010603,XBTUSD,3796.5,2746105,3797,97950,3796.75,3797
9789923,2019-01-06T03:00:49.678Z,19010603,XBTUSD,3796.5,2734275,3797,101465,3796.75,3797
9789930,2019-01-06T03:00:49.896Z,19010603,XBTUSD,3796.5,2722351,3797,101467,3796.75,3797
9790004,2019-01-06T03:00:51.084Z,19010603,XBTUSD,3796.5,2720344,3797,119152,3796.75,3797
9789279,2019-01-06T03:00:39.567Z,19010603,XBTUSD,3796.5,181746,3797,136627,3796.75,3797
9789285,2019-01-06T03:00:39.634Z,19010603,XBTUSD,3796.5,192280,3797,135489,3796.75,3797
9789295,2019-01-06T03:00:39.735Z,19010603,XBTUSD,3796.5,201797,3797,232825,3796.75,3797
9789314,2019-01-06T03:00:39.822Z,19010603,XBTUSD,3796.5,188797,3797,238518,3796.75,3797
9789319,2019-01-06T03:00:39.917Z,19010603,XBTUSD,3796.5,215797,3797,256494,3796.75,3797
9789336,2019-01-06T03:00:40.537Z,19010603,XBTUSD,3796.5,287601,3797,1968,3796.75,3797
9789370,2019-01-06T03:00:40.645Z,19010603,XBTUSD,3796.5,346904,3797,1941,3796.75,3797
9789382,2019-01-06T03:00:40.837Z,19010603,XBTUSD,3796.5,326948,3797,1941,3796.75,3797
9789392,2019-01-06T03:00:41.148Z,19010603,XBTUSD,3796.5,314199,3797,12387,3796.75,3797
9789469,2019-01-06T03:00:41.420Z,19010603,XBTUSD,3796.5,300963,3797,26011,3796.75,3797
9789480,2019-01-06T03:00:41.627Z,19010603,XBTUSD,3796.5,246831,3797,24011,3796.75,3797
9789491,2019-01-06T03:00:41.851Z,19010603,XBTUSD,3796.5,290344,3797,46300,3796.75,3797
9789515,2019-01-06T03:00:42.143Z,19010603,XBTUSD,3796.5,568424,3797,28003,3796.75,3797
9789533,2019-01-06T03:00:42.460Z,19010603,XBTUSD,3796.5,571085,3797,88495,3796.75,3797
9789537,2019-01-06T03:00:42.498Z,19010603,XBTUSD,3796.5,532543,3797,140772,3796.75,3797
9789548,2019-01-06T03:00:42.700Z,19010603,XBTUSD,3796.5,547552,3797,140992,3796.75,3797
9789582,2019-01-06T03:00:42.819Z,19010603,XBTUSD,3796.5,565098,3797,144009,3796.75,3797
9789592,2019-01-06T03:00:43.233Z,19010603,XBTUSD,3796.5,636355,3797,174018,3796.75,3797
9789640,2019-01-06T03:00:43.732Z,19010603,XBTUSD,3796.5,669720,3797,171656,3796.75,3797
9789653,2019-01-06T03:00:43.957Z,19010603,XBTUSD,3796.5,474368,3797,163958,3796.75,3797
9789704,2019-01-06T03:00:44.228Z,19010603,XBTUSD,3796.5,476557,3797,153947,3796.75,3797
9789718,2019-01-06T03:00:44.360Z,19010603,XBTUSD,3796.5,486782,3797,103469,3796.75,3797
9789725,2019-01-06T03:00:44.624Z,19010603,XBTUSD,3796.5,417680,3797,99103,3796.75,3797
9789764,2019-01-06T03:00:44.869Z,19010603,XBTUSD,3796.5,433756,3797,109639,3796.75,3797
9789797,2019-01-06T03:00:48.409Z,19010603,XBTUSD,3796.5,433287,3797,103700,3796.75,3797
9789807,2019-01-06T03:00:48.675Z,19010603,XBTUSD,3796.5,462726,3797,98440,3796.75,3797
9789849,2019-01-06T03:00:48.914Z,19010603,XBTUSD,3796.5,449726,3797,98148,3796.75,3797
9789861,2019-01-06T03:00:49.477Z,19010603,XBTUSD,3796.5,2746901,3797,97952,3796.75,3797
9789917,2019-01-06T03:00:49.542Z,19010603,XBTUSD,3796.5,2746912,3797,98552,3796.75,3797
9789929,2019-01-06T03:00:49.866Z,19010603,XBTUSD,3796.5,2722351,3797,101466,3796.75,3797
9790009,2019-01-06T03:00:51.119Z,19010603,XBTUSD,3796.5,2707344,3797,119257,3796.75,3797
9790012,2019-01-06T03:00:51.208Z,19010603,XBTUSD,3796.5,2696839,3797,76980,3796.75,3797
9790054,2019-01-06T03:00:51.275Z,19010603,XBTUSD,3796.5,2689121,3797,76981,3796.75,3797
9790064,2019-01-06T03:00:51.817Z,19010603,XBTUSD,3796.5,2691834,3797,17051,3796.75,3797
9790111,2019-01-06T03:00:52.883Z,19010603,XBTUSD,3796.5,2654996,3797,110644,3796.75,3797
9790118,2019-01-06T03:00:53.322Z,19010603,XBTUSD,3796.5,2649758,3797,29385,3796.75,3797
9789367,2019-01-06T03:00:40.645Z,19010603,XBTUSD,3796.5,318791,3797,1941,3796.75,3797
9789377,2019-01-06T03:00:40.780Z,19010603,XBTUSD,3796.5,363747,3797,1941,3796.75,3797
9789387,2019-01-06T03:00:40.991Z,19010603,XBTUSD,3796.5,317519,3797,1941,3796.75,3797
9789396,2019-01-06T03:00:41.222Z,19010603,XBTUSD,3796.5,306105,3797,42952,3796.75,3797
9789470,2019-01-06T03:00:41.469Z,19010603,XBTUSD,3796.5,290963,3797,26011,3796.75,3797
9789478,2019-01-06T03:00:41.612Z,19010603,XBTUSD,3796.5,228552,3797,24011,3796.75,3797
9789492,2019-01-06T03:00:41.885Z,19010603,XBTUSD,3796.5,290235,3797,46300,3796.75,3797
9789519,2019-01-06T03:00:42.303Z,19010603,XBTUSD,3796.5,573548,3797,36042,3796.75,3797
9789530,2019-01-06T03:00:42.413Z,19010603,XBTUSD,3796.5,569498,3797,42548,3796.75,3797
9789540,2019-01-06T03:00:42.626Z,19010603,XBTUSD,3796.5,537043,3797,140972,3796.75,3797
9789588,2019-01-06T03:00:42.901Z,19010603,XBTUSD,3796.5,636370,3797,164009,3796.75,3797
9789598,2019-01-06T03:00:43.343Z,19010603,XBTUSD,3796.5,643355,3797,174001,3796.75,3797
9789643,2019-01-06T03:00:43.767Z,19010603,XBTUSD,3796.5,741470,3797,171656,3796.75,3797
9789649,2019-01-06T03:00:43.876Z,19010603,XBTUSD,3796.5,462470,3797,168957,3796.75,3797
9789707,2019-01-06T03:00:44.239Z,19010603,XBTUSD,3796.5,476557,3797,153649,3796.75,3797
9789717,2019-01-06T03:00:44.357Z,19010603,XBTUSD,3796.5,486782,3797,103769,3796.75,3797
9789731,2019-01-06T03:00:44.820Z,19010603,XBTUSD,3796.5,427185,3797,109595,3796.75,3797
9789767,2019-01-06T03:00:44.989Z,19010603,XBTUSD,3796.5,433756,3797,105789,3796.75,3797
9789789,2019-01-06T03:00:48.299Z,19010603,XBTUSD,3796.5,433800,3797,104789,3796.75,3797
9789799,2019-01-06T03:00:48.434Z,19010603,XBTUSD,3796.5,433287,3797,103702,3796.75,3797
9789809,2019-01-06T03:00:48.689Z,19010603,XBTUSD,3796.5,462726,3797,98442,3796.75,3797
9789860,2019-01-06T03:00:49.471Z,19010603,XBTUSD,3796.5,2749901,3797,97952,3796.75,3797
9789925,2019-01-06T03:00:49.734Z,19010603,XBTUSD,3796.5,2724285,3797,101465,3796.75,3797
9789935,2019-01-06T03:00:50.010Z,19010603,XBTUSD,3796.5,2722351,3797,113805,3796.75,3797
9790007,2019-01-06T03:00:51.116Z,19010603,XBTUSD,3796.5,2717344,3797,119274,3796.75,3797
9790063,2019-01-06T03:00:51.789Z,19010603,XBTUSD,3796.5,2691814,3797,17051,3796.75,3797
9790070,2019-01-06T03:00:52.036Z,19010603,XBTUSD,3796.5,2665469,3797,18454,3796.75,3797
9790110,2019-01-06T03:00:52.880Z,19010603,XBTUSD,3796.5,2654996,3797,67754,3796.75,3797
9790116,2019-01-06T03:00:53.319Z,19010603,XBTUSD,3796.5,2649758,3797,110646,3796.75,3797
9789372,2019-01-06T03:00:40.677Z,19010603,XBTUSD,3796.5,346904,3797,1941,3796.75,3797
9789378,2019-01-06T03:00:40.798Z,19010603,XBTUSD,3796.5,360747,3797,1941,3796.75,3797
9789386,2019-01-06T03:00:40.954Z,19010603,XBTUSD,3796.5,319762,3797,1941,3796.75,3797
9789398,2019-01-06T03:00:41.234Z,19010603,XBTUSD,3796.5,305229,3797,40886,3796.75,3797
9789471,2019-01-06T03:00:41.529Z,19010603,XBTUSD,3796.5,290963,3797,24011,3796.75,3797
9789482,2019-01-06T03:00:41.646Z,19010603,XBTUSD,3796.5,265094,3797,42128,3796.75,3797
9789489,2019-01-06T03:00:41.789Z,19010603,XBTUSD,3796.5,288094,3797,46296,3796.75,3797
9789498,2019-01-06T03:00:42.060Z,19010603,XBTUSD,3796.5,568235,3797,27603,3796.75,3797
9789517,2019-01-06T03:00:42.179Z,19010603,XBTUSD,3796.5,573548,3797,28003,3796.75,3797
9789532,2019-01-06T03:00:42.459Z,19010603,XBTUSD,3796.5,571085,3797,42554,3796.75,3797
9789541,2019-01-06T03:00:42.646Z,19010603,XBTUSD,3796.5,538843,3797,140972,3796.75,3797
9789547,2019-01-06T03:00:42.676Z,19010603,XBTUSD,3796.5,545752,3797,140992,3796.75,3797
9789587,2019-01-06T03:00:42.885Z,19010603,XBTUSD,3796.5,567370,3797,164009,3796.75,3797
9789597,2019-01-06T03:00:43.334Z,19010603,XBTUSD,3796.5,641355,3797,174001,3796.75,3797
9789642,2019-01-06T03:00:43.754Z,19010603,XBTUSD,3796.5,741970,3797,171656,3796.75,3797
9789648,2019-01-06T03:00:43.869Z,19010603,XBTUSD,3796.5,458470,3797,168957,3796.75,3797
9789711,2019-01-06T03:00:44.294Z,19010603,XBTUSD,3796.5,476557,3797,115769,3796.75,3797
9789720,2019-01-06T03:00:44.468Z,19010603,XBTUSD,3796.5,486782,3797,103270,3796.75,3797
9789726,2019-01-06T03:00:44.646Z,19010603,XBTUSD,3796.5,417680,3797,99593,3796.75,3797
9789798,2019-01-06T03:00:48.432Z,19010603,XBTUSD,3796.5,433287,3797,103701,3796.75,3797
9789808,2019-01-06T03:00:48.687Z,19010603,XBTUSD,3796.5,462726,3797,98441,3796.75,3797
9789854,2019-01-06T03:00:49.361Z,19010603,XBTUSD,3796.5,444037,3797,97950,3796.75,3797
9789919,2019-01-06T03:00:49.575Z,19010603,XBTUSD,3796.5,2734085,3797,101218,3796.75,3797
9789931,2019-01-06T03:00:49.927Z,19010603,XBTUSD,3796.5,2722351,3797,102467,3796.75,3797
9790002,2019-01-06T03:00:50.983Z,19010603,XBTUSD,3796.5,2720314,3797,74077,3796.75,3797
9790055,2019-01-06T03:00:51.268Z,19010603,XBTUSD,3796.5,2694121,3797,76981,3796.75,3797
9790060,2019-01-06T03:00:51.676Z,19010603,XBTUSD,3796.5,2693814,3797,76983,3796.75,3797
9790107,2019-01-06T03:00:52.506Z,19010603,XBTUSD,3796.5,2654996,3797,70207,3796.75,3797
9790119,2019-01-06T03:00:53.324Z,19010603,XBTUSD,3796.5,2649758,3797,15578,3796.75,3797
9789397,2019-01-06T03:00:41.232Z,19010603,XBTUSD,3796.5,306105,3797,40886,3796.75,3797
9789467,2019-01-06T03:00:41.383Z,19010603,XBTUSD,3796.5,300918,3797,26011,3796.75,3797
9789479,2019-01-06T03:00:41.623Z,19010603,XBTUSD,3796.5,226552,3797,24011,3796.75,3797
9789490,2019-01-06T03:00:41.802Z,19010603,XBTUSD,3796.5,288094,3797,46300,3796.75,3797
9789497,2019-01-06T03:00:42.035Z,19010603,XBTUSD,3796.5,568235,3797,22603,3796.75,3797
9789514,2019-01-06T03:00:42.108Z,19010603,XBTUSD,3796.5,568424,3797,27703,3796.75,3797
9789524,2019-01-06T03:00:42.356Z,19010603,XBTUSD,3796.5,565448,3797,36248,3796.75,3797
9789534,2019-01-06T03:00:42.465Z,19010603,XBTUSD,3796.5,550806,3797,88495,3796.75,3797
9789539,2019-01-06T03:00:42.624Z,19010603,XBTUSD,3796.5,537043,3797,140772,3796.75,3797
9789550,2019-01-06T03:00:42.780Z,19010603,XBTUSD,3796.5,547552,3797,144009,3796.75,3797
9789585,2019-01-06T03:00:42.857Z,19010603,XBTUSD,3796.5,566991,3797,144009,3796.75,3797
9789595,2019-01-06T03:00:43.282Z,19010603,XBTUSD,3796.5,640355,3797,173999,3796.75,3797
9789641,2019-01-06T03:00:43.746Z,19010603,XBTUSD,3796.5,739720,3797,171656,3796.75,3797
9789650,2019-01-06T03:00:43.880Z,19010603,XBTUSD,3796.5,462470,3797,168958,3796.75,3797
9789703,2019-01-06T03:00:44.214Z,19010603,XBTUSD,3796.5,476368,3797,153947,3796.75,3797
9789716,2019-01-06T03:00:44.356Z,19010603,XBTUSD,3796.5,486782,3797,104269,3796.75,3797
9789761,2019-01-06T03:00:44.827Z,19010603,XBTUSD,3796.5,427185,3797,109639,3796.75,3797
9789795,2019-01-06T03:00:48.383Z,19010603,XBTUSD,3796.5,433287,3797,104220,3796.75,3797
9789800,2019-01-06T03:00:48.459Z,19010603,XBTUSD,3796.5,443287,3797,103702,3796.75,3797
9789811,2019-01-06T03:00:48.720Z,19010603,XBTUSD,3796.5,447726,3797,98442,3796.75,3797
9789848,2019-01-06T03:00:48.861Z,19010603,XBTUSD,3796.5,449726,3797,98147,3796.75,3797
9789859,2019-01-06T03:00:49.469Z,19010603,XBTUSD,3796.5,2746105,3797,97952,3796.75,3797
9789921,2019-01-06T03:00:49.603Z,19010603,XBTUSD,3796.5,2734085,3797,101220,3796.75,3797
9789928,2019-01-06T03:00:49.855Z,19010603,XBTUSD,3796.5,2722385,3797,101466,3796.75,3797
9789999,2019-01-06T03:00:50.856Z,19010603,XBTUSD,3796.5,2722351,3797,74106,3796.75,3797
9790001,2019-01-06T03:00:50.939Z,19010603,XBTUSD,3796.5,2720314,3797,74076,3796.75,3797
9790011,2019-01-06T03:00:51.191Z,19010603,XBTUSD,3796.5,2699839,3797,76980,3796.75,3797
9790065,2019-01-06T03:00:51.871Z,19010603,XBTUSD,3796.5,2691834,3797,18533,3796.75,3797
9790105,2019-01-06T03:00:52.461Z,19010603,XBTUSD,3796.5,2664996,3797,56400,3796.75,3797
9790113,2019-01-06T03:00:53.167Z,19010603,XBTUSD,3796.5,2654996,3797,110645,3796.75,3797
9789583,2019-01-06T03:00:42.825Z,19010603,XBTUSD,3796.5,563991,3797,144009,3796.75,3797
9789593,2019-01-06T03:00:43.242Z,19010603,XBTUSD,3796.5,636355,3797,173999,3796.75,3797
9789637,2019-01-06T03:00:43.677Z,19010603,XBTUSD,3796.5,667920,3797,167654,3796.75,3797
9789651,2019-01-06T03:00:43.902Z,19010603,XBTUSD,3796.5,472470,3797,168958,3796.75,3797
9789710,2019-01-06T03:00:44.272Z,19010603,XBTUSD,3796.5,476557,3797,125769,3796.75,3797
9789721,2019-01-06T03:00:44.472Z,19010603,XBTUSD,3796.5,486782,3797,103271,3796.75,3797
9789724,2019-01-06T03:00:44.597Z,19010603,XBTUSD,3796.5,417680,3797,103271,3796.75,3797
9789765,2019-01-06T03:00:44.905Z,19010603,XBTUSD,3796.5,433756,3797,105639,3796.75,3797
9789768,2019-01-06T03:00:45.007Z,19010603,XBTUSD,3796.5,433756,3797,104789,3796.75,3797
9789791,2019-01-06T03:00:48.311Z,19010603,XBTUSD,3796.5,431360,3797,104820,3796.75,3797
9789804,2019-01-06T03:00:48.587Z,19010603,XBTUSD,3796.5,459726,3797,103740,3796.75,3797
9789810,2019-01-06T03:00:48.692Z,19010603,XBTUSD,3796.5,442726,3797,98442,3796.75,3797
9789850,2019-01-06T03:00:48.989Z,19010603,XBTUSD,3796.5,449726,3797,97948,3796.75,3797
9789862,2019-01-06T03:00:49.479Z,19010603,XBTUSD,3796.5,2746912,3797,97952,3796.75,3797
9789924,2019-01-06T03:00:49.688Z,19010603,XBTUSD,3796.5,2724275,3797,101465,3796.75,3797
9789933,2019-01-06T03:00:49.974Z,19010603,XBTUSD,3796.5,2722351,3797,98947,3796.75,3797
9790006,2019-01-06T03:00:51.105Z,19010603,XBTUSD,3796.5,2717344,3797,119273,3796.75,3797
9790058,2019-01-06T03:00:51.580Z,19010603,XBTUSD,3796.5,2693714,3797,76982,3796.75,3797
9790067,2019-01-06T03:00:51.915Z,19010603,XBTUSD,3796.5,2669069,3797,18453,3796.75,3797
9790106,2019-01-06T03:00:52.478Z,19010603,XBTUSD,3796.5,2664996,3797,70207,3796.75,3797
9790121,2019-01-06T03:00:53.514Z,19010603,XBTUSD,3796.5,2649758,3797,73933,3796.75,3797
9790173,2019-01-06T03:00:54.230Z,19010603,XBTUSD,3796.5,2650996,3797,153460,3796.75,3797
9790185,2019-01-06T03:00:54.628Z,19010603,XBTUSD,3796.5,2651046,3797,155152,3796.75,3797
9790196,2019-01-06T03:00:54.967Z,19010603,XBTUSD,3796.5,2646046,3797,49514,3796.75,3797
9790219,2019-01-06T03:00:55.581Z,19010603,XBTUSD,3796.5,2640148,3797,63089,3796.75,3797
9790254,2019-01-06T03:00:55.895Z,19010603,XBTUSD,3796.5,2634898,3797,143840,3796.75,3797
9790263,2019-01-06T03:00:56.402Z,19010603,XBTUSD,3796.5,2640910,3797,149384,3796.75,3797
9790321,2019-01-06T03:00:58.260Z,19010603,XBTUSD,3796.5,2570910,3797,85544,3796.75,3797
9790333,2019-01-06T03:00:58.842Z,19010603,XBTUSD,3796.5,2570910,3797,94680,3796.75,3797
9790352,2019-01-06T03:00:59.909Z,19010603,XBTUSD,3796.5,2570910,3797,84764,3796.75,3797
9789655,2019-01-06T03:00:43.995Z,19010603,XBTUSD,3796.5,474368,3797,153953,3796.75,3797
9789712,2019-01-06T03:00:44.315Z,19010603,XBTUSD,3796.5,476557,3797,109769,3796.75,3797
9789722,2019-01-06T03:00:44.482Z,19010603,XBTUSD,3796.5,484782,3797,103271,3796.75,3797
9789730,2019-01-06T03:00:44.804Z,19010603,XBTUSD,3796.5,427185,3797,109594,3796.75,3797
9789793,2019-01-06T03:00:48.335Z,19010603,XBTUSD,3796.5,430287,3797,104320,3796.75,3797
9789802,2019-01-06T03:00:48.479Z,19010603,XBTUSD,3796.5,453287,3797,103740,3796.75,3797
9789847,2019-01-06T03:00:48.815Z,19010603,XBTUSD,3796.5,449726,3797,98146,3796.75,3797
9789856,2019-01-06T03:00:49.442Z,19010603,XBTUSD,3796.5,2746100,3797,97950,3796.75,3797
9789920,2019-01-06T03:00:49.581Z,19010603,XBTUSD,3796.5,2734085,3797,101219,3796.75,3797
9789934,2019-01-06T03:00:50.007Z,19010603,XBTUSD,3796.5,2722351,3797,98948,3796.75,3797
9790000,2019-01-06T03:00:50.908Z,19010603,XBTUSD,3796.5,2720288,3797,74106,3796.75,3797
9790010,2019-01-06T03:00:51.145Z,19010603,XBTUSD,3796.5,2699839,3797,119257,3796.75,3797
9790057,2019-01-06T03:00:51.427Z,19010603,XBTUSD,3796.5,2686121,3797,76982,3796.75,3797
9790066,2019-01-06T03:00:51.899Z,19010603,XBTUSD,3796.5,2669069,3797,18533,3796.75,3797
9790112,2019-01-06T03:00:52.732Z,19010603,XBTUSD,3796.5,2654996,3797,67208,3796.75,3797
9790117,2019-01-06T03:00:53.321Z,19010603,XBTUSD,3796.5,2649758,3797,67756,3796.75,3797
9790176,2019-01-06T03:00:54.343Z,19010603,XBTUSD,3796.5,2651046,3797,155550,3796.75,3797
9790183,2019-01-06T03:00:54.551Z,19010603,XBTUSD,3796.5,2651046,3797,157151,3796.75,3797
9790193,2019-01-06T03:00:54.849Z,19010603,XBTUSD,3796.5,2651046,3797,49427,3796.75,3797
9790261,2019-01-06T03:00:56.364Z,19010603,XBTUSD,3796.5,2640898,3797,148384,3796.75,3797
9790267,2019-01-06T03:00:56.768Z,19010603,XBTUSD,3796.5,2570910,3797,151411,3796.75,3797
9790309,2019-01-06T03:00:57.472Z,19010603,XBTUSD,3796.5,2570910,3797,70542,3796.75,3797
9790325,2019-01-06T03:00:58.371Z,19010603,XBTUSD,3796.5,2570910,3797,82221,3796.75,3797
9790343,2019-01-06T03:00:59.082Z,19010603,XBTUSD,3796.5,2570910,3797,94430,3796.75,3797
9790353,2019-01-06T03:00:59.997Z,19010603,XBTUSD,3796.5,2570944,3797,84764,3796.75,3797
9790405,2019-01-06T03:01:01.250Z,19010603,XBTUSD,3796.5,2586170,3797,214726,3796.75,3797
9790415,2019-01-06T03:01:01.684Z,19010603,XBTUSD,3796.5,2586045,3797,220953,3796.75,3797
9789916,2019-01-06T03:00:49.530Z,19010603,XBTUSD,3796.5,2746912,3797,98252,3796.75,3797
9789926,2019-01-06T03:00:49.806Z,19010603,XBTUSD,3796.5,2722285,3797,101465,3796.75,3797
9789936,2019-01-06T03:00:50.018Z,19010603,XBTUSD,3796.5,2722351,3797,74077,3796.75,3797
9790005,2019-01-06T03:00:51.096Z,19010603,XBTUSD,3796.5,2720344,3797,119273,3796.75,3797
9790013,2019-01-06T03:00:51.237Z,19010603,XBTUSD,3796.5,2693839,3797,76980,3796.75,3797
9790053,2019-01-06T03:00:51.262Z,19010603,XBTUSD,3796.5,2694121,3797,76980,3796.75,3797
9790062,2019-01-06T03:00:51.787Z,19010603,XBTUSD,3796.5,2693814,3797,17051,3796.75,3797
9790108,2019-01-06T03:00:52.535Z,19010603,XBTUSD,3796.5,2654996,3797,70208,3796.75,3797
9790120,2019-01-06T03:00:53.508Z,19010603,XBTUSD,3796.5,2649758,3797,59200,3796.75,3797
9790168,2019-01-06T03:00:53.853Z,19010603,XBTUSD,3796.5,2650996,3797,113309,3796.75,3797
9790172,2019-01-06T03:00:54.225Z,19010603,XBTUSD,3796.5,2650996,3797,153310,3796.75,3797
9790188,2019-01-06T03:00:54.740Z,19010603,XBTUSD,3796.5,2651046,3797,113782,3796.75,3797
9790194,2019-01-06T03:00:54.866Z,19010603,XBTUSD,3796.5,2651046,3797,49471,3796.75,3797
9790220,2019-01-06T03:00:55.618Z,19010603,XBTUSD,3796.5,2637898,3797,63089,3796.75,3797
9790253,2019-01-06T03:00:55.714Z,19010603,XBTUSD,3796.5,2634898,3797,143860,3796.75,3797
9790266,2019-01-06T03:00:56.746Z,19010603,XBTUSD,3796.5,2570910,3797,151385,3796.75,3797
9790311,2019-01-06T03:00:57.505Z,19010603,XBTUSD,3796.5,2570910,3797,70544,3796.75,3797
9790329,2019-01-06T03:00:58.437Z,19010603,XBTUSD,3796.5,2570910,3797,99135,3796.75,3797
9790349,2019-01-06T03:00:59.582Z,19010603,XBTUSD,3796.5,2570910,3797,94612,3796.75,3797
9790376,2019-01-06T03:01:00.596Z,19010603,XBTUSD,3796.5,2570984,3797,214724,3796.75,3797
9790403,2019-01-06T03:01:00.956Z,19010603,XBTUSD,3796.5,2570984,3797,214725,3796.75,3797
9790410,2019-01-06T03:01:01.616Z,19010603,XBTUSD,3796.5,2586045,3797,219776,3796.75,3797
9790479,2019-01-06T03:01:02.837Z,19010603,XBTUSD,3796.5,2582070,3797,268408,3796.75,3797
9790493,2019-01-06T03:01:03.823Z,19010603,XBTUSD,3796.5,2593359,3797,265808,3796.75,3797
9790514,2019-01-06T03:01:04.191Z,19010603,XBTUSD,3796.5,2581970,3797,256483,3796.75,3797
9790532,2019-01-06T03:01:05.283Z,19010603,XBTUSD,3796.5,2591563,3797,302799,3796.75,3797
9790554,2019-01-06T03:01:07.032Z,19010603,XBTUSD,3796.5,2593998,3797,300648,3796.75,3797
9790558,2019-01-06T03:01:07.287Z,19010603,XBTUSD,3796.5,2595585,3797,286150,3796.75,3797
9790568,2019-01-06T03:01:07.919Z,19010603,XBTUSD,3796.5,2536287,3797,335688,3796.75,3797
9790592,2019-01-06T03:01:08.253Z,19010603,XBTUSD,3796.5,2536287,3797,385789,3796.75,3797
9790603,2019-01-06T03:01:09.063Z,19010603,XBTUSD,3796.5,2518747,3797,389927,3796.75,3797
9790627,2019-01-06T03:01:09.338Z,19010603,XBTUSD,3796.5,2512447,3797,381921,3796.75,3797
9790653,2019-01-06T03:01:10.262Z,19010603,XBTUSD,3796.5,210747,3797,404730,3796.75,3797
9790665,2019-01-06T03:01:10.418Z,19010603,XBTUSD,3796.5,196209,3797,404714,3796.75,3797
9790693,2019-01-06T03:01:11.791Z,19010603,XBTUSD,3796.5,191984,3797,397679,3796.75,3797
9790713,2019-01-06T03:01:12.315Z,19010603,XBTUSD,3796.5,192485,3797,399126,3796.75,3797
9790003,2019-01-06T03:00:51.030Z,19010603,XBTUSD,3796.5,2720314,3797,119152,3796.75,3797
9790056,2019-01-06T03:00:51.351Z,19010603,XBTUSD,3796.5,2689121,3797,76982,3796.75,3797
9790068,2019-01-06T03:00:51.977Z,19010603,XBTUSD,3796.5,2667269,3797,18453,3796.75,3797
9790109,2019-01-06T03:00:52.774Z,19010603,XBTUSD,3796.5,2654996,3797,29383,3796.75,3797
9790122,2019-01-06T03:00:53.607Z,19010603,XBTUSD,3796.5,2646044,3797,113303,3796.75,3797
9790167,2019-01-06T03:00:53.802Z,19010603,XBTUSD,3796.5,2646044,3797,113309,3796.75,3797
9790178,2019-01-06T03:00:54.357Z,19010603,XBTUSD,3796.5,2651046,3797,154550,3796.75,3797
9790184,2019-01-06T03:00:54.552Z,19010603,XBTUSD,3796.5,2651046,3797,157152,3796.75,3797
9790195,2019-01-06T03:00:54.947Z,19010603,XBTUSD,3796.5,2646046,3797,49471,3796.75,3797
9790216,2019-01-06T03:00:55.488Z,19010603,XBTUSD,3796.5,2646046,3797,63088,3796.75,3797
9790259,2019-01-06T03:00:56.313Z,19010603,XBTUSD,3796.5,2634898,3797,147384,3796.75,3797
9790269,2019-01-06T03:00:56.874Z,19010603,XBTUSD,3796.5,2570910,3797,151312,3796.75,3797
9790312,2019-01-06T03:00:57.671Z,19010603,XBTUSD,3796.5,2570910,3797,150544,3796.75,3797
9790322,2019-01-06T03:00:58.332Z,19010603,XBTUSD,3796.5,2570910,3797,85685,3796.75,3797
9790348,2019-01-06T03:00:59.324Z,19010603,XBTUSD,3796.5,2570910,3797,94578,3796.75,3797
9790373,2019-01-06T03:01:00.560Z,19010603,XBTUSD,3796.5,2570984,3797,84865,3796.75,3797
9790409,2019-01-06T03:01:01.531Z,19010603,XBTUSD,3796.5,2586045,3797,218776,3796.75,3797
9790473,2019-01-06T03:01:02.222Z,19010603,XBTUSD,3796.5,2582070,3797,268154,3796.75,3797
9790482,2019-01-06T03:01:02.949Z,19010603,XBTUSD,3796.5,2581970,3797,225500,3796.75,3797
9790489,2019-01-06T03:01:03.308Z,19010603,XBTUSD,3796.5,2593359,3797,235502,3796.75,3797
9790517,2019-01-06T03:01:04.402Z,19010603,XBTUSD,3796.5,2583970,3797,256562,3796.75,3797
9790519,2019-01-06T03:01:04.932Z,19010603,XBTUSD,3796.5,2583970,3797,300720,3796.75,3797
9790535,2019-01-06T03:01:05.760Z,19010603,XBTUSD,3796.5,2591573,3797,302801,3796.75,3797
9790553,2019-01-06T03:01:06.958Z,19010603,XBTUSD,3796.5,2593998,3797,300598,3796.75,3797
9790560,2019-01-06T03:01:07.319Z,19010603,XBTUSD,3796.5,2565087,3797,286151,3796.75,3797
9790598,2019-01-06T03:01:08.903Z,19010603,XBTUSD,3796.5,2526118,3797,385782,3796.75,3797
9790625,2019-01-06T03:01:09.315Z,19010603,XBTUSD,3796.5,2512447,3797,381820,3796.75,3797
9790635,2019-01-06T03:01:10.079Z,19010603,XBTUSD,3796.5,2510647,3797,410189,3796.75,3797
9790657,2019-01-06T03:01:10.305Z,19010603,XBTUSD,3796.5,200779,3797,404730,3796.75,3797
9790664,2019-01-06T03:01:10.396Z,19010603,XBTUSD,3796.5,196299,3797,404714,3796.75,3797
9790689,2019-01-06T03:01:11.604Z,19010603,XBTUSD,3796.5,191984,3797,397836,3796.75,3797
9790712,2019-01-06T03:01:12.277Z,19010603,XBTUSD,3796.5,192485,3797,399125,3796.75,3797
9790722,2019-01-06T03:01:12.868Z,19010603,XBTUSD,3796.5,183242,3797,395795,3796.75,3797
9790758,2019-01-06T03:01:14.264Z,19010603,XBTUSD,3796.5,31487,3797,455426,3796.75,3797
9790769,2019-01-06T03:01:14.626Z,19010603,XBTUSD,3795.5,13444,3796,7054,3795.75,3796
9790779,2019-01-06T03:01:14.661Z,19010603,XBTUSD,3795.5,13444,3796,28013,3795.75,3796
9790787,2019-01-06T03:01:14.688Z,19010603,XBTUSD,3795.5,11513,3796,153699,3795.75,3796
9790061,2019-01-06T03:00:51.773Z,19010603,XBTUSD,3796.5,2693814,3797,31908,3796.75,3797
9790071,2019-01-06T03:00:52.167Z,19010603,XBTUSD,3796.5,2664996,3797,18454,3796.75,3797
9790103,2019-01-06T03:00:52.333Z,19010603,XBTUSD,3796.5,2664996,3797,18455,3796.75,3797
9790115,2019-01-06T03:00:53.262Z,19010603,XBTUSD,3796.5,2650996,3797,110646,3796.75,3797
9790169,2019-01-06T03:00:53.943Z,19010603,XBTUSD,3796.5,2650996,3797,113310,3796.75,3797
9790181,2019-01-06T03:00:54.474Z,19010603,XBTUSD,3796.5,2651046,3797,155141,3796.75,3797
9790190,2019-01-06T03:00:54.745Z,19010603,XBTUSD,3796.5,2651046,3797,55427,3796.75,3797
9790222,2019-01-06T03:00:55.696Z,19010603,XBTUSD,3796.5,2637898,3797,143859,3796.75,3797
9790255,2019-01-06T03:00:55.910Z,19010603,XBTUSD,3796.5,2634898,3797,143883,3796.75,3797
9790264,2019-01-06T03:00:56.557Z,19010603,XBTUSD,3796.5,2640910,3797,151384,3796.75,3797
9790323,2019-01-06T03:00:58.367Z,19010603,XBTUSD,3796.5,2570910,3797,84685,3796.75,3797
9790332,2019-01-06T03:00:58.456Z,19010603,XBTUSD,3796.5,2570910,3797,94637,3796.75,3797
9790350,2019-01-06T03:00:59.808Z,19010603,XBTUSD,3796.5,2570910,3797,84762,3796.75,3797
9790406,2019-01-06T03:01:01.251Z,19010603,XBTUSD,3796.5,2585995,3797,214726,3796.75,3797
9790475,2019-01-06T03:01:02.475Z,19010603,XBTUSD,3796.5,2582070,3797,268156,3796.75,3797
9790516,2019-01-06T03:01:04.330Z,19010603,XBTUSD,3796.5,2583970,3797,256561,3796.75,3797
9790552,2019-01-06T03:01:06.908Z,19010603,XBTUSD,3796.5,2593998,3797,302663,3796.75,3797
9790563,2019-01-06T03:01:07.420Z,19010603,XBTUSD,3796.5,2542487,3797,307142,3796.75,3797
9790599,2019-01-06T03:01:09.007Z,19010603,XBTUSD,3796.5,2526118,3797,383717,3796.75,3797
9790621,2019-01-06T03:01:09.131Z,19010603,XBTUSD,3796.5,2514247,3797,381662,3796.75,3797
9790631,2019-01-06T03:01:09.763Z,19010603,XBTUSD,3796.5,2502447,3797,410187,3796.75,3797
9790658,2019-01-06T03:01:10.314Z,19010603,XBTUSD,3796.5,200689,3797,404730,3796.75,3797
9790666,2019-01-06T03:01:10.438Z,19010603,XBTUSD,3796.5,196134,3797,404714,3796.75,3797
9790672,2019-01-06T03:01:10.720Z,19010603,XBTUSD,3796.5,196034,3797,401136,3796.75,3797
9790687,2019-01-06T03:01:11.295Z,19010603,XBTUSD,3796.5,193784,3797,397835,3796.75,3797
9790696,2019-01-06T03:01:11.886Z,19010603,XBTUSD,3796.5,192484,3797,399125,3796.75,3797
9790715,2019-01-06T03:01:12.374Z,19010603,XBTUSD,3796.5,192485,3797,398486,3796.75,3797
9790725,2019-01-06T03:01:13.000Z,19010603,XBTUSD,3796.5,173242,3797,395797,3796.75,3797
9790750,2019-01-06T03:01:14.105Z,19010603,XBTUSD,3796.5,171142,3797,403302,3796.75,3797
9790760,2019-01-06T03:01:14.290Z,19010603,XBTUSD,3796.5,31455,3797,475391,3796.75,3797
9790770,2019-01-06T03:01:14.634Z,19010603,XBTUSD,3795.5,13444,3796,7204,3795.75,3796
9790773,2019-01-06T03:01:14.645Z,19010603,XBTUSD,3795.5,13444,3796,7409,3795.75,3796
9790783,2019-01-06T03:01:14.675Z,19010603,XBTUSD,3795.5,13444,3796,109133,3795.75,3796
9790792,2019-01-06T03:01:14.708Z,19010603,XBTUSD,3795.5,17084,3796,203699,3795.75,3796
9790803,2019-01-06T03:01:14.770Z,19010603,XBTUSD,3795.5,24084,3796,273847,3795.75,3796
9790811,2019-01-06T03:01:14.829Z,19010603,XBTUSD,3795.5,24983,3796,302040,3795.75,3796
9790059,2019-01-06T03:00:51.603Z,19010603,XBTUSD,3796.5,2693814,3797,76982,3796.75,3797
9790069,2019-01-06T03:00:51.991Z,19010603,XBTUSD,3796.5,2667269,3797,18454,3796.75,3797
9790104,2019-01-06T03:00:52.398Z,19010603,XBTUSD,3796.5,2664996,3797,18575,3796.75,3797
9790114,2019-01-06T03:00:53.213Z,19010603,XBTUSD,3796.5,2654996,3797,110646,3796.75,3797
9790123,2019-01-06T03:00:53.525Z,19010603,XBTUSD,3796.5,2649758,3797,113303,3796.75,3797
9790170,2019-01-06T03:00:54.079Z,19010603,XBTUSD,3796.5,2650996,3797,115310,3796.75,3797
9790179,2019-01-06T03:00:54.387Z,19010603,XBTUSD,3796.5,2651046,3797,155040,3796.75,3797
9790191,2019-01-06T03:00:54.780Z,19010603,XBTUSD,3796.5,2651046,3797,54427,3796.75,3797
9790223,2019-01-06T03:00:55.703Z,19010603,XBTUSD,3796.5,2634898,3797,143859,3796.75,3797
9790258,2019-01-06T03:00:56.304Z,19010603,XBTUSD,3796.5,2634898,3797,145384,3796.75,3797
9790328,2019-01-06T03:00:58.432Z,19010603,XBTUSD,3796.5,2570910,3797,98645,3796.75,3797
9790344,2019-01-06T03:00:59.169Z,19010603,XBTUSD,3796.5,2570910,3797,94550,3796.75,3797
9790371,2019-01-06T03:01:00.488Z,19010603,XBTUSD,3796.5,2570944,3797,84864,3796.75,3797
9790407,2019-01-06T03:01:01.407Z,19010603,XBTUSD,3796.5,2586045,3797,214776,3796.75,3797
9790472,2019-01-06T03:01:02.217Z,19010603,XBTUSD,3796.5,2582070,3797,268153,3796.75,3797
9790490,2019-01-06T03:01:03.585Z,19010603,XBTUSD,3796.5,2593359,3797,245827,3796.75,3797
9790521,2019-01-06T03:01:05.012Z,19010603,XBTUSD,3796.5,2583970,3797,300722,3796.75,3797
9790534,2019-01-06T03:01:05.607Z,19010603,XBTUSD,3796.5,2591563,3797,302801,3796.75,3797
9790551,2019-01-06T03:01:06.834Z,19010603,XBTUSD,3796.5,2593999,3797,302663,3796.75,3797
9790566,2019-01-06T03:01:07.613Z,19010603,XBTUSD,3796.5,2536287,3797,304493,3796.75,3797
9790591,2019-01-06T03:01:08.100Z,19010603,XBTUSD,3796.5,2536287,3797,385788,3796.75,3797
9790601,2019-01-06T03:01:09.030Z,19010603,XBTUSD,3796.5,2520547,3797,389917,3796.75,3797
9790618,2019-01-06T03:01:09.094Z,19010603,XBTUSD,3796.5,2516497,3797,389927,3796.75,3797
9790629,2019-01-06T03:01:09.559Z,19010603,XBTUSD,3796.5,2502447,3797,388121,3796.75,3797
9790651,2019-01-06T03:01:10.108Z,19010603,XBTUSD,3796.5,2510747,3797,404609,3796.75,3797
9790660,2019-01-06T03:01:10.335Z,19010603,XBTUSD,3796.5,200539,3797,404714,3796.75,3797
9790670,2019-01-06T03:01:10.634Z,19010603,XBTUSD,3796.5,196034,3797,401134,3796.75,3797
9790694,2019-01-06T03:01:11.799Z,19010603,XBTUSD,3796.5,191984,3797,397059,3796.75,3797
9790714,2019-01-06T03:01:12.320Z,19010603,XBTUSD,3796.5,192485,3797,399106,3796.75,3797
9790724,2019-01-06T03:01:12.908Z,19010603,XBTUSD,3796.5,183242,3797,395797,3796.75,3797
9790752,2019-01-06T03:01:14.209Z,19010603,XBTUSD,3796.5,36287,3797,403303,3796.75,3797
9790763,2019-01-06T03:01:14.466Z,19010603,XBTUSD,3796.5,29281,3797,475419,3796.75,3797
9790775,2019-01-06T03:01:14.650Z,19010603,XBTUSD,3795.5,13444,3796,17484,3795.75,3796
9790786,2019-01-06T03:01:14.684Z,19010603,XBTUSD,3795.5,11513,3796,148699,3795.75,3796
9790797,2019-01-06T03:01:14.725Z,19010603,XBTUSD,3795.5,24084,3796,233699,3795.75,3796
9790807,2019-01-06T03:01:14.791Z,19010603,XBTUSD,3795.5,25983,3796,298997,3795.75,3796
9790838,2019-01-06T03:01:14.913Z,19010603,XBTUSD,3795.5,24983,3796,402884,3795.75,3796
9790851,2019-01-06T03:01:14.993Z,19010603,XBTUSD,3795.5,30181,3796,497290,3795.75,3796
9790863,2019-01-06T03:01:15.105Z,19010603,XBTUSD,3795,35837,3796,552189,3795.5,3796
9790166,2019-01-06T03:00:53.754Z,19010603,XBTUSD,3796.5,2646044,3797,113308,3796.75,3797
9790174,2019-01-06T03:00:54.255Z,19010603,XBTUSD,3796.5,2651046,3797,153460,3796.75,3797
9790186,2019-01-06T03:00:54.635Z,19010603,XBTUSD,3796.5,2651046,3797,154152,3796.75,3797
9790192,2019-01-06T03:00:54.827Z,19010603,XBTUSD,3796.5,2651046,3797,51427,3796.75,3797
9790217,2019-01-06T03:00:55.538Z,19010603,XBTUSD,3796.5,2642046,3797,63088,3796.75,3797
9790256,2019-01-06T03:00:56.106Z,19010603,XBTUSD,3796.5,2634898,3797,143383,3796.75,3797
9790265,2019-01-06T03:00:56.649Z,19010603,XBTUSD,3796.5,2640910,3797,151385,3796.75,3797
9790310,2019-01-06T03:00:57.503Z,19010603,XBTUSD,3796.5,2570910,3797,70543,3796.75,3797
9790324,2019-01-06T03:00:58.369Z,19010603,XBTUSD,3796.5,2570910,3797,83221,3796.75,3797
9790345,2019-01-06T03:00:59.174Z,19010603,XBTUSD,3796.5,2570910,3797,94560,3796.75,3797
9790412,2019-01-06T03:01:01.622Z,19010603,XBTUSD,3796.5,2586045,3797,219809,3796.75,3797
9790471,2019-01-06T03:01:02.174Z,19010603,XBTUSD,3796.5,2559470,3797,270953,3796.75,3797
9790481,2019-01-06T03:01:02.901Z,19010603,XBTUSD,3796.5,2581970,3797,225600,3796.75,3797
9790486,2019-01-06T03:01:03.198Z,19010603,XBTUSD,3796.5,2593359,3797,225500,3796.75,3797
9790522,2019-01-06T03:01:05.031Z,19010603,XBTUSD,3796.5,2583970,3797,300734,3796.75,3797
9790555,2019-01-06T03:01:07.131Z,19010603,XBTUSD,3796.5,2593998,3797,290648,3796.75,3797
9790562,2019-01-06T03:01:07.349Z,19010603,XBTUSD,3796.5,2542487,3797,294752,3796.75,3797
9790600,2019-01-06T03:01:09.018Z,19010603,XBTUSD,3796.5,2520547,3797,383717,3796.75,3797
9790619,2019-01-06T03:01:09.100Z,19010603,XBTUSD,3796.5,2516497,3797,383727,3796.75,3797
9790628,2019-01-06T03:01:09.401Z,19010603,XBTUSD,3796.5,2502447,3797,381921,3796.75,3797
9790652,2019-01-06T03:01:10.257Z,19010603,XBTUSD,3796.5,2510747,3797,404730,3796.75,3797
9790663,2019-01-06T03:01:10.378Z,19010603,XBTUSD,3796.5,198099,3797,404714,3796.75,3797
9790691,2019-01-06T03:01:11.743Z,19010603,XBTUSD,3796.5,191984,3797,397887,3796.75,3797
9790719,2019-01-06T03:01:12.437Z,19010603,XBTUSD,3796.5,183242,3797,401998,3796.75,3797
9790726,2019-01-06T03:01:13.035Z,19010603,XBTUSD,3796.5,171242,3797,395797,3796.75,3797
9790753,2019-01-06T03:01:14.248Z,19010603,XBTUSD,3796.5,36287,3797,403271,3796.75,3797
9790764,2019-01-06T03:01:14.491Z,19010603,XBTUSD,3796.5,29281,3797,477485,3796.75,3797
9790774,2019-01-06T03:01:14.648Z,19010603,XBTUSD,3795.5,13444,3796,17409,3795.75,3796
9790782,2019-01-06T03:01:14.672Z,19010603,XBTUSD,3795.5,13444,3796,91016,3795.75,3796
9790793,2019-01-06T03:01:14.712Z,19010603,XBTUSD,3795.5,17084,3796,213699,3795.75,3796
9790802,2019-01-06T03:01:14.751Z,19010603,XBTUSD,3795.5,24084,3796,266343,3795.75,3796
9790841,2019-01-06T03:01:14.928Z,19010603,XBTUSD,3795.5,24983,3796,467826,3795.75,3796
9790845,2019-01-06T03:01:14.971Z,19010603,XBTUSD,3795.5,27172,3796,473290,3795.75,3796
9790858,2019-01-06T03:01:15.080Z,19010603,XBTUSD,3795.5,22590,3796,524071,3795.75,3796
9790892,2019-01-06T03:01:15.528Z,19010603,XBTUSD,3795,27067,3795.5,367639,3795.25,3795.5
9790905,2019-01-06T03:01:15.563Z,19010603,XBTUSD,3795,27067,3795.5,413531,3795.25,3795.5
9790913,2019-01-06T03:01:15.596Z,19010603,XBTUSD,3795,27067,3795.5,586662,3795.25,3795.5
9790924,2019-01-06T03:01:15.640Z,19010603,XBTUSD,3795,29067,3795.5,694601,3795.25,3795.5
9790175,2019-01-06T03:00:54.305Z,19010603,XBTUSD,3796.5,2651046,3797,155460,3796.75,3797
9790187,2019-01-06T03:00:54.665Z,19010603,XBTUSD,3796.5,2651046,3797,153152,3796.75,3797
9790197,2019-01-06T03:00:55.000Z,19010603,XBTUSD,3796.5,2646046,3797,63087,3796.75,3797
9790257,2019-01-06T03:00:56.238Z,19010603,XBTUSD,3796.5,2634898,3797,143384,3796.75,3797
9790270,2019-01-06T03:00:56.898Z,19010603,XBTUSD,3796.5,2570910,3797,108504,3796.75,3797
9790326,2019-01-06T03:00:58.396Z,19010603,XBTUSD,3796.5,2570910,3797,85021,3796.75,3797
9790346,2019-01-06T03:00:59.244Z,19010603,XBTUSD,3796.5,2570910,3797,94561,3796.75,3797
9790375,2019-01-06T03:01:00.595Z,19010603,XBTUSD,3796.5,2570984,3797,176635,3796.75,3797
9790408,2019-01-06T03:01:01.516Z,19010603,XBTUSD,3796.5,2586045,3797,216776,3796.75,3797
9790414,2019-01-06T03:01:01.648Z,19010603,XBTUSD,3796.5,2586045,3797,220810,3796.75,3797
