id,timestamp,hour,symbol,side,size,price,tickDirection,trdMatchID,volTime,tickTime
2802243,2019-01-06T03:00:10.375Z,19010603,XBTUSD,Buy,189,3793.5,ZeroPlusTick,e3f356d8-7b77-3748-6c3b-9808913a152f,189,1
2802255,2019-01-06T03:00:10.375Z,19010603,XBTUSD,Buy,2000,3793.5,ZeroPlusTick,5fab5a9b-4dbc-7ca1-2115-7e5308d4c679,2189,2
2802208,2019-01-06T03:00:03.032Z,19010603,XBTUSD,Sell,175,3793,MinusTick,afe06739-5938-03ba-862f-9c1b5a8dea7b,2364,3
2802210,2019-01-06T03:00:03.298Z,19010603,XBTUSD,Buy,189,3793.5,ZeroPlusTick,615d4e9d-1bca-09b8-15a4-6de4123c8568,2553,4
2802212,2019-01-06T03:00:03.387Z,19010603,XBTUSD,Buy,50,3793.5,ZeroPlusTick,a9ce1465-7efa-3b26-22f4-38176cdb891b,2603,5
2802213,2019-01-06T03:00:03.429Z,19010603,XBTUSD,Buy,111,3793.5,ZeroPlusTick,d7124a34-16ed-8b31-0c20-829fde8c44a8,2714,6
2802249,2019-01-06T03:00:10.375Z,19010603,XBTUSD,Buy,500,3793.5,ZeroPlusTick,e40073f8-99d9-e2a6-0ed6-d81e23f4bc84,3214,7
2802256,2019-01-06T03:00:10.375Z,19010603,XBTUSD,Buy,2000,3793.5,ZeroPlusTick,4d784f81-4ce0-18be-ca00-c9c0bbb8ac8d,5214,8
2802211,2019-01-06T03:00:03.298Z,19010603,XBTUSD,Buy,1375,3793.5,ZeroPlusTick,b1de682f-cf0d-9e2c-da27-8c47eb139731,6589,9
2802214,2019-01-06T03:00:03.492Z,19010603,XBTUSD,Buy,20,3793.5,ZeroPlusTick,e11a8423-93fe-8740-51c7-687b3bb50e42,6609,10
2802237,2019-01-06T03:00:08.908Z,19010603,XBTUSD,Buy,2000,3793.5,ZeroPlusTick,e34e4bf5-bfba-8e45-5aab-9df16a5ba190,8609,11
2802206,2019-01-06T03:00:02.924Z,19010603,XBTUSD,Buy,500,3793.5,ZeroPlusTick,b10120b6-6b19-b3f1-e733-27392b6957e9,9109,12
2802209,2019-01-06T03:00:03.298Z,19010603,XBTUSD,Buy,7,3793.5,PlusTick,1f0ebe56-100b-71ff-e1d8-4786594f3793,9116,13
2802242,2019-01-06T03:00:10.375Z,19010603,XBTUSD,Buy,120,3793.5,ZeroPlusTick,539d1b1a-3ff7-4d67-e5a8-4fbd78a9ac4f,9236,14
2802252,2019-01-06T03:00:10.375Z,19010603,XBTUSD,Buy,50,3793.5,ZeroPlusTick,8ee90f0f-700e-a6a7-2663-942bd763467e,9286,15
2802272,2019-01-06T03:00:12.367Z,19010603,XBTUSD,Buy,1000,3793.5,ZeroPlusTick,d1fccfea-cf50-5e01-2020-03f432e000c6,10286,16
2802304,2019-01-06T03:00:15.241Z,19010603,XBTUSD,Sell,20,3793,MinusTick,900d9df0-10bb-e355-b9d8-d67130833941,10306,17
2802305,2019-01-06T03:00:15.359Z,19010603,XBTUSD,Buy,4,3793.5,PlusTick,e5aba003-f98c-2ee1-0653-e93d98bc97f3,10310,18
2802306,2019-01-06T03:00:15.431Z,19010603,XBTUSD,Buy,200,3793.5,ZeroPlusTick,410bd79c-c44d-8877-57e8-41df8b7a1665,10510,19
2802307,2019-01-06T03:00:15.439Z,19010603,XBTUSD,Buy,100,3793.5,ZeroPlusTick,873bc774-4cb4-e217-1930-922d550f5bde,10610,20
2802331,2019-01-06T03:00:20.740Z,19010603,XBTUSD,Buy,37,3793.5,ZeroPlusTick,5a028b8d-459c-957e-35b4-f50a7bf9e595,10647,21
2802233,2019-01-06T03:00:06.213Z,19010603,XBTUSD,Buy,5,3793.5,ZeroPlusTick,e58a8caf-7625-f801-061f-bfb12a607358,10652,22
2802239,2019-01-06T03:00:10.158Z,19010603,XBTUSD,Buy,3000,3793.5,ZeroPlusTick,969588bb-c6e2-acc8-f52a-5578d9a8109c,13652,23
2802240,2019-01-06T03:00:10.375Z,19010603,XBTUSD,Buy,10903,3793.5,ZeroPlusTick,1799a13e-7251-28a2-acc9-bc251e249595,24555,24
2802250,2019-01-06T03:00:10.375Z,19010603,XBTUSD,Buy,500,3793.5,ZeroPlusTick,ba178242-2e89-32b2-e478-065ced44fb82,25055,25
2802260,2019-01-06T03:00:10.375Z,19010603,XBTUSD,Buy,1000,3793.5,ZeroPlusTick,2bea477e-252a-da15-e189-a6dde3a76955,26055,26
2802262,2019-01-06T03:00:10.375Z,19010603,XBTUSD,Buy,1000,3793.5,ZeroPlusTick,ae4db2ca-9a1e-536e-76c1-626247c16eb8,27055,27
2802326,2019-01-06T03:00:20.107Z,19010603,XBTUSD,Buy,10000,3793.5,ZeroPlusTick,827b8ca2-5843-68b5-6c3d-59433fccd615,37055,28
2802327,2019-01-06T03:00:20.740Z,19010603,XBTUSD,Buy,7661,3793.5,ZeroPlusTick,15a7ca5a-af11-831d-948e-f2fd1b0be758,44716,29
2802338,2019-01-06T03:00:21.405Z,19010603,XBTUSD,Sell,473,3793,MinusTick,1a6f7552-32d7-0f0a-230a-abbe0bf8cf69,45189,30
2802339,2019-01-06T03:00:21.617Z,19010603,XBTUSD,Buy,30,3793.5,PlusTick,06b60a7a-91ba-0012-4e25-d8a69e2fbff8,45219,31
2802342,2019-01-06T03:00:21.989Z,19010603,XBTUSD,Buy,300,3793.5,ZeroPlusTick,96376400-8786-bb89-7403-ebad33f114d3,45519,32
2802343,2019-01-06T03:00:22.017Z,19010603,XBTUSD,Buy,10000,3793.5,ZeroPlusTick,3cb062f1-3c8c-426b-276b-3ca6b44c1d2b,55519,33
2802424,2019-01-06T03:00:27.695Z,19010603,XBTUSD,Buy,44,3793.5,ZeroPlusTick,e6a717b0-568c-9332-fd8c-a0d19b632717,55563,34
2802430,2019-01-06T03:00:27.695Z,19010603,XBTUSD,Buy,200,3793.5,ZeroPlusTick,2023c56c-4cc9-ee6c-65b9-f9cad9c4938d,55763,35
2802205,2019-01-06T03:00:02.917Z,19010603,XBTUSD,Buy,9,3793.5,ZeroPlusTick,8ab269ca-7590-9946-9953-ef767d1dda5f,55772,36
2802241,2019-01-06T03:00:10.375Z,19010603,XBTUSD,Buy,189,3793.5,ZeroPlusTick,c4b4663f-2b1f-37b5-16b1-52676f63dbe6,55961,37
2802257,2019-01-06T03:00:10.375Z,19010603,XBTUSD,Buy,46,3793.5,ZeroPlusTick,a7dc4c48-ecd0-17b7-5a0e-37318251d786,56007,38
2802263,2019-01-06T03:00:10.375Z,19010603,XBTUSD,Buy,50,3793.5,ZeroPlusTick,52059dbc-b64a-6e14-561e-84ab6513aaa4,56057,39
2802322,2019-01-06T03:00:18.679Z,19010603,XBTUSD,Buy,100,3793.5,ZeroPlusTick,dbba34cd-5f75-386b-02db-b9eddc1c5ccd,56157,40
2802345,2019-01-06T03:00:22.361Z,19010603,XBTUSD,Buy,15000,3793.5,PlusTick,a5f6c679-2b66-8ebc-2ef3-ef7a6fae6446,71157,41
2802346,2019-01-06T03:00:22.487Z,19010603,XBTUSD,Buy,1644,3793.5,ZeroPlusTick,d256c51c-d5b8-931f-6818-86b34443c513,72801,42
2802422,2019-01-06T03:00:27.695Z,19010603,XBTUSD,Buy,17556,3793.5,ZeroPlusTick,3d8b9227-7459-a6d3-7ed2-6845f1530c6f,90357,43
2802434,2019-01-06T03:00:27.695Z,19010603,XBTUSD,Buy,300,3793.5,ZeroPlusTick,fdc4bcfb-74f6-af72-5af2-c807d09bbaf1,90657,44
2802447,2019-01-06T03:00:27.695Z,19010603,XBTUSD,Buy,26,3794,ZeroPlusTick,e7bb4623-d111-a055-ecea-8632a4f64349,90683,45
2802453,2019-01-06T03:00:27.695Z,19010603,XBTUSD,Buy,1,3794,ZeroPlusTick,7e156598-564d-af88-c7b4-bed56dfd08d8,90684,46
2802464,2019-01-06T03:00:27.695Z,19010603,XBTUSD,Buy,200,3794,ZeroPlusTick,75d51f9f-48ce-99e0-2061-8388a8526d2c,90884,47
2802475,2019-01-06T03:00:27.695Z,19010603,XBTUSD,Buy,2110,3794,ZeroPlusTick,e4dbbec8-7323-24b6-55c2-01664c0228cd,92994,48
2802484,2019-01-06T03:00:27.695Z,19010603,XBTUSD,Buy,2000,3794,ZeroPlusTick,cdc3cc1e-6474-51bc-07ed-98de271c9236,94994,49
2802244,2019-01-06T03:00:10.375Z,19010603,XBTUSD,Buy,172,3793.5,ZeroPlusTick,a2037624-b67e-f56e-df5d-0e677d725563,95166,50
2802251,2019-01-06T03:00:10.375Z,19010603,XBTUSD,Buy,200,3793.5,ZeroPlusTick,4479dc1c-2e90-1fe0-aec3-fe6cf9e19b12,95366,51
2802261,2019-01-06T03:00:10.375Z,19010603,XBTUSD,Buy,480,3793.5,ZeroPlusTick,ceae1995-7c22-6f67-c3de-a23068f8cb4c,95846,52
2802312,2019-01-06T03:00:15.695Z,19010603,XBTUSD,Buy,350,3793.5,ZeroPlusTick,39ae5fe8-3035-b839-daee-8dafbb4e6471,96196,53
2802313,2019-01-06T03:00:15.735Z,19010603,XBTUSD,Buy,161,3793.5,ZeroPlusTick,d725403b-ed9e-ae6d-7482-cafde6a7b8f5,96357,54
2802314,2019-01-06T03:00:16.077Z,19010603,XBTUSD,Sell,1001,3793,MinusTick,163bd953-4da8-2fb9-4ab6-93935961c19f,97358,55
2802316,2019-01-06T03:00:16.627Z,19010603,XBTUSD,Buy,4400,3793.5,PlusTick,41edc880-09f3-f9ad-f9a9-c6b39076597e,101758,56
2802318,2019-01-06T03:00:16.841Z,19010603,XBTUSD,Buy,200,3793.5,ZeroPlusTick,0cd67c45-0f5c-d0a0-7a19-821c696b092c,101958,57
2802333,2019-01-06T03:00:20.740Z,19010603,XBTUSD,Buy,1057,3793.5,ZeroPlusTick,4afa3227-bead-4498-1e84-00ca18ade42f,103015,58
2802337,2019-01-06T03:00:21.225Z,19010603,XBTUSD,Buy,2000,3793.5,ZeroPlusTick,46b2e93c-2a00-f10b-17ba-35983b717944,105015,59
2802348,2019-01-06T03:00:24.407Z,19010603,XBTUSD,Sell,10000,3793,MinusTick,b3a3c98b-594e-1166-c6fe-d3bb64d71ef3,115015,60
2802419,2019-01-06T03:00:27.695Z,19010603,XBTUSD,Buy,1,3793.5,ZeroPlusTick,92eb7e6e-4ac7-018a-d3c3-bd68ac1a5e93,115016,61
2802429,2019-01-06T03:00:27.695Z,19010603,XBTUSD,Buy,500,3793.5,ZeroPlusTick,f911fade-d8d6-2c49-6f38-d440b2373b00,115516,62
2802439,2019-01-06T03:00:27.695Z,19010603,XBTUSD,Buy,39,3793.5,ZeroPlusTick,52f7f367-f3d0-0470-dd01-476c743c4f98,115555,63
2802449,2019-01-06T03:00:27.695Z,19010603,XBTUSD,Buy,223,3794,ZeroPlusTick,18130e6a-0ca8-3574-fed0-90b587f19db9,115778,64
2802458,2019-01-06T03:00:27.695Z,19010603,XBTUSD,Buy,28,3794,ZeroPlusTick,dff3ef83-df70-5516-ab82-4a4370b6f345,115806,65
2802469,2019-01-06T03:00:27.695Z,19010603,XBTUSD,Buy,100,3794,ZeroPlusTick,af823825-75e3-5fd3-7436-f536b9fab9d1,115906,66
2802477,2019-01-06T03:00:27.695Z,19010603,XBTUSD,Buy,30,3794,ZeroPlusTick,2bfcb08b-7da7-b74b-52ca-db4ca0d389e0,115936,67
2802487,2019-01-06T03:00:27.695Z,19010603,XBTUSD,Buy,500,3794,ZeroPlusTick,1c68731b-3173-e7f8-e881-3a162328324a,116436,68
2802562,2019-01-06T03:00:31.327Z,19010603,XBTUSD,Sell,165,3793.5,ZeroMinusTick,6f8166eb-15d6-e354-1cc8-e5058c6bd06a,116601,69
2802583,2019-01-06T03:00:35.199Z,19010603,XBTUSD,Buy,44,3794,ZeroPlusTick,67490c07-7448-57c5-6970-a8e4b6ea39b8,116645,70
2802610,2019-01-06T03:00:38.238Z,19010603,XBTUSD,Buy,28,3794.5,ZeroPlusTick,c18d2606-2657-c96b-cfc6-e9489fd25e34,116673,71
2802613,2019-01-06T03:00:38.238Z,19010603,XBTUSD,Buy,50,3794.5,ZeroPlusTick,8f66ac66-6342-61fd-1bed-b3b6ab8c592e,116723,72
2802631,2019-01-06T03:00:38.238Z,19010603,XBTUSD,Buy,5000,3794.5,ZeroPlusTick,06b42b5a-03e9-fa66-61d4-670f4f24567b,121723,73
2802640,2019-01-06T03:00:38.238Z,19010603,XBTUSD,Buy,4,3794.5,ZeroPlusTick,e18f616b-0891-7fe7-04aa-a99f1561e70e,121727,74
2802650,2019-01-06T03:00:38.290Z,19010603,XBTUSD,Buy,4,3794.5,ZeroPlusTick,a52047ae-0874-1e8d-777b-9d230e3f003b,121731,75
2802658,2019-01-06T03:00:39.012Z,19010603,XBTUSD,Buy,2065,3794.5,ZeroPlusTick,f3310928-7522-c393-48d0-9061f6cf6a57,123796,76
2802670,2019-01-06T03:00:39.012Z,19010603,XBTUSD,Buy,178,3794.5,ZeroPlusTick,6408c157-5516-0699-de3a-f654821f388f,123974,77
2802248,2019-01-06T03:00:10.375Z,19010603,XBTUSD,Buy,300,3793.5,ZeroPlusTick,be1cef59-fbf0-0bd9-54f8-3e686fd4dd1b,124274,78
2802259,2019-01-06T03:00:10.375Z,19010603,XBTUSD,Buy,98,3793.5,ZeroPlusTick,7bfb478b-a945-0b6f-e23f-140ac2d5d8a0,124372,79
2802303,2019-01-06T03:00:14.699Z,19010603,XBTUSD,Buy,290,3793.5,ZeroPlusTick,0af42e7b-f200-16ab-a7ba-82d172fed46e,124662,80
2802321,2019-01-06T03:00:17.976Z,19010603,XBTUSD,Buy,4000,3793.5,ZeroPlusTick,c96b62d1-e8b4-f135-1a16-f625d0355410,128662,81
2802323,2019-01-06T03:00:19.310Z,19010603,XBTUSD,Buy,500,3793.5,ZeroPlusTick,0b3b2d99-97b6-82aa-6769-ba65564c79b9,129162,82
2802324,2019-01-06T03:00:19.630Z,19010603,XBTUSD,Buy,50,3793.5,ZeroPlusTick,84b48271-d085-dd3b-94e2-ad1d006bba9d,129212,83
2802325,2019-01-06T03:00:19.922Z,19010603,XBTUSD,Buy,10000,3793.5,ZeroPlusTick,64dea99a-830d-3ae6-0548-086546e32772,139212,84
2802420,2019-01-06T03:00:27.695Z,19010603,XBTUSD,Buy,495,3793.5,ZeroPlusTick,8993a38c-2398-fcb1-7545-b10f59dc0064,139707,85
2802433,2019-01-06T03:00:27.695Z,19010603,XBTUSD,Buy,300,3793.5,ZeroPlusTick,a7a00cff-1212-46d8-c0bd-95a4f6d01dcb,140007,86
2802442,2019-01-06T03:00:27.695Z,19010603,XBTUSD,Buy,200,3794,ZeroPlusTick,08b894fc-b1f0-001a-dbcf-7b388b181e69,140207,87
2802455,2019-01-06T03:00:27.695Z,19010603,XBTUSD,Buy,2000,3794,ZeroPlusTick,df53780b-3f48-6334-b9e4-1333a72358c0,142207,88
2802465,2019-01-06T03:00:27.695Z,19010603,XBTUSD,Buy,70,3794,ZeroPlusTick,2ddfb7d5-c322-1eb1-3c6c-dcfd4c442543,142277,89
2802473,2019-01-06T03:00:27.695Z,19010603,XBTUSD,Buy,1000,3794,ZeroPlusTick,f2cf224e-ec4c-c39d-ddca-0e9130e8bcb7,143277,90
2802483,2019-01-06T03:00:27.695Z,19010603,XBTUSD,Buy,1228,3794,ZeroPlusTick,b7adf5a9-5c69-70db-7644-cf60d0c5b0a0,144505,91
2802500,2019-01-06T03:00:28.131Z,19010603,XBTUSD,Buy,1,3794,ZeroPlusTick,1217a431-b15f-c0c5-a653-c03728a24d4d,144506,92
2802580,2019-01-06T03:00:35.199Z,19010603,XBTUSD,Buy,48,3794,ZeroPlusTick,9f62b937-354c-00ec-a669-6eebce7c3ef5,144554,93
2802616,2019-01-06T03:00:38.238Z,19010603,XBTUSD,Buy,2500,3794.5,ZeroPlusTick,91631c58-21e7-9656-a85b-3a15fbd3a285,147054,94
2802629,2019-01-06T03:00:38.238Z,19010603,XBTUSD,Buy,10,3794.5,ZeroPlusTick,08580598-51e0-b236-7d57-c3e4acc2d5a2,147064,95
2802634,2019-01-06T03:00:38.238Z,19010603,XBTUSD,Buy,100,3794.5,ZeroPlusTick,5e41ef4f-1248-3d77-9483-1c650baabf7b,147164,96
2802644,2019-01-06T03:00:38.238Z,19010603,XBTUSD,Buy,166,3794.5,ZeroPlusTick,a72d5f45-700c-af06-8a8f-e9548a9a56e7,147330,97
2802659,2019-01-06T03:00:39.012Z,19010603,XBTUSD,Buy,189,3794.5,ZeroPlusTick,147a83b1-5ed7-0ab0-e722-3c38574dea33,147519,98
2802663,2019-01-06T03:00:39.012Z,19010603,XBTUSD,Buy,120,3794.5,ZeroPlusTick,b361910c-54bb-931e-159d-624103087102,147639,99
2802673,2019-01-06T03:00:39.012Z,19010603,XBTUSD,Buy,22,3794.5,ZeroPlusTick,3d50bf29-7df4-e402-19ab-1187f6909af7,147661,100
2802683,2019-01-06T03:00:39.012Z,19010603,XBTUSD,Buy,20,3795,ZeroPlusTick,d5788c9f-b118-056f-803e-0db3c88ef5fe,147681,101
2802694,2019-01-06T03:00:39.012Z,19010603,XBTUSD,Buy,20,3795,ZeroPlusTick,4e931aa2-5f6f-1d3f-25f0-568e2648e0e4,147701,102
2802247,2019-01-06T03:00:10.375Z,19010603,XBTUSD,Buy,300,3793.5,ZeroPlusTick,2d448691-3fab-5b35-69d0-6a64d80593ed,148001,103
2802253,2019-01-06T03:00:10.375Z,19010603,XBTUSD,Buy,200,3793.5,ZeroPlusTick,6b184b43-dcfe-fe10-74d3-24fe3f125986,148201,104
2802330,2019-01-06T03:00:20.740Z,19010603,XBTUSD,Buy,10,3793.5,ZeroPlusTick,54865b8f-e70c-c535-1557-ab2e1bf87872,148211,105
2802344,2019-01-06T03:00:22.139Z,19010603,XBTUSD,Sell,602,3793,MinusTick,ee5ac8cf-42ab-5d14-99a9-5b1fd904d017,148813,106
2802425,2019-01-06T03:00:27.695Z,19010603,XBTUSD,Buy,120,3793.5,ZeroPlusTick,29a93fe5-2b2e-e683-e65d-a7fa8e48e608,148933,107
2802431,2019-01-06T03:00:27.695Z,19010603,XBTUSD,Buy,200,3793.5,ZeroPlusTick,bb0cca33-8152-b72d-cf11-46cd59417fab,149133,108
2802446,2019-01-06T03:00:27.695Z,19010603,XBTUSD,Buy,637,3794,ZeroPlusTick,92215198-a298-c878-d807-f45f6cad36df,149770,109
2802457,2019-01-06T03:00:27.695Z,19010603,XBTUSD,Buy,124,3794,ZeroPlusTick,108cdc70-5c65-3933-38fb-0b5256ed68f3,149894,110
2802466,2019-01-06T03:00:27.695Z,19010603,XBTUSD,Buy,70,3794,ZeroPlusTick,7a3d61e9-e2a4-a96e-8263-f7f6e9d1bb79,149964,111
2802476,2019-01-06T03:00:27.695Z,19010603,XBTUSD,Buy,4,3794,ZeroPlusTick,20b5f2de-a15a-fc04-0f8a-20499457f000,149968,112
2802488,2019-01-06T03:00:27.695Z,19010603,XBTUSD,Buy,480,3794,ZeroPlusTick,9e400c9b-6670-c681-9f15-acf18f5ac028,150448,113
2802578,2019-01-06T03:00:34.188Z,19010603,XBTUSD,Sell,1,3793.5,MinusTick,006deb55-4337-b793-e0b4-86b62dd54990,150449,114
2802585,2019-01-06T03:00:35.199Z,19010603,XBTUSD,Buy,100,3794,ZeroPlusTick,e1807c1a-4f0e-7cdf-1636-cc78ceeebdc9,150549,115
2802607,2019-01-06T03:00:38.238Z,19010603,XBTUSD,Buy,677,3794.5,ZeroPlusTick,0e290634-6dd5-aff7-568b-1f247e496fcc,151226,116
2802619,2019-01-06T03:00:38.238Z,19010603,XBTUSD,Buy,2,3794.5,ZeroPlusTick,89256123-8145-ff1b-9f08-8cffc73e36a0,151228,117
2802626,2019-01-06T03:00:38.238Z,19010603,XBTUSD,Buy,25,3794.5,ZeroPlusTick,c944408a-c2a4-b62e-849b-a3d680de34d3,151253,118
2802636,2019-01-06T03:00:38.238Z,19010603,XBTUSD,Buy,500,3794.5,ZeroPlusTick,61e3a6a3-48d5-e9c8-f394-e1d384389ee8,151753,119
2802645,2019-01-06T03:00:38.238Z,19010603,XBTUSD,Buy,1787,3794.5,ZeroPlusTick,8c2e2b72-32fe-2286-6828-596451562b84,153540,120
2802657,2019-01-06T03:00:39.012Z,19010603,XBTUSD,Buy,2065,3794.5,ZeroPlusTick,a30fff14-7ba8-946c-bb4c-8cd4b64aab2a,155605,121
2802669,2019-01-06T03:00:39.012Z,19010603,XBTUSD,Buy,74,3794.5,ZeroPlusTick,6b165d88-735d-b9a8-18ac-cd902a714213,155679,122
2802674,2019-01-06T03:00:39.012Z,19010603,XBTUSD,Buy,34,3794.5,ZeroPlusTick,debf5a7a-30d1-965a-b2b3-8bcc140d1c48,155713,123
2802684,2019-01-06T03:00:39.012Z,19010603,XBTUSD,Buy,20,3795,ZeroPlusTick,aa5f7dc7-5788-17b2-767f-f76b523ec59c,155733,124
2802692,2019-01-06T03:00:39.012Z,19010603,XBTUSD,Buy,122,3795,ZeroPlusTick,f98ddd35-63ab-7cf6-eec7-3ef772bd78d3,155855,125
2802703,2019-01-06T03:00:39.012Z,19010603,XBTUSD,Buy,500,3795,ZeroPlusTick,58c5c7e6-ecf5-2dd5-f397-a3417b311c14,156355,126
2802712,2019-01-06T03:00:39.012Z,19010603,XBTUSD,Buy,26,3795,ZeroPlusTick,312be791-b6ef-f6f7-bcb8-33669664cb26,156381,127
2802723,2019-01-06T03:00:39.012Z,19010603,XBTUSD,Buy,100,3795,ZeroPlusTick,453ee490-6796-2d0d-4a3b-31096fec885c,156481,128
2802732,2019-01-06T03:00:39.012Z,19010603,XBTUSD,Buy,50000,3795,ZeroPlusTick,189b40aa-620b-2d01-3985-7f2bf03ac147,206481,129
2802743,2019-01-06T03:00:39.012Z,19010603,XBTUSD,Buy,480,3795,ZeroPlusTick,68df7b67-f265-bd23-fc44-e532c09216c4,206961,130
2802753,2019-01-06T03:00:39.012Z,19010603,XBTUSD,Buy,150,3795.5,PlusTick,5cae1a92-c9ae-f80c-b3c4-2324f199ac89,207111,131
2802763,2019-01-06T03:00:39.012Z,19010603,XBTUSD,Buy,28,3795.5,ZeroPlusTick,e8cfa5c4-156b-a1a0-aa6d-f6e089de82ff,207139,132
2802246,2019-01-06T03:00:10.375Z,19010603,XBTUSD,Buy,44,3793.5,ZeroPlusTick,9b7df586-a1dc-d06d-cf1a-715649374b42,207183,133
2802258,2019-01-06T03:00:10.375Z,19010603,XBTUSD,Buy,30,3793.5,ZeroPlusTick,9108f259-b369-5250-4afc-5f44273046a8,207213,134
2802265,2019-01-06T03:00:10.375Z,19010603,XBTUSD,Buy,3299,3793.5,ZeroPlusTick,f057ab83-cc25-7b83-e7af-b967912c0ce5,210512,135
2802267,2019-01-06T03:00:11.659Z,19010603,XBTUSD,Buy,600,3793.5,ZeroPlusTick,70418244-f147-8cab-4973-11439210be72,211112,136
2802268,2019-01-06T03:00:11.712Z,19010603,XBTUSD,Sell,48,3793,MinusTick,c63dd5b6-9ca0-8403-b7e9-47184c3f1be7,211160,137
2802269,2019-01-06T03:00:11.751Z,19010603,XBTUSD,Buy,2000,3793.5,PlusTick,416013fd-650c-21de-0098-4b3a67831196,213160,138
2802284,2019-01-06T03:00:13.499Z,19010603,XBTUSD,Buy,10000,3793.5,ZeroPlusTick,68b6b3d2-6086-982f-1970-337cb802c4bb,223160,139
2802285,2019-01-06T03:00:13.850Z,19010603,XBTUSD,Buy,508,3793.5,ZeroPlusTick,6a495188-8307-91bd-1a3f-5e9d30d67dd6,223668,140
2802329,2019-01-06T03:00:20.740Z,19010603,XBTUSD,Buy,189,3793.5,ZeroPlusTick,a59e0b33-dbbe-369a-02b2-f1bc0b61d665,223857,141
2802354,2019-01-06T03:00:24.804Z,19010603,XBTUSD,Buy,9876,3793.5,PlusTick,128ff4ce-64e6-c791-8b7e-5d2fb7cc610f,233733,142
2802417,2019-01-06T03:00:27.491Z,19010603,XBTUSD,Buy,1,3793.5,ZeroPlusTick,f58f8c49-0a0f-aefa-aa96-dada4195d2f0,233734,143
2802418,2019-01-06T03:00:27.695Z,19010603,XBTUSD,Buy,2809,3793.5,ZeroPlusTick,0b3a1a1c-073b-052c-216c-e7ed86e0939c,236543,144
2802428,2019-01-06T03:00:27.695Z,19010603,XBTUSD,Buy,300,3793.5,ZeroPlusTick,d3604600-ef20-accb-48bf-b3498b7f4f5d,236843,145
2802438,2019-01-06T03:00:27.695Z,19010603,XBTUSD,Buy,33,3793.5,ZeroPlusTick,0891a5ce-17bd-42d3-0589-a33a7f630734,236876,146
2802448,2019-01-06T03:00:27.695Z,19010603,XBTUSD,Buy,223,3794,ZeroPlusTick,c52bfbd8-4ecf-4658-6528-1c0f80764824,237099,147
2802456,2019-01-06T03:00:27.695Z,19010603,XBTUSD,Buy,11,3794,ZeroPlusTick,020de780-6ba6-3f3b-0247-8e0555eaaa48,237110,148
2802470,2019-01-06T03:00:27.695Z,19010603,XBTUSD,Buy,20,3794,ZeroPlusTick,c4fee133-1c7a-974d-b916-33e05ad1afd0,237130,149
2802474,2019-01-06T03:00:27.695Z,19010603,XBTUSD,Buy,10,3794,ZeroPlusTick,b7e6ef6d-f562-acee-ee29-8fe28e4949e3,237140,150
2802491,2019-01-06T03:00:27.695Z,19010603,XBTUSD,Buy,74,3794,ZeroPlusTick,89e04413-8cb6-57a1-6b91-8d2793e5d8e3,237214,151
2802499,2019-01-06T03:00:28.131Z,19010603,XBTUSD,Buy,29243,3794,ZeroPlusTick,9f1b3c28-5933-355c-6669-6fb8fae18a49,266457,152
2802588,2019-01-06T03:00:35.199Z,19010603,XBTUSD,Buy,189,3794,ZeroPlusTick,c1f58708-b199-5299-cfb0-7107e604d6f3,266646,153
2802614,2019-01-06T03:00:38.238Z,19010603,XBTUSD,Buy,122,3794.5,ZeroPlusTick,8ff89179-52ed-9e86-e4d9-615b6eb0b956,266768,154
2802630,2019-01-06T03:00:38.238Z,19010603,XBTUSD,Buy,1100,3794.5,ZeroPlusTick,c7f5681a-a76d-83b0-b131-a0246e0b3269,267868,155
2802642,2019-01-06T03:00:38.238Z,19010603,XBTUSD,Buy,50,3794.5,ZeroPlusTick,9ab49813-89b8-7deb-6a52-52f1cfef789f,267918,156
2802649,2019-01-06T03:00:38.290Z,19010603,XBTUSD,Buy,24,3794.5,ZeroPlusTick,401db85e-03e9-44e2-f8aa-52437f7d453c,267942,157
2802654,2019-01-06T03:00:39.012Z,19010603,XBTUSD,Buy,2065,3794.5,ZeroPlusTick,b0259b03-b00e-a5fa-5ac1-b59f280ca0de,270007,158
2802666,2019-01-06T03:00:39.012Z,19010603,XBTUSD,Buy,2387,3794.5,ZeroPlusTick,50240a4e-906e-7bf1-f9f6-78672d627078,272394,159
2802681,2019-01-06T03:00:39.012Z,19010603,XBTUSD,Buy,120,3795,ZeroPlusTick,b1aa0bd9-87da-c57c-1163-3c7755d7feed,272514,160
2802685,2019-01-06T03:00:39.012Z,19010603,XBTUSD,Buy,11,3795,ZeroPlusTick,a208b459-be0f-4363-bfe1-159902ca9bd1,272525,161
2802698,2019-01-06T03:00:39.012Z,19010603,XBTUSD,Buy,230,3795,ZeroPlusTick,f2d77e00-01dd-3239-9f91-c9956338b49f,272755,162
2802709,2019-01-06T03:00:39.012Z,19010603,XBTUSD,Buy,100,3795,ZeroPlusTick,8684e45b-701f-6f12-6697-5d33823c8b6b,272855,163
2802245,2019-01-06T03:00:10.375Z,19010603,XBTUSD,Buy,1000,3793.5,ZeroPlusTick,d80effc7-f2d2-9faf-b31b-08e9e0d35977,273855,164
2802254,2019-01-06T03:00:10.375Z,19010603,XBTUSD,Buy,300,3793.5,ZeroPlusTick,c427ddb9-430a-6ed7-dc91-f6a491bf6c82,274155,165
2802421,2019-01-06T03:00:27.695Z,19010603,XBTUSD,Buy,300,3793.5,ZeroPlusTick,e344da0c-75d5-d31d-7bc5-cbf2109315d6,274455,166
2802436,2019-01-06T03:00:27.695Z,19010603,XBTUSD,Buy,10,3793.5,ZeroPlusTick,d5493267-7688-ac97-27fd-c22faaeb210c,274465,167
2802441,2019-01-06T03:00:27.695Z,19010603,XBTUSD,Buy,23,3794,PlusTick,65145580-0017-4a8f-9a35-bead71e2c273,274488,168
2802452,2019-01-06T03:00:27.695Z,19010603,XBTUSD,Buy,1,3794,ZeroPlusTick,8e0f147e-b1e5-f5ff-9531-9b12a67bf661,274489,169
2802468,2019-01-06T03:00:27.695Z,19010603,XBTUSD,Buy,44,3794,ZeroPlusTick,eaea137c-b192-82bd-d57d-4f20dab84e1b,274533,170
2802481,2019-01-06T03:00:27.695Z,19010603,XBTUSD,Buy,8000,3794,ZeroPlusTick,5e48e682-6c82-d550-a05d-3441d225ed2b,282533,171
2802485,2019-01-06T03:00:27.695Z,19010603,XBTUSD,Buy,20,3794,ZeroPlusTick,4ab773ff-db8a-f394-c778-c457534e6a93,282553,172
2802560,2019-01-06T03:00:31.303Z,19010603,XBTUSD,Buy,3000,3794,ZeroPlusTick,dc6f8036-4652-a75f-99f8-3d4a689cfaf8,285553,173
2802572,2019-01-06T03:00:32.959Z,19010603,XBTUSD,Buy,6,3794,PlusTick,abe9b7f0-7ffe-ab0c-dd81-ede9f6485a49,285559,174
2802579,2019-01-06T03:00:35.199Z,19010603,XBTUSD,Buy,13257,3794,PlusTick,840444fd-29ae-0291-0da4-b028e501fd01,298816,175
2802589,2019-01-06T03:00:35.199Z,19010603,XBTUSD,Buy,1100,3794,ZeroPlusTick,709cf866-5884-4445-7796-fae289b39cdf,299916,176
2802605,2019-01-06T03:00:38.188Z,19010603,XBTUSD,Buy,71,3794.5,ZeroPlusTick,d0234002-541e-35f1-167c-01c034d379d8,299987,177
2802606,2019-01-06T03:00:38.188Z,19010603,XBTUSD,Buy,1,3794.5,ZeroPlusTick,08a78fe7-bda8-2d78-f096-141d58f9ff70,299988,178
2802620,2019-01-06T03:00:38.238Z,19010603,XBTUSD,Buy,28,3794.5,ZeroPlusTick,8e0a4da6-9e31-f5df-46b8-4c0980c7820e,300016,179
2802628,2019-01-06T03:00:38.238Z,19010603,XBTUSD,Buy,100,3794.5,ZeroPlusTick,054c231a-8060-78a0-e13c-f65fd1a66b16,300116,180
2802638,2019-01-06T03:00:38.238Z,19010603,XBTUSD,Buy,502,3794.5,ZeroPlusTick,cfe9da5a-f5b4-0c26-c7ca-2c8ee3f98225,300618,181
2802647,2019-01-06T03:00:38.238Z,19010603,XBTUSD,Buy,2,3794.5,ZeroPlusTick,8c2f6831-eb5a-3849-7fb8-d7a3a87a7c4c,300620,182
2802655,2019-01-06T03:00:39.012Z,19010603,XBTUSD,Buy,2065,3794.5,ZeroPlusTick,9bf1b7a9-c6e5-a409-3b34-01948cb3d949,302685,183
2802667,2019-01-06T03:00:39.012Z,19010603,XBTUSD,Buy,200,3794.5,ZeroPlusTick,e53f4ea0-87b0-eee3-bc25-0bb73c6316c4,302885,184
2802679,2019-01-06T03:00:39.012Z,19010603,XBTUSD,Buy,3888,3795,ZeroPlusTick,032bb9a9-0d4e-b805-e0fd-36386fab6071,306773,185
2802691,2019-01-06T03:00:39.012Z,19010603,XBTUSD,Buy,11,3795,ZeroPlusTick,2644f7bf-51e2-73c9-07f2-74bc58ca37fd,306784,186
2802700,2019-01-06T03:00:39.012Z,19010603,XBTUSD,Buy,100,3795,ZeroPlusTick,2aa7181c-5beb-b390-599c-4419747284ee,306884,187
2802707,2019-01-06T03:00:39.012Z,19010603,XBTUSD,Buy,1,3795,ZeroPlusTick,fcbea465-45b9-af5a-04f8-1ddb22cc0c62,306885,188
2802718,2019-01-06T03:00:39.012Z,19010603,XBTUSD,Buy,25,3795,ZeroPlusTick,ff420931-28cb-7fa6-e67e-c0d5acc3ab09,306910,189
2802726,2019-01-06T03:00:39.012Z,19010603,XBTUSD,Buy,10,3795,ZeroPlusTick,6cde1d74-b40b-eff3-571d-86be67f8900e,306920,190
2802738,2019-01-06T03:00:39.012Z,19010603,XBTUSD,Buy,1564,3795,ZeroPlusTick,21d785a8-a75a-55fe-4639-ec7fc62244c7,308484,191
2802747,2019-01-06T03:00:39.012Z,19010603,XBTUSD,Buy,25,3795,ZeroPlusTick,612c24fe-fe74-b7f9-900f-6beb225dc04b,308509,192
2802760,2019-01-06T03:00:39.012Z,19010603,XBTUSD,Buy,35,3795.5,ZeroPlusTick,7aacda2a-8f68-205d-0ff6-4c4a671bb46d,308544,193
2802765,2019-01-06T03:00:39.012Z,19010603,XBTUSD,Buy,100,3795.5,ZeroPlusTick,b5de963c-9b18-eab6-9b4f-27c832492d6f,308644,194
2802775,2019-01-06T03:00:39.012Z,19010603,XBTUSD,Buy,26,3795.5,ZeroPlusTick,2bb98eb5-f9aa-4596-abb6-b7d86506d327,308670,195
2802785,2019-01-06T03:00:39.012Z,19010603,XBTUSD,Buy,378,3795.5,ZeroPlusTick,58b40e64-b292-d821-28b5-099acab4c850,309048,196
2802787,2019-01-06T03:00:39.012Z,19010603,XBTUSD,Buy,10,3795.5,ZeroPlusTick,1e0e81de-e39d-d715-d06c-b3625d0cbd37,309058,197
2802797,2019-01-06T03:00:39.012Z,19010603,XBTUSD,Buy,1367,3795.5,ZeroPlusTick,3b086492-f9ef-fcc0-1216-f03989134d30,310425,198
2802806,2019-01-06T03:00:39.012Z,19010603,XBTUSD,Buy,17,3796,ZeroPlusTick,c63219de-0a31-8396-121d-04e9180f8b27,310442,199
2802815,2019-01-06T03:00:39.012Z,19010603,XBTUSD,Buy,5520,3796,ZeroPlusTick,e3767f4d-5b39-f36a-17ef-62b9f0108665,315962,200
2802828,2019-01-06T03:00:39.012Z,19010603,XBTUSD,Buy,100,3796,ZeroPlusTick,80a75e64-ef7b-3474-b142-f2215a5fcf4d,316062,201
2802837,2019-01-06T03:00:39.012Z,19010603,XBTUSD,Buy,10000,3796,ZeroPlusTick,709c9646-16c5-fc65-d7c5-2dbc51d3fcb7,326062,202
2802847,2019-01-06T03:00:39.012Z,19010603,XBTUSD,Buy,50,3796,ZeroPlusTick,931f1818-182e-24a2-2c00-5bce6922c92e,326112,203
2802264,2019-01-06T03:00:10.375Z,19010603,XBTUSD,Buy,30,3793.5,ZeroPlusTick,e5b57a8a-e37a-edc8-e5aa-52075027fa91,326142,204
2802328,2019-01-06T03:00:20.740Z,19010603,XBTUSD,Buy,17,3793.5,ZeroPlusTick,9901fff5-dd58-bd87-8033-4987683083d9,326159,205
2802366,2019-01-06T03:00:25.006Z,19010603,XBTUSD,Buy,500,3793.5,ZeroPlusTick,9bf71ed6-26e1-fa14-e103-53b327fae048,326659,206
2802406,2019-01-06T03:00:26.160Z,19010603,XBTUSD,Buy,200,3793.5,ZeroPlusTick,27536cc3-0fe3-fb34-8625-30593d9c93b2,326859,207
2802423,2019-01-06T03:00:27.695Z,19010603,XBTUSD,Buy,189,3793.5,ZeroPlusTick,205b1373-0e51-6f21-6741-716773b03510,327048,208
2802437,2019-01-06T03:00:27.695Z,19010603,XBTUSD,Buy,189,3793.5,ZeroPlusTick,a7667aa4-eafe-e11c-51c1-11c553d54374,327237,209
2802445,2019-01-06T03:00:27.695Z,19010603,XBTUSD,Buy,637,3794,ZeroPlusTick,7c8994c4-4be7-9bfa-32ef-766826abc4c5,327874,210
2802454,2019-01-06T03:00:27.695Z,19010603,XBTUSD,Buy,11,3794,ZeroPlusTick,b631da93-7b92-47be-1776-864e6b594c00,327885,211
2802462,2019-01-06T03:00:27.695Z,19010603,XBTUSD,Buy,3000,3794,ZeroPlusTick,c3f2bf5d-a074-3552-ad74-9fbc18e496fb,330885,212
2802472,2019-01-06T03:00:27.695Z,19010603,XBTUSD,Buy,100,3794,ZeroPlusTick,833a14f6-8d3e-dc6b-222a-0c88ce87c4c9,330985,213
2802482,2019-01-06T03:00:27.695Z,19010603,XBTUSD,Buy,10,3794,ZeroPlusTick,5757fd78-931f-8c08-ed27-ac85bc505e98,330995,214
2802492,2019-01-06T03:00:27.695Z,19010603,XBTUSD,Buy,19424,3794,ZeroPlusTick,e017e709-0ef5-4680-ee6e-4c02ae0188f9,350419,215
2802561,2019-01-06T03:00:31.327Z,19010603,XBTUSD,Sell,10,3793.5,MinusTick,cb7a2bab-c0f1-7a8a-b92d-98cc362275b8,350429,216
2802587,2019-01-06T03:00:35.199Z,19010603,XBTUSD,Buy,120,3794,ZeroPlusTick,9994d31a-2569-0214-6022-f463e11a5d4a,350549,217
2802599,2019-01-06T03:00:37.605Z,19010603,XBTUSD,Buy,1,3794.5,PlusTick,338cadf8-6404-9e95-c2dd-15cad4590307,350550,218
2802600,2019-01-06T03:00:37.665Z,19010603,XBTUSD,Buy,50,3794.5,ZeroPlusTick,624bf550-cc6f-620a-74cc-dd8ff4ba8057,350600,219
2802608,2019-01-06T03:00:38.238Z,19010603,XBTUSD,Buy,154,3794.5,ZeroPlusTick,a591e75d-bfb5-11e7-b02d-f18aeb98310f,350754,220
2802612,2019-01-06T03:00:38.238Z,19010603,XBTUSD,Buy,100,3794.5,ZeroPlusTick,ca3c1f09-4c4d-3484-7200-797edb64343a,350854,221
2802622,2019-01-06T03:00:38.238Z,19010603,XBTUSD,Buy,26,3794.5,ZeroPlusTick,a66189f4-ad18-50d9-e21e-c1ab6779bf7c,350880,222
2802632,2019-01-06T03:00:38.238Z,19010603,XBTUSD,Buy,2110,3794.5,ZeroPlusTick,052df6fe-8979-7838-2d7d-0b39718d5eb5,352990,223
2802635,2019-01-06T03:00:38.238Z,19010603,XBTUSD,Buy,2000,3794.5,ZeroPlusTick,9349606a-a45e-2ee7-757f-dfed8eecdf82,354990,224
2802661,2019-01-06T03:00:39.012Z,19010603,XBTUSD,Buy,189,3794.5,ZeroPlusTick,82f35475-6dda-15b8-f152-cc924e0d835d,355179,225
2802668,2019-01-06T03:00:39.012Z,19010603,XBTUSD,Buy,30,3794.5,ZeroPlusTick,1d754734-51a2-bccf-7aff-9911b45ef0bc,355209,226
2802682,2019-01-06T03:00:39.012Z,19010603,XBTUSD,Buy,40,3795,ZeroPlusTick,c5a370c0-b446-3074-3b7d-3e14db57f96e,355249,227
2802693,2019-01-06T03:00:39.012Z,19010603,XBTUSD,Buy,5000,3795,ZeroPlusTick,8996b0c7-d8b4-7a5e-d8bc-afd02b45123d,360249,228
2802704,2019-01-06T03:00:39.012Z,19010603,XBTUSD,Buy,8,3795,ZeroPlusTick,2c428324-57c3-13b5-5ce7-630966aac0ef,360257,229
2802713,2019-01-06T03:00:39.012Z,19010603,XBTUSD,Buy,4000,3795,ZeroPlusTick,9da5ea52-b0ca-dcb7-7ca4-01586b862010,364257,230
2802722,2019-01-06T03:00:39.012Z,19010603,XBTUSD,Buy,10,3795,ZeroPlusTick,f5e3ba29-ad4e-43df-ac22-045a5cf395a9,364267,231
2802733,2019-01-06T03:00:39.012Z,19010603,XBTUSD,Buy,10,3795,ZeroPlusTick,972fb216-6039-7c97-123b-a9ee6271c448,364277,232
2802742,2019-01-06T03:00:39.012Z,19010603,XBTUSD,Buy,152,3795,ZeroPlusTick,07e62c6c-1912-107a-febc-954d5888f8e6,364429,233
2802752,2019-01-06T03:00:39.012Z,19010603,XBTUSD,Buy,104,3795,ZeroPlusTick,632e57e2-aca0-f942-7d4a-cf0731a1afc9,364533,234
2802764,2019-01-06T03:00:39.012Z,19010603,XBTUSD,Buy,11,3795.5,ZeroPlusTick,ee1e386b-7ffb-1a0a-2e5a-2601730749de,364544,235
2802774,2019-01-06T03:00:39.012Z,19010603,XBTUSD,Buy,500,3795.5,ZeroPlusTick,2584bf44-de7d-0be0-ab2d-4a3b022abc6f,365044,236
2802778,2019-01-06T03:00:39.012Z,19010603,XBTUSD,Buy,25,3795.5,ZeroPlusTick,c74f89df-f86a-2df3-6953-8d8b31e40216,365069,237
2802789,2019-01-06T03:00:39.012Z,19010603,XBTUSD,Buy,480,3795.5,ZeroPlusTick,86a2de64-cba7-d05e-131e-361c06c6a227,365549,238
2802332,2019-01-06T03:00:20.740Z,19010603,XBTUSD,Buy,29,3793.5,ZeroPlusTick,eec91b51-e572-a1c8-06bd-c9076ed59eb2,365578,239
2802427,2019-01-06T03:00:27.695Z,19010603,XBTUSD,Buy,189,3793.5,ZeroPlusTick,e4487686-4f30-aa0e-b5c6-94efd4a3f98b,365767,240
2802432,2019-01-06T03:00:27.695Z,19010603,XBTUSD,Buy,500,3793.5,ZeroPlusTick,b4c6e23a-3262-70a7-3392-27cee8bc72dc,366267,241
2802444,2019-01-06T03:00:27.695Z,19010603,XBTUSD,Buy,2,3794,ZeroPlusTick,394c756a-bea1-b983-4f94-ee521c1fec2d,366269,242
2802451,2019-01-06T03:00:27.695Z,19010603,XBTUSD,Buy,16,3794,ZeroPlusTick,7882756f-969e-dae8-b5b6-49601ec24b11,366285,243
2802461,2019-01-06T03:00:27.695Z,19010603,XBTUSD,Buy,25,3794,ZeroPlusTick,235000ff-ddda-5af6-12e9-c23abcfd8ac4,366310,244
2802471,2019-01-06T03:00:27.695Z,19010603,XBTUSD,Buy,1,3794,ZeroPlusTick,5d0e3f86-9024-8ff5-f2d0-6173aa814e6d,366311,245
2802480,2019-01-06T03:00:27.695Z,19010603,XBTUSD,Buy,30,3794,ZeroPlusTick,6474e8a2-cce6-4a5b-b707-3f6d94b25672,366341,246
2802489,2019-01-06T03:00:27.695Z,19010603,XBTUSD,Buy,80,3794,ZeroPlusTick,a06c143f-dfca-3136-857d-aeed48cfef7a,366421,247
2802559,2019-01-06T03:00:31.213Z,19010603,XBTUSD,Buy,6000,3794,ZeroPlusTick,269d2d49-f1b3-e36e-794c-62543c2dbffa,372421,248
2802582,2019-01-06T03:00:35.199Z,19010603,XBTUSD,Buy,480,3794,ZeroPlusTick,2a18cc9a-5c1b-0166-63bb-bbbd73a83d3b,372901,249
2802591,2019-01-06T03:00:35.199Z,19010603,XBTUSD,Buy,27,3794,ZeroPlusTick,6f81f09b-69d4-6e51-5c3a-159e179f8cd4,372928,250
2802611,2019-01-06T03:00:38.238Z,19010603,XBTUSD,Buy,11,3794.5,ZeroPlusTick,4a82af83-f92c-5190-9947-810b2a425299,372939,251
2802621,2019-01-06T03:00:38.238Z,19010603,XBTUSD,Buy,2,3794.5,ZeroPlusTick,9c8a9118-8b2f-a8ab-8203-c3f5afb1cfdd,372941,252
2802623,2019-01-06T03:00:38.238Z,19010603,XBTUSD,Buy,2,3794.5,ZeroPlusTick,ab223afb-c8b8-28f1-0578-1ff75012c053,372943,253
2802633,2019-01-06T03:00:38.238Z,19010603,XBTUSD,Buy,18,3794.5,ZeroPlusTick,b13bbb63-2934-027e-3593-1407e38c496e,372961,254
2802643,2019-01-06T03:00:38.238Z,19010603,XBTUSD,Buy,5,3794.5,ZeroPlusTick,52a15970-7d17-767e-5fb1-c67d236e8c3d,372966,255
2802660,2019-01-06T03:00:39.012Z,19010603,XBTUSD,Buy,15867,3794.5,ZeroPlusTick,c6feb30a-1dd7-b430-096d-dd3fe5c31e9d,388833,256
2802671,2019-01-06T03:00:39.012Z,19010603,XBTUSD,Buy,45791,3794.5,ZeroPlusTick,cb74e56d-170a-b733-4491-0d6405008176,434624,257
2802678,2019-01-06T03:00:39.012Z,19010603,XBTUSD,Buy,11,3795,ZeroPlusTick,6e3ab1f3-1c77-6ab2-ccf0-f15676287e9d,434635,258
2802688,2019-01-06T03:00:39.012Z,19010603,XBTUSD,Buy,16,3795,ZeroPlusTick,8acbc828-086a-da90-678a-6b204f8799cd,434651,259
2802699,2019-01-06T03:00:39.012Z,19010603,XBTUSD,Buy,11,3795,ZeroPlusTick,efd85215-2c34-b938-5591-e85fe4b627f6,434662,260
2802705,2019-01-06T03:00:39.012Z,19010603,XBTUSD,Buy,7,3795,ZeroPlusTick,6b630b5b-3d82-c10e-5e7c-85d025b5df5e,434669,261
2802720,2019-01-06T03:00:39.012Z,19010603,XBTUSD,Buy,15,3795,ZeroPlusTick,ab0c43ac-2ff0-f85b-2aec-e499178b6592,434684,262
2802728,2019-01-06T03:00:39.012Z,19010603,XBTUSD,Buy,2110,3795,ZeroPlusTick,c744cb4a-672a-d52e-147d-8e2fe599a97b,436794,263
2802736,2019-01-06T03:00:39.012Z,19010603,XBTUSD,Buy,30,3795,ZeroPlusTick,fe21448a-bc2f-8149-165c-e803fcd79f43,436824,264
2802749,2019-01-06T03:00:39.012Z,19010603,XBTUSD,Buy,1000,3795,ZeroPlusTick,db8441e8-709c-5105-7da7-3d4107b00515,437824,265
2802757,2019-01-06T03:00:39.012Z,19010603,XBTUSD,Buy,1522,3795.5,ZeroPlusTick,f73c5b49-92a9-ab6d-5efa-8454f21f0128,439346,266
2802768,2019-01-06T03:00:39.012Z,19010603,XBTUSD,Buy,100,3795.5,ZeroPlusTick,6dbc7a3f-c6ec-e9d9-a055-5f9408c3e3c5,439446,267
2802782,2019-01-06T03:00:39.012Z,19010603,XBTUSD,Buy,10,3795.5,ZeroPlusTick,55388057-be1c-1eef-d9fe-a924b40134a0,439456,268
2802790,2019-01-06T03:00:39.012Z,19010603,XBTUSD,Buy,162,3795.5,ZeroPlusTick,228e5c71-03ed-1755-f909-6116e974c9ed,439618,269
2802804,2019-01-06T03:00:39.012Z,19010603,XBTUSD,Buy,1000,3796,ZeroPlusTick,5d65494c-7657-eb9b-b7b4-6b4e359bd7b1,440618,270
2802810,2019-01-06T03:00:39.012Z,19010603,XBTUSD,Buy,100,3796,ZeroPlusTick,b2338169-2ef5-f92e-9240-a58ff75c2cd5,440718,271
2802821,2019-01-06T03:00:39.012Z,19010603,XBTUSD,Buy,122,3796,ZeroPlusTick,5d053779-754a-5115-0944-9a9243cd30cd,440840,272
2802834,2019-01-06T03:00:39.012Z,19010603,XBTUSD,Buy,10,3796,ZeroPlusTick,42eca7a5-03f0-0b67-d313-f5d0dc259dbe,440850,273
2802839,2019-01-06T03:00:39.012Z,19010603,XBTUSD,Buy,10,3796,ZeroPlusTick,e0425072-da44-b03c-7e32-ac24494ec8ec,440860,274
2802849,2019-01-06T03:00:39.012Z,19010603,XBTUSD,Buy,4000,3796,ZeroPlusTick,c5013ba1-ac98-27b3-3cbe-f2c5ae0451b5,444860,275
2802859,2019-01-06T03:00:39.068Z,19010603,XBTUSD,Buy,25,3796.5,ZeroPlusTick,cd0bbfb7-22c5-8e05-dde9-e58e34b90f6f,444885,276
2802869,2019-01-06T03:00:39.112Z,19010603,XBTUSD,Buy,122,3796.5,ZeroPlusTick,855686d7-ec90-5007-83e9-6479bdf2240e,445007,277
2802876,2019-01-06T03:00:39.112Z,19010603,XBTUSD,Buy,966,3796.5,ZeroPlusTick,20d08e65-08fe-bf0a-a9cb-a111952019d1,445973,278
2802887,2019-01-06T03:00:39.112Z,19010603,XBTUSD,Buy,500,3796.5,ZeroPlusTick,029f92ab-4750-05f9-dcab-d553ccf2d6be,446473,279
2802426,2019-01-06T03:00:27.695Z,19010603,XBTUSD,Buy,480,3793.5,ZeroPlusTick,2a9abb93-0dbd-b8cc-67cc-cdca1c3e90f1,446953,280
2802435,2019-01-06T03:00:27.695Z,19010603,XBTUSD,Buy,5,3793.5,ZeroPlusTick,90d3adc9-cba7-5090-8b2b-94a286cb1c40,446958,281
2802443,2019-01-06T03:00:27.695Z,19010603,XBTUSD,Buy,30,3794,ZeroPlusTick,87e62a1d-edfa-86d1-6077-6960ebd24211,446988,282
2802459,2019-01-06T03:00:27.695Z,19010603,XBTUSD,Buy,500,3794,ZeroPlusTick,e3c6a086-0b6b-155f-10ac-8e1b6642e162,447488,283
2802467,2019-01-06T03:00:27.695Z,19010603,XBTUSD,Buy,44,3794,ZeroPlusTick,246a03a9-e73c-e646-574f-add3eaa5f349,447532,284
2802478,2019-01-06T03:00:27.695Z,19010603,XBTUSD,Buy,30,3794,ZeroPlusTick,91198b53-70dd-acf2-05da-ac7761bc705e,447562,285
2802490,2019-01-06T03:00:27.695Z,19010603,XBTUSD,Buy,50,3794,ZeroPlusTick,f9981a62-be1c-0322-6419-92da254f11d9,447612,286
2802501,2019-01-06T03:00:28.131Z,19010603,XBTUSD,Buy,1000,3794,ZeroPlusTick,79b30824-5958-e372-1b23-6ee3b472ec68,448612,287
2802503,2019-01-06T03:00:28.169Z,19010603,XBTUSD,Buy,30,3794,ZeroPlusTick,2ff49640-5c2a-0723-d1a7-4e72f2a2c0d5,448642,288
2802573,2019-01-06T03:00:32.959Z,19010603,XBTUSD,Buy,2994,3794,ZeroPlusTick,8b34df39-7a81-d855-8ee0-3dd6ef23715f,451636,289
2802586,2019-01-06T03:00:35.199Z,19010603,XBTUSD,Buy,189,3794,ZeroPlusTick,3a03a952-b71f-1e69-13f4-ef2ba58053b0,451825,290
2802615,2019-01-06T03:00:38.238Z,19010603,XBTUSD,Buy,40,3794.5,ZeroPlusTick,38726dd5-f531-a00a-efb9-05d468820bcc,451865,291
2802624,2019-01-06T03:00:38.238Z,19010603,XBTUSD,Buy,2,3794.5,ZeroPlusTick,f7b927e5-37ac-3d1c-430e-49663df6df13,451867,292
2802639,2019-01-06T03:00:38.238Z,19010603,XBTUSD,Buy,480,3794.5,ZeroPlusTick,a16085d2-f27c-b53d-2a52-fe95714bfd87,452347,293
2802651,2019-01-06T03:00:38.290Z,19010603,XBTUSD,Buy,472,3794.5,ZeroPlusTick,49aa1747-213e-b739-159f-29c4a0855fa5,452819,294
2802652,2019-01-06T03:00:39.012Z,19010603,XBTUSD,Buy,40365,3794.5,ZeroPlusTick,12835f7a-ff00-a70b-b02d-87fc4667f189,493184,295
2802662,2019-01-06T03:00:39.012Z,19010603,XBTUSD,Buy,3,3794.5,ZeroPlusTick,28938a5d-27f0-5a32-9ade-ae7b15eec5b6,493187,296
2802672,2019-01-06T03:00:39.012Z,19010603,XBTUSD,Buy,480,3794.5,ZeroPlusTick,76875963-e198-5a12-8471-f55e3dbbd7cc,493667,297
2802675,2019-01-06T03:00:39.012Z,19010603,XBTUSD,Buy,10,3795,PlusTick,9bbfdec6-0746-bb99-d000-e1ad3c340138,493677,298
2802686,2019-01-06T03:00:39.012Z,19010603,XBTUSD,Buy,92,3795,ZeroPlusTick,a0eaed7e-7b49-72d5-e1d8-5bf37e60ba78,493769,299
2802701,2019-01-06T03:00:39.012Z,19010603,XBTUSD,Buy,400,3795,ZeroPlusTick,31a76422-bfc4-90e1-9be3-769779b8a3fe,494169,300
2802706,2019-01-06T03:00:39.012Z,19010603,XBTUSD,Buy,100,3795,ZeroPlusTick,b8db17cf-402b-f315-5940-7d25b17da7bc,494269,301
2802721,2019-01-06T03:00:39.012Z,19010603,XBTUSD,Buy,2000,3795,ZeroPlusTick,0d023c32-4458-31ad-d02d-6fb53e49393c,496269,302
2802725,2019-01-06T03:00:39.012Z,19010603,XBTUSD,Buy,300,3795,ZeroPlusTick,2b58268d-fe6c-fab8-979b-29ce1f072907,496569,303
2802741,2019-01-06T03:00:39.012Z,19010603,XBTUSD,Buy,152,3795,ZeroPlusTick,f77eb010-df56-a3e8-8f42-44248cfe1fa3,496721,304
2802748,2019-01-06T03:00:39.012Z,19010603,XBTUSD,Buy,1,3795,ZeroPlusTick,e66a8d96-7465-903a-9c89-fd599dc4ce59,496722,305
2802758,2019-01-06T03:00:39.012Z,19010603,XBTUSD,Buy,7,3795.5,ZeroPlusTick,646c1628-0640-97e7-a5c3-8b032553a726,496729,306
2802770,2019-01-06T03:00:39.012Z,19010603,XBTUSD,Buy,11,3795.5,ZeroPlusTick,ce7ec978-411f-74fb-24ad-b6a6d5fb7e4e,496740,307
2802776,2019-01-06T03:00:39.012Z,19010603,XBTUSD,Buy,25,3795.5,ZeroPlusTick,bccfcb7f-8154-bab0-5ee7-60649518118f,496765,308
2802786,2019-01-06T03:00:39.012Z,19010603,XBTUSD,Buy,378,3795.5,ZeroPlusTick,e1ececf8-f7bd-5d06-3f28-9078dd01a776,497143,309
2802796,2019-01-06T03:00:39.012Z,19010603,XBTUSD,Buy,21514,3795.5,ZeroPlusTick,e4098b01-36ad-8ef7-97e7-1c6ac2d821d1,518657,310
2802798,2019-01-06T03:00:39.012Z,19010603,XBTUSD,Buy,15,3795.5,ZeroPlusTick,e0964440-5d6b-23b7-8024-9bf17d85e1af,518672,311
2802814,2019-01-06T03:00:39.012Z,19010603,XBTUSD,Buy,1221,3796,ZeroPlusTick,63ffdaea-f3f4-8918-1444-aca487016358,519893,312
2802822,2019-01-06T03:00:39.012Z,19010603,XBTUSD,Buy,500,3796,ZeroPlusTick,9f89627b-10b4-f12e-ccca-73163459a6ff,520393,313
2802832,2019-01-06T03:00:39.012Z,19010603,XBTUSD,Buy,20,3796,ZeroPlusTick,778f0fd6-a093-24a8-6709-84afbc42fd9b,520413,314
2802844,2019-01-06T03:00:39.012Z,19010603,XBTUSD,Buy,175,3796,ZeroPlusTick,c8b4c078-7a32-f296-c753-5f4d0da61d81,520588,315
2802850,2019-01-06T03:00:39.012Z,19010603,XBTUSD,Buy,2000,3796,ZeroPlusTick,a03ee25d-4953-fa07-030e-801ad04900e3,522588,316
2802860,2019-01-06T03:00:39.068Z,19010603,XBTUSD,Buy,3856,3796.5,ZeroPlusTick,2d511e6f-b8ec-d8b4-cb5f-46eb74b2b945,526444,317
2802870,2019-01-06T03:00:39.112Z,19010603,XBTUSD,Buy,14,3796.5,ZeroPlusTick,32c93e51-4bce-683a-b230-7ca2491cce85,526458,318
2802872,2019-01-06T03:00:39.112Z,19010603,XBTUSD,Buy,11,3796.5,ZeroPlusTick,7dd1162d-ddda-d104-990c-28a3ed011f6e,526469,319
2802882,2019-01-06T03:00:39.112Z,19010603,XBTUSD,Buy,25,3796.5,ZeroPlusTick,b63da0f6-123b-f36f-9372-ca252910015f,526494,320
2802900,2019-01-06T03:00:39.161Z,19010603,XBTUSD,Buy,50,3796.5,ZeroPlusTick,5f06b17d-0b20-2b4e-3007-8a86cd67b2fa,526544,321
2802909,2019-01-06T03:00:39.161Z,19010603,XBTUSD,Buy,1000,3796.5,ZeroPlusTick,0fb1f24a-ac97-5f5e-619e-3e4ff82daa95,527544,322
2802917,2019-01-06T03:00:39.161Z,19010603,XBTUSD,Buy,11,3797,ZeroPlusTick,c86b8838-f383-ecee-8acb-afde5d7b8d4c,527555,323
2802440,2019-01-06T03:00:27.695Z,19010603,XBTUSD,Buy,29,3793.5,ZeroPlusTick,c39c7b25-8a5f-5ee5-2ec2-b2089d5c6532,527584,324
2802450,2019-01-06T03:00:27.695Z,19010603,XBTUSD,Buy,10000,3794,ZeroPlusTick,969dd0d7-3685-04ed-2890-61f016217cad,537584,325
2802460,2019-01-06T03:00:27.695Z,19010603,XBTUSD,Buy,1000,3794,ZeroPlusTick,22d3d42d-dc58-bb43-bd26-8d1178e10aa9,538584,326
2802463,2019-01-06T03:00:27.695Z,19010603,XBTUSD,Buy,500,3794,ZeroPlusTick,8bf7ecfa-159c-b738-8dc8-9bc0ee64914f,539084,327
2802479,2019-01-06T03:00:27.695Z,19010603,XBTUSD,Buy,30,3794,ZeroPlusTick,31a072ff-0da9-071b-0f8e-f8951eadf711,539114,328
2802486,2019-01-06T03:00:27.695Z,19010603,XBTUSD,Buy,235,3794,ZeroPlusTick,1c4dfc47-43d6-8499-1d5c-bf5fe9f1f00b,539349,329
2802502,2019-01-06T03:00:28.131Z,19010603,XBTUSD,Buy,29756,3794,ZeroPlusTick,e4191749-c18e-9f25-6c69-7207f5a0fb42,569105,330
2802584,2019-01-06T03:00:35.199Z,19010603,XBTUSD,Buy,3,3794,ZeroPlusTick,bf3b5d20-2726-11fe-99a6-3ad74af01b76,569108,331
2802590,2019-01-06T03:00:35.199Z,19010603,XBTUSD,Buy,20,3794,ZeroPlusTick,23ba05f7-3fee-309f-cfe0-08d61f1c14a3,569128,332
2802618,2019-01-06T03:00:38.238Z,19010603,XBTUSD,Buy,11,3794.5,ZeroPlusTick,c023bc08-2fde-9e89-8152-bb56564b5410,569139,333
2802627,2019-01-06T03:00:38.238Z,19010603,XBTUSD,Buy,4000,3794.5,ZeroPlusTick,b6b26759-fcd9-6312-d537-0a6d6fec7963,573139,334
2802637,2019-01-06T03:00:38.238Z,19010603,XBTUSD,Buy,10000,3794.5,ZeroPlusTick,29ea53c0-5572-4315-e038-f9d467251f76,583139,335
2802646,2019-01-06T03:00:38.238Z,19010603,XBTUSD,Buy,80,3794.5,ZeroPlusTick,692a3e9e-850e-fc11-36f3-a079dcc8c5ec,583219,336
2802656,2019-01-06T03:00:39.012Z,19010603,XBTUSD,Buy,2065,3794.5,ZeroPlusTick,18727ead-d068-5632-56c0-2467a9bb29aa,585284,337
2802665,2019-01-06T03:00:39.012Z,19010603,XBTUSD,Buy,16,3794.5,ZeroPlusTick,8b82c9fe-0fda-bacc-8a62-032804c3b88c,585300,338
2802676,2019-01-06T03:00:39.012Z,19010603,XBTUSD,Buy,300,3795,ZeroPlusTick,f9ba7fea-2892-aebd-dacf-a53044b8ad2e,585600,339
2802687,2019-01-06T03:00:39.012Z,19010603,XBTUSD,Buy,480,3795,ZeroPlusTick,f1d691ad-d02b-9304-09cc-34f2d844e899,586080,340
2802697,2019-01-06T03:00:39.012Z,19010603,XBTUSD,Buy,666,3795,ZeroPlusTick,b8f1c29b-30ee-ca27-63d1-b7495bc28142,586746,341
2802710,2019-01-06T03:00:39.012Z,19010603,XBTUSD,Buy,30000,3795,ZeroPlusTick,359efc68-2eff-060c-d37d-af89064a8fef,616746,342
2802716,2019-01-06T03:00:39.012Z,19010603,XBTUSD,Buy,64,3795,ZeroPlusTick,784c085c-17c2-3962-3006-4b8d4f442b5b,616810,343
2802730,2019-01-06T03:00:39.012Z,19010603,XBTUSD,Buy,5000,3795,ZeroPlusTick,41b89b9a-127f-46ab-3bd4-ecf656976967,621810,344
2802735,2019-01-06T03:00:39.012Z,19010603,XBTUSD,Buy,300,3795,ZeroPlusTick,d86a155e-7689-adda-3856-073641673a94,622110,345
2802750,2019-01-06T03:00:39.012Z,19010603,XBTUSD,Buy,17,3795,ZeroPlusTick,301ada93-597f-4550-0129-b40f4a391cde,622127,346
2802759,2019-01-06T03:00:39.012Z,19010603,XBTUSD,Buy,388,3795.5,ZeroPlusTick,4c4f7fcc-96a6-e465-a728-df7df18bf149,622515,347
2802766,2019-01-06T03:00:39.012Z,19010603,XBTUSD,Buy,122,3795.5,ZeroPlusTick,7da15d5a-2ab9-dc9e-7a85-351bfb445a52,622637,348
2802781,2019-01-06T03:00:39.012Z,19010603,XBTUSD,Buy,2110,3795.5,ZeroPlusTick,38cf5ba3-d124-4cb8-3ae0-52b33cf89814,624747,349
2802795,2019-01-06T03:00:39.012Z,19010603,XBTUSD,Buy,11,3795.5,ZeroPlusTick,5bd28bc8-59e4-fec3-96eb-4eb497e18d42,624758,350
2802800,2019-01-06T03:00:39.012Z,19010603,XBTUSD,Buy,134,3795.5,ZeroPlusTick,cb5fe349-ac8b-b3ff-0fc8-18ba0cc51564,624892,351
2802809,2019-01-06T03:00:39.012Z,19010603,XBTUSD,Buy,348,3796,ZeroPlusTick,de92f476-47a1-8f8b-86f8-c1f02b7ae29d,625240,352
2802820,2019-01-06T03:00:39.012Z,19010603,XBTUSD,Buy,26,3796,ZeroPlusTick,f774e8a7-5d31-e1cc-30fb-00f78eac92c2,625266,353
2802831,2019-01-06T03:00:39.012Z,19010603,XBTUSD,Buy,20,3796,ZeroPlusTick,9e9f7ccb-de47-1694-3755-cf8fedbe70bf,625286,354
2802840,2019-01-06T03:00:39.012Z,19010603,XBTUSD,Buy,1228,3796,ZeroPlusTick,ae7ab7b2-e0ff-a0c2-b157-70389713ba93,626514,355
2802854,2019-01-06T03:00:39.012Z,19010603,XBTUSD,Buy,4761,3796,ZeroPlusTick,9342528e-2e06-8cc7-a994-b4e882ac6422,631275,356
2802862,2019-01-06T03:00:39.068Z,19010603,XBTUSD,Buy,1,3796.5,ZeroPlusTick,e4a2bba9-6e57-7019-1d93-afce13ff2044,631276,357
2802875,2019-01-06T03:00:39.112Z,19010603,XBTUSD,Buy,1000,3796.5,ZeroPlusTick,045a685f-444a-041c-f9e5-76f33508334b,632276,358
2802883,2019-01-06T03:00:39.112Z,19010603,XBTUSD,Buy,200,3796.5,ZeroPlusTick,4862ba9c-f06a-e11d-fe25-b229bf70dd4a,632476,359
2802899,2019-01-06T03:00:39.161Z,19010603,XBTUSD,Buy,116,3796.5,ZeroPlusTick,eb14a3cb-3efd-d269-1e1d-01faee921a56,632592,360
2802910,2019-01-06T03:00:39.161Z,19010603,XBTUSD,Buy,1000,3796.5,ZeroPlusTick,00596d2f-a0dc-2218-71ca-b320e8650827,633592,361
2802913,2019-01-06T03:00:39.161Z,19010603,XBTUSD,Buy,4585,3797,ZeroPlusTick,7311d157-9b24-ec97-3bd7-55417d6e90f1,638177,362
2802925,2019-01-06T03:00:39.247Z,19010603,XBTUSD,Buy,50,3797,ZeroPlusTick,6a976ab1-c468-e572-d67e-0154a6433945,638227,363
2802933,2019-01-06T03:00:39.247Z,19010603,XBTUSD,Buy,1900,3797,ZeroPlusTick,ff28f9f3-9c8c-7d93-02a4-e5573ef32030,640127,364
2802946,2019-01-06T03:00:39.344Z,19010603,XBTUSD,Buy,25,3797,ZeroPlusTick,40abc26e-3846-1eae-8970-c88819b440fc,640152,365
2802975,2019-01-06T03:00:40.397Z,19010603,XBTUSD,Buy,20,3797,ZeroPlusTick,53e50478-7566-a408-8c41-f80ee4df98a8,640172,366
2802982,2019-01-06T03:00:40.397Z,19010603,XBTUSD,Buy,200,3797,ZeroPlusTick,dd1d2839-12f7-7a45-d329-483fcc07b99b,640372,367
2802581,2019-01-06T03:00:35.199Z,19010603,XBTUSD,Buy,189,3794,ZeroPlusTick,64713cfb-87e9-f355-5403-647e64428047,640561,368
2802592,2019-01-06T03:00:35.199Z,19010603,XBTUSD,Buy,37,3794,ZeroPlusTick,37119846-e296-3eec-5af7-40ed901183d4,640598,369
2802609,2019-01-06T03:00:38.238Z,19010603,XBTUSD,Buy,652,3794.5,ZeroPlusTick,fc177a19-c090-9c1b-96c2-5b21a1fae6ed,641250,370
2802617,2019-01-06T03:00:38.238Z,19010603,XBTUSD,Buy,50,3794.5,ZeroPlusTick,9cf96bfb-f8e2-449a-0e02-b713b7b6155d,641300,371
2802625,2019-01-06T03:00:38.238Z,19010603,XBTUSD,Buy,200,3794.5,ZeroPlusTick,faa42ad0-c12d-6f0c-a03f-f4fe91ae17d9,641500,372
2802641,2019-01-06T03:00:38.238Z,19010603,XBTUSD,Buy,121,3794.5,ZeroPlusTick,4243d066-4a2b-b833-99d5-77f0b3a1fbad,641621,373
2802648,2019-01-06T03:00:38.238Z,19010603,XBTUSD,Buy,47183,3794.5,ZeroPlusTick,2c77487b-7067-ad3b-bb13-800fd9682a7d,688804,374
2802653,2019-01-06T03:00:39.012Z,19010603,XBTUSD,Buy,2065,3794.5,ZeroPlusTick,6c764cb2-1da6-fc2e-96f7-f0697f90f18d,690869,375
2802664,2019-01-06T03:00:39.012Z,19010603,XBTUSD,Buy,189,3794.5,ZeroPlusTick,157e3bb5-c326-9386-9191-8648f52de06a,691058,376
2802677,2019-01-06T03:00:39.012Z,19010603,XBTUSD,Buy,10,3795,ZeroPlusTick,56666690-7cb1-2ab4-db7a-aed62f77ff52,691068,377
2802689,2019-01-06T03:00:39.012Z,19010603,XBTUSD,Buy,150,3795,ZeroPlusTick,b3080a76-1acf-147e-83d6-ca38d113f931,691218,378
2802696,2019-01-06T03:00:39.012Z,19010603,XBTUSD,Buy,200,3795,ZeroPlusTick,4799d74d-0c7a-18e5-d995-c0a2554bfb41,691418,379
2802711,2019-01-06T03:00:39.012Z,19010603,XBTUSD,Buy,2000,3795,ZeroPlusTick,6fe851ff-0411-5bcf-17a9-59ccdc257955,693418,380
2802717,2019-01-06T03:00:39.012Z,19010603,XBTUSD,Buy,64,3795,ZeroPlusTick,63f457e4-b283-1ccb-bf16-4a8fdc79edd7,693482,381
2802729,2019-01-06T03:00:39.012Z,19010603,XBTUSD,Buy,2000,3795,ZeroPlusTick,ead724e3-649f-85af-8d62-ae4dd785611f,695482,382
2802740,2019-01-06T03:00:39.012Z,19010603,XBTUSD,Buy,2000,3795,ZeroPlusTick,708048cd-83e3-91b4-360e-45135d73291d,697482,383
2802745,2019-01-06T03:00:39.012Z,19010603,XBTUSD,Buy,3,3795,ZeroPlusTick,c19d7d6e-f92a-d016-24af-a4990d9f2251,697485,384
2802756,2019-01-06T03:00:39.012Z,19010603,XBTUSD,Buy,200,3795.5,ZeroPlusTick,ce8d2b75-23ea-1852-e2e3-f06dee42bf45,697685,385
2802769,2019-01-06T03:00:39.012Z,19010603,XBTUSD,Buy,100,3795.5,ZeroPlusTick,043acd2d-d16e-b688-3fd7-7c8c1f9cfaab,697785,386
2802780,2019-01-06T03:00:39.012Z,19010603,XBTUSD,Buy,50,3795.5,ZeroPlusTick,819165f4-95cd-d688-8624-a30957460cf1,697835,387
2802794,2019-01-06T03:00:39.012Z,19010603,XBTUSD,Buy,10000,3795.5,ZeroPlusTick,32c644ab-a8d2-51c4-effa-d5758bfe1b93,707835,388
2802805,2019-01-06T03:00:39.012Z,19010603,XBTUSD,Buy,10,3796,ZeroPlusTick,32306b0d-41e6-3515-8cc7-4f8afde25d36,707845,389
2802812,2019-01-06T03:00:39.012Z,19010603,XBTUSD,Buy,16,3796,ZeroPlusTick,e6f7544b-486e-f95a-966a-9f8a2a71887e,707861,390
2802824,2019-01-06T03:00:39.012Z,19010603,XBTUSD,Buy,26,3796,ZeroPlusTick,8cf12009-8605-8504-38a0-b3af0463f7c2,707887,391
2802830,2019-01-06T03:00:39.012Z,19010603,XBTUSD,Buy,100,3796,ZeroPlusTick,f40f148a-a0bb-3c64-6166-802ad8b70ba7,707987,392
2802841,2019-01-06T03:00:39.012Z,19010603,XBTUSD,Buy,1500,3796,ZeroPlusTick,46812057-418f-750f-d1ad-2358a89e13df,709487,393
2802857,2019-01-06T03:00:39.012Z,19010603,XBTUSD,Buy,3796,3796,ZeroPlusTick,513cea46-7433-1737-d1dc-70b07135037d,713283,394
2802861,2019-01-06T03:00:39.068Z,19010603,XBTUSD,Buy,144,3796.5,ZeroPlusTick,8f96992d-b357-16eb-4a83-bee5365b8a9f,713427,395
2802871,2019-01-06T03:00:39.112Z,19010603,XBTUSD,Buy,50,3796.5,ZeroPlusTick,30da261d-c456-11a0-2df1-6a47e4c3c544,713477,396
2802881,2019-01-06T03:00:39.112Z,19010603,XBTUSD,Buy,10,3796.5,ZeroPlusTick,d89d01d1-74a0-24b2-9a07-aac632a83780,713487,397
2802884,2019-01-06T03:00:39.112Z,19010603,XBTUSD,Buy,300,3796.5,ZeroPlusTick,1f802a1c-a7a2-7557-60a1-e0beacda357b,713787,398
2802894,2019-01-06T03:00:39.161Z,19010603,XBTUSD,Buy,480,3796.5,ZeroPlusTick,43b8da80-13ec-5eea-8b2a-3d49478e3ade,714267,399
2802905,2019-01-06T03:00:39.161Z,19010603,XBTUSD,Buy,37,3796.5,ZeroPlusTick,36f32fb6-39e4-855d-9c2a-52926f376358,714304,400
2802914,2019-01-06T03:00:39.161Z,19010603,XBTUSD,Buy,200,3797,ZeroPlusTick,2df0ea38-687a-3e80-77f2-8999ce708851,714504,401
2802924,2019-01-06T03:00:39.247Z,19010603,XBTUSD,Buy,122,3797,ZeroPlusTick,d98c391d-a27b-581a-4f15-945ea5649019,714626,402
2802936,2019-01-06T03:00:39.247Z,19010603,XBTUSD,Buy,2341,3797,ZeroPlusTick,dfe12f47-05ab-84e7-990d-4b5dc9445cf6,716967,403
2802945,2019-01-06T03:00:39.344Z,19010603,XBTUSD,Buy,25,3797,ZeroPlusTick,d6dcf99c-2da7-32ff-b7c8-0e241af1b339,716992,404
2802953,2019-01-06T03:00:39.344Z,19010603,XBTUSD,Sell,1500,3796.5,MinusTick,37109a5d-1935-1316-4472-98f2d55bcb0c,718492,405
2802976,2019-01-06T03:00:40.397Z,19010603,XBTUSD,Buy,50,3797,ZeroPlusTick,4061c9ae-7e21-8b1f-1606-9c8213f4c763,718542,406
2802988,2019-01-06T03:00:40.397Z,19010603,XBTUSD,Buy,1228,3797,ZeroPlusTick,6ebd57f9-f67d-9b6f-e7d4-3a83c8d4bfb1,719770,407
2802993,2019-01-06T03:00:40.397Z,19010603,XBTUSD,Buy,724,3797,ZeroPlusTick,1182bf2d-a671-3a6b-990b-98b40795d4ce,720494,408
2803008,2019-01-06T03:00:40.397Z,19010603,XBTUSD,Buy,171,3797,ZeroPlusTick,5aba48ca-f4f9-c0b4-6e07-db9407abc9a3,720665,409
2803019,2019-01-06T03:00:40.397Z,19010603,XBTUSD,Buy,43905,3797,ZeroPlusTick,0f2d5d6f-2c56-ce21-2002-50fcab81e18f,764570,410
2803025,2019-01-06T03:00:40.397Z,19010603,XBTUSD,Buy,620,3797,ZeroPlusTick,e0f1a795-c7de-6f78-9e4a-f22990c23298,765190,411
2803037,2019-01-06T03:00:40.397Z,19010603,XBTUSD,Buy,200,3797.5,ZeroPlusTick,e5e26c18-978d-062d-81c7-3de533c56a6f,765390,412
2803043,2019-01-06T03:00:40.397Z,19010603,XBTUSD,Buy,358,3797.5,ZeroPlusTick,a0baaa5d-2e18-ee7d-a255-74bb44159d69,765748,413
2803054,2019-01-06T03:00:40.397Z,19010603,XBTUSD,Buy,500,3797.5,ZeroPlusTick,2bb992b2-4ee1-c29d-3bef-4d3951229329,766248,414
2803064,2019-01-06T03:00:40.397Z,19010603,XBTUSD,Buy,162,3797.5,ZeroPlusTick,e11d7779-edf1-62d9-4470-b68db2ef46fa,766410,415
2803076,2019-01-06T03:00:40.397Z,19010603,XBTUSD,Buy,7595,3797.5,ZeroPlusTick,bb87f20c-7696-0ad9-276e-67ac833fad20,774005,416
2803089,2019-01-06T03:00:40.397Z,19010603,XBTUSD,Buy,100,3798,ZeroPlusTick,6c5a11ce-e309-bf6b-c641-951597b4e5e6,774105,417
2803101,2019-01-06T03:00:40.397Z,19010603,XBTUSD,Buy,1,3798,ZeroPlusTick,ad65fcb8-292a-d0fa-bd7e-a947a454cd01,774106,418
2803111,2019-01-06T03:00:40.397Z,19010603,XBTUSD,Buy,126,3798,ZeroPlusTick,d088ab61-49b9-f5c0-6302-952bd403f61c,774232,419
2802680,2019-01-06T03:00:39.012Z,19010603,XBTUSD,Buy,10,3795,ZeroPlusTick,6a3215a0-36ec-91b8-b8a2-c69d606a537e,774242,420
2802690,2019-01-06T03:00:39.012Z,19010603,XBTUSD,Buy,28,3795,ZeroPlusTick,3b922aaf-e1d9-6a94-79c4-49e2a7b7a933,774270,421
2802695,2019-01-06T03:00:39.012Z,19010603,XBTUSD,Buy,50,3795,ZeroPlusTick,d5312a30-61e4-56e2-fff1-71506998060e,774320,422
2802708,2019-01-06T03:00:39.012Z,19010603,XBTUSD,Buy,1,3795,ZeroPlusTick,be5a8672-7187-4590-3c52-e73cf33f213c,774321,423
2802719,2019-01-06T03:00:39.012Z,19010603,XBTUSD,Buy,450,3795,ZeroPlusTick,9a50b79f-de81-8377-835f-d30e9bcef607,774771,424
2802731,2019-01-06T03:00:39.012Z,19010603,XBTUSD,Buy,12000,3795,ZeroPlusTick,2a095b05-b182-a99c-d43f-5654250ea54f,786771,425
2802739,2019-01-06T03:00:39.012Z,19010603,XBTUSD,Buy,1564,3795,ZeroPlusTick,9b110d43-fdeb-bd40-e5f1-580360769d03,788335,426
2802751,2019-01-06T03:00:39.012Z,19010603,XBTUSD,Buy,1,3795,ZeroPlusTick,c5d92e2d-d517-a3d9-60ec-570d8b2474e3,788336,427
2802755,2019-01-06T03:00:39.012Z,19010603,XBTUSD,Buy,200,3795.5,ZeroPlusTick,b7943789-f3ac-dcae-c8a6-a3c500fe7e22,788536,428
2802771,2019-01-06T03:00:39.012Z,19010603,XBTUSD,Buy,100,3795.5,ZeroPlusTick,1d20b96f-3b3c-280f-42fd-6ef62a41aafb,788636,429
2802777,2019-01-06T03:00:39.012Z,19010603,XBTUSD,Buy,10,3795.5,ZeroPlusTick,1cac9876-8077-0c75-4587-d2046244295c,788646,430
2802793,2019-01-06T03:00:39.012Z,19010603,XBTUSD,Buy,10000,3795.5,ZeroPlusTick,51d0c5a0-da45-b71e-57a9-c0e35fc8137b,798646,431
2802802,2019-01-06T03:00:39.012Z,19010603,XBTUSD,Buy,100,3795.5,ZeroPlusTick,cd1f6c85-3dfe-ef9f-cb29-4a5444d7928c,798746,432
2802818,2019-01-06T03:00:39.012Z,19010603,XBTUSD,Buy,28,3796,ZeroPlusTick,e1c04082-25d9-0bf9-892e-fc9e743cd881,798774,433
2802825,2019-01-06T03:00:39.012Z,19010603,XBTUSD,Buy,10,3796,ZeroPlusTick,41356b4a-8285-de23-4053-09c0aba8ece7,798784,434
2802836,2019-01-06T03:00:39.012Z,19010603,XBTUSD,Buy,142,3796,ZeroPlusTick,7fae71d3-5564-426d-7dc8-58679ef0ba20,798926,435
2802846,2019-01-06T03:00:39.012Z,19010603,XBTUSD,Buy,162,3796,ZeroPlusTick,55d64968-1243-bf1e-7e1c-2b47cc6dfb71,799088,436
2802856,2019-01-06T03:00:39.012Z,19010603,XBTUSD,Buy,90,3796,ZeroPlusTick,fbd35c81-8af1-0b27-5871-7c7cd7bde2e4,799178,437
2802865,2019-01-06T03:00:39.112Z,19010603,XBTUSD,Buy,28,3796.5,ZeroPlusTick,6b01029c-5bde-a040-d35e-a1d902917df7,799206,438
2802873,2019-01-06T03:00:39.112Z,19010603,XBTUSD,Buy,40,3796.5,ZeroPlusTick,866bc0f6-673e-de72-b8c7-3f88a3caa392,799246,439
2802889,2019-01-06T03:00:39.112Z,19010603,XBTUSD,Buy,9286,3796.5,ZeroPlusTick,aebd2976-9b1b-dbb6-8936-7a72658830fb,808532,440
2802898,2019-01-06T03:00:39.161Z,19010603,XBTUSD,Buy,5000,3796.5,ZeroPlusTick,b4e40425-4fdf-9b80-80a1-740455b5205c,813532,441
2802901,2019-01-06T03:00:39.161Z,19010603,XBTUSD,Buy,133,3796.5,ZeroPlusTick,0980e63e-5295-c1b9-ca38-a4e323240c07,813665,442
2802911,2019-01-06T03:00:39.161Z,19010603,XBTUSD,Buy,163,3796.5,ZeroPlusTick,1a80ba94-1d40-4eb6-3f1a-e3f94c7ff194,813828,443
2802921,2019-01-06T03:00:39.161Z,19010603,XBTUSD,Buy,300,3797,ZeroPlusTick,b13f311a-1b92-c286-ee1b-587481f61c84,814128,444
2802929,2019-01-06T03:00:39.247Z,19010603,XBTUSD,Buy,10,3797,ZeroPlusTick,03dd89a5-4405-f865-f479-19b0b2d5c683,814138,445
2802940,2019-01-06T03:00:39.344Z,19010603,XBTUSD,Buy,1659,3797,ZeroPlusTick,22645979-3db8-f756-905c-c3df9a7f09a8,815797,446
2802951,2019-01-06T03:00:39.344Z,19010603,XBTUSD,Buy,1906,3797,ZeroPlusTick,614fe915-0d6f-2d13-dd57-d13990018a51,817703,447
2802974,2019-01-06T03:00:40.397Z,19010603,XBTUSD,Buy,200,3797,ZeroPlusTick,5ebf8b23-a18c-dce2-df2c-48e0502680fd,817903,448
2802989,2019-01-06T03:00:40.397Z,19010603,XBTUSD,Buy,1000,3797,ZeroPlusTick,f9685da1-411e-69e3-2557-17b1df61b712,818903,449
2802994,2019-01-06T03:00:40.397Z,19010603,XBTUSD,Buy,724,3797,ZeroPlusTick,5f7fd37a-9ef0-3785-5b88-d8d886c0bdbb,819627,450
2803004,2019-01-06T03:00:40.397Z,19010603,XBTUSD,Buy,5555,3797,ZeroPlusTick,8cf72a40-ebbb-900f-6d3f-4286add3d939,825182,451
2803017,2019-01-06T03:00:40.397Z,19010603,XBTUSD,Buy,1000,3797,ZeroPlusTick,b657729b-872f-52f5-47dc-51163d4d9c41,826182,452
2803027,2019-01-06T03:00:40.397Z,19010603,XBTUSD,Buy,620,3797,ZeroPlusTick,f12517ae-c5cb-3bd2-fb95-67cc67b8d63c,826802,453
2803038,2019-01-06T03:00:40.397Z,19010603,XBTUSD,Buy,760,3797.5,ZeroPlusTick,bbc8cad3-9912-b3bc-f2dc-e38cbb3c8de3,827562,454
2803047,2019-01-06T03:00:40.397Z,19010603,XBTUSD,Buy,100,3797.5,ZeroPlusTick,829728e9-7021-849a-9d3c-aa233fe8e497,827662,455
2803055,2019-01-06T03:00:40.397Z,19010603,XBTUSD,Buy,26,3797.5,ZeroPlusTick,05219edd-fdb8-41dd-2106-accc1f235b2f,827688,456
2803068,2019-01-06T03:00:40.397Z,19010603,XBTUSD,Buy,625,3797.5,ZeroPlusTick,f70393e2-4cdb-2fe4-d650-16871b03be48,828313,457
2803074,2019-01-06T03:00:40.397Z,19010603,XBTUSD,Buy,120,3797.5,ZeroPlusTick,75378801-b387-3d2d-2b69-e2deb5c436a4,828433,458
2803087,2019-01-06T03:00:40.397Z,19010603,XBTUSD,Buy,11,3798,ZeroPlusTick,b7d56fa5-1a13-64d0-d34e-56162f59d4fe,828444,459
2803100,2019-01-06T03:00:40.397Z,19010603,XBTUSD,Buy,3000,3798.5,PlusTick,0f6e8235-ef95-5613-ea52-756c4e0ee556,831444,460
2803112,2019-01-06T03:00:40.397Z,19010603,XBTUSD,Buy,76,3798,ZeroPlusTick,8346686c-fced-a86f-1d5a-0f896d5823e6,831520,461
2803122,2019-01-06T03:00:40.397Z,19010603,XBTUSD,Buy,978,3798,ZeroPlusTick,3742214c-d7c2-464c-5fbf-a8d333fdee7a,832498,462
2803131,2019-01-06T03:00:40.397Z,19010603,XBTUSD,Buy,1000,3798,ZeroPlusTick,4d9064b7-f22d-79f5-42af-14263eddad68,833498,463
2803140,2019-01-06T03:00:40.397Z,19010603,XBTUSD,Buy,100,3798,ZeroPlusTick,0bcd1ea3-8946-680f-21b9-ac2daff33d84,833598,464
2803152,2019-01-06T03:00:40.397Z,19010603,XBTUSD,Buy,26,3798,ZeroPlusTick,644b453c-c82b-b59d-3573-3ca1968a923a,833624,465
2803160,2019-01-06T03:00:40.397Z,19010603,XBTUSD,Buy,122,3798,ZeroPlusTick,406d7962-ffe9-b780-b1f7-9bf2940d2efa,833746,466
2803172,2019-01-06T03:00:40.397Z,19010603,XBTUSD,Buy,82,3798,ZeroPlusTick,70e28670-e46c-b3cd-719d-e44d38378da6,833828,467
2803194,2019-01-06T03:00:41.383Z,19010603,XBTUSD,Buy,1898,3797,ZeroPlusTick,ff7293fb-4fb0-84e4-45d2-0d88fcc33d9e,835726,468
2803200,2019-01-06T03:00:41.383Z,19010603,XBTUSD,Buy,4679,3797,ZeroPlusTick,7647b77a-c6a9-126f-8045-9bf3a1e63a59,840405,469
2802702,2019-01-06T03:00:39.012Z,19010603,XBTUSD,Buy,10,3795,ZeroPlusTick,53fa4b76-9a1e-6744-e1f0-fa40b7d4206d,840415,470
2802714,2019-01-06T03:00:39.012Z,19010603,XBTUSD,Buy,95,3795,ZeroPlusTick,9d70c5ce-fb43-e5a7-5eff-90210b94c622,840510,471
2802724,2019-01-06T03:00:39.012Z,19010603,XBTUSD,Buy,20,3795,ZeroPlusTick,f84cf778-701e-81c1-2438-25329c6b55ce,840530,472
2802734,2019-01-06T03:00:39.012Z,19010603,XBTUSD,Buy,1228,3795,ZeroPlusTick,d94a059f-f4d8-1932-ce98-f5f5f64fbfcd,841758,473
2802744,2019-01-06T03:00:39.012Z,19010603,XBTUSD,Buy,162,3795,ZeroPlusTick,f26ebbe9-eeff-4f7c-d82c-40f0cb595fd0,841920,474
2802754,2019-01-06T03:00:39.012Z,19010603,XBTUSD,Buy,50,3795.5,ZeroPlusTick,5637ee4b-28f9-4752-b2db-f4d90e987dd3,841970,475
2802762,2019-01-06T03:00:39.012Z,19010603,XBTUSD,Buy,40,3795.5,ZeroPlusTick,3c3fea21-f448-26ab-9e95-b7a569099a48,842010,476
2802773,2019-01-06T03:00:39.012Z,19010603,XBTUSD,Buy,2000,3795.5,ZeroPlusTick,4b2448b0-810c-4fd3-4838-d77eef49626d,844010,477
2802784,2019-01-06T03:00:39.012Z,19010603,XBTUSD,Buy,10000,3795.5,ZeroPlusTick,f0fc2251-50d0-cace-783e-9e9eb78e7463,854010,478
2802791,2019-01-06T03:00:39.012Z,19010603,XBTUSD,Buy,50,3795.5,ZeroPlusTick,8d4110a4-2c2a-b2d0-c147-8e15e53df82c,854060,479
2802803,2019-01-06T03:00:39.012Z,19010603,XBTUSD,Buy,512,3796,PlusTick,bae86ef7-3fd1-69ab-9bdd-a4e9e8dbf574,854572,480
2802808,2019-01-06T03:00:39.012Z,19010603,XBTUSD,Buy,176,3796,ZeroPlusTick,7c4f75eb-e5c2-4b79-649b-9574c71c89e5,854748,481
2802816,2019-01-06T03:00:39.012Z,19010603,XBTUSD,Buy,1000,3796,ZeroPlusTick,ab2c896c-17bc-76cd-741d-9fe2e91f1dd7,855748,482
2802827,2019-01-06T03:00:39.012Z,19010603,XBTUSD,Buy,25,3796,ZeroPlusTick,31e44354-02ba-54bf-4ceb-fce8d68249bb,855773,483
2802838,2019-01-06T03:00:39.012Z,19010603,XBTUSD,Buy,20,3796,ZeroPlusTick,a66582a0-ea61-1b5d-0bb1-9eba5470539f,855793,484
2802845,2019-01-06T03:00:39.012Z,19010603,XBTUSD,Buy,480,3796,ZeroPlusTick,12898a70-3bef-6f11-150a-03d645261081,856273,485
2802853,2019-01-06T03:00:39.012Z,19010603,XBTUSD,Buy,57,3796,ZeroPlusTick,93dff772-e328-381b-5816-d2eabb167c7f,856330,486
2802866,2019-01-06T03:00:39.112Z,19010603,XBTUSD,Buy,358,3796.5,ZeroPlusTick,abf6084d-43ff-e4a3-af5a-f8a3cc762b1d,856688,487
2802877,2019-01-06T03:00:39.112Z,19010603,XBTUSD,Buy,5,3796.5,ZeroPlusTick,802432dd-f370-754f-f6c7-c4e3e5df36d8,856693,488
2802893,2019-01-06T03:00:39.161Z,19010603,XBTUSD,Buy,10,3796.5,ZeroPlusTick,631147e3-c389-5541-b663-121cb6123dc8,856703,489
2802903,2019-01-06T03:00:39.161Z,19010603,XBTUSD,Buy,276,3796.5,ZeroPlusTick,556fcf13-ac1e-38fd-54bc-2467acda9b1c,856979,490
2802918,2019-01-06T03:00:39.161Z,19010603,XBTUSD,Buy,50,3797,ZeroPlusTick,f7327333-1299-5af5-9fcf-ef5eba856eea,857029,491
2802928,2019-01-06T03:00:39.247Z,19010603,XBTUSD,Buy,50,3797,ZeroPlusTick,56526a50-4c41-a8dd-5d46-4497ff7cedc7,857079,492
2802941,2019-01-06T03:00:39.344Z,19010603,XBTUSD,Buy,26,3797,ZeroPlusTick,8c15ea79-cc26-c4ff-abed-296c171218fd,857105,493
2802947,2019-01-06T03:00:39.344Z,19010603,XBTUSD,Buy,500,3797,ZeroPlusTick,b83c68c3-f77a-f333-dd07-e66cd604a427,857605,494
2802969,2019-01-06T03:00:39.822Z,19010603,XBTUSD,Buy,507,3797,PlusTick,5fe01cb1-8059-e69e-a035-3ef0959a10c3,858112,495
2802978,2019-01-06T03:00:40.397Z,19010603,XBTUSD,Buy,9,3797,ZeroPlusTick,c7660129-388d-2fc1-ba8d-68c3e94ca112,858121,496
2802981,2019-01-06T03:00:40.397Z,19010603,XBTUSD,Buy,9500,3797,ZeroPlusTick,78c5d4a0-3390-e188-2c38-020f5bbd0995,867621,497
2802992,2019-01-06T03:00:40.397Z,19010603,XBTUSD,Buy,724,3797,ZeroPlusTick,ffa65b24-cf28-0221-8e88-54be958b1263,868345,498
2803001,2019-01-06T03:00:40.397Z,19010603,XBTUSD,Buy,1250,3797,ZeroPlusTick,863ecbe2-5039-cbb5-2cda-32407d450fdb,869595,499
2803011,2019-01-06T03:00:40.397Z,19010603,XBTUSD,Buy,7594,3797,ZeroPlusTick,9fa3d3fb-2bd5-4423-608c-f2448c58277b,877189,500
2803020,2019-01-06T03:00:40.397Z,19010603,XBTUSD,Buy,620,3797,ZeroPlusTick,05489d21-2d03-8f6a-d85f-9d375f04815b,877809,501
2803032,2019-01-06T03:00:40.397Z,19010603,XBTUSD,Buy,22765,3797,ZeroPlusTick,944f782d-b258-409f-7b79-e66accb02b92,900574,502
2803042,2019-01-06T03:00:40.397Z,19010603,XBTUSD,Buy,11,3797.5,ZeroPlusTick,98f655a4-22e3-a2c6-5a8a-25f5821639cc,900585,503
2803051,2019-01-06T03:00:40.397Z,19010603,XBTUSD,Buy,110,3797.5,ZeroPlusTick,925fa237-f2db-7b5e-df01-d50f19cca983,900695,504
2803062,2019-01-06T03:00:40.397Z,19010603,XBTUSD,Buy,1000,3797.5,ZeroPlusTick,511c02c2-4628-bdde-a7c1-f5183f39238a,901695,505
2803072,2019-01-06T03:00:40.397Z,19010603,XBTUSD,Buy,4700,3797.5,ZeroPlusTick,b033a5a2-df4a-99d0-e26d-80fa30372b34,906395,506
2803082,2019-01-06T03:00:40.397Z,19010603,XBTUSD,Buy,30,3798,PlusTick,37908122-094e-ddc2-6c00-1b502fbfff78,906425,507
2803091,2019-01-06T03:00:40.513Z,19010603,XBTUSD,Sell,2000,3796.5,MinusTick,b708476c-e5c4-41da-f427-bd51546aa351,908425,508
2803099,2019-01-06T03:00:40.397Z,19010603,XBTUSD,Buy,5000,3798.5,ZeroPlusTick,26e31bb1-cd63-1705-737c-576a59718e90,913425,509
2803109,2019-01-06T03:00:40.397Z,19010603,XBTUSD,Buy,126,3798,ZeroPlusTick,286d0513-1515-c8a3-8b72-c2b73ad3f5da,913551,510
2803113,2019-01-06T03:00:40.397Z,19010603,XBTUSD,Buy,76,3798,ZeroPlusTick,7bbeadae-994c-9d3f-21fa-eec9594580d6,913627,511
2803126,2019-01-06T03:00:40.397Z,19010603,XBTUSD,Buy,1691,3798,ZeroPlusTick,4a28bfa7-34eb-ac40-50c3-2ca5992987a3,915318,512
2803134,2019-01-06T03:00:40.397Z,19010603,XBTUSD,Buy,20,3798,ZeroPlusTick,16b6e7ef-6f20-cf87-b3ae-3babd892cfb7,915338,513
2803148,2019-01-06T03:00:40.397Z,19010603,XBTUSD,Buy,542,3798,ZeroPlusTick,066914b2-37ab-f55d-08a8-f1bd86e1d9ac,915880,514
2803153,2019-01-06T03:00:40.397Z,19010603,XBTUSD,Buy,50,3798,ZeroPlusTick,0ea22974-f789-a52b-b2d3-34f884f9f225,915930,515
2803163,2019-01-06T03:00:40.397Z,19010603,XBTUSD,Buy,358,3798,ZeroPlusTick,a38d3576-21de-2ec4-3697-8c99e2411629,916288,516
2803170,2019-01-06T03:00:40.397Z,19010603,XBTUSD,Buy,100,3798,ZeroPlusTick,9536f943-5810-a266-7e3a-ca5eddbfbfba,916388,517
2803193,2019-01-06T03:00:41.383Z,19010603,XBTUSD,Buy,43,3797,ZeroPlusTick,13b6a17e-772d-078f-32f1-4de11c184309,916431,518
2802715,2019-01-06T03:00:39.012Z,19010603,XBTUSD,Buy,95,3795,ZeroPlusTick,938b25b6-99f8-ca98-25ac-99b1d72df13d,916526,519
2802727,2019-01-06T03:00:39.012Z,19010603,XBTUSD,Buy,1000,3795,ZeroPlusTick,3ed28a64-99eb-d1e4-8eaf-6fa215f19a90,917526,520
2802737,2019-01-06T03:00:39.012Z,19010603,XBTUSD,Buy,4700,3795,ZeroPlusTick,0a806b2e-72fa-0860-ca92-77fde95ffa1b,922226,521
2802746,2019-01-06T03:00:39.012Z,19010603,XBTUSD,Buy,50,3795,ZeroPlusTick,2a729dbd-cf54-2943-0b3a-c706bb3c82dd,922276,522
2802761,2019-01-06T03:00:39.012Z,19010603,XBTUSD,Buy,315,3795.5,ZeroPlusTick,c5fdbd68-1633-6783-9340-5410f86d943c,922591,523
2802767,2019-01-06T03:00:39.012Z,19010603,XBTUSD,Buy,50,3795.5,ZeroPlusTick,19554376-c280-ef5f-ff5f-bd0b0ddda356,922641,524
2802783,2019-01-06T03:00:39.012Z,19010603,XBTUSD,Buy,500,3795.5,ZeroPlusTick,3f06020a-282e-3195-375e-bec6dd8716b8,923141,525
2802792,2019-01-06T03:00:39.012Z,19010603,XBTUSD,Buy,10000,3795.5,ZeroPlusTick,4509e1fd-90d4-a6ca-8bcf-4c0dd1177da6,933141,526
2802799,2019-01-06T03:00:39.012Z,19010603,XBTUSD,Buy,100,3795.5,ZeroPlusTick,16ef933b-89df-8282-7a92-edc8855fd302,933241,527
2802811,2019-01-06T03:00:39.012Z,19010603,XBTUSD,Buy,2000,3796,ZeroPlusTick,eca81380-486b-0bb0-e564-c2ac0743e05e,935241,528
2802823,2019-01-06T03:00:39.012Z,19010603,XBTUSD,Buy,11,3796,ZeroPlusTick,f34fbf47-7086-8d6d-f5b8-4e677cefca7c,935252,529
2802829,2019-01-06T03:00:39.012Z,19010603,XBTUSD,Buy,1700,3796,ZeroPlusTick,717a0d6d-8043-3936-a139-e58ada1a83e6,936952,530
2802842,2019-01-06T03:00:39.012Z,19010603,XBTUSD,Buy,10,3796,ZeroPlusTick,3db48260-a32c-2833-71b6-d9b192f5dc1e,936962,531
2802855,2019-01-06T03:00:39.012Z,19010603,XBTUSD,Buy,120,3796,ZeroPlusTick,749d49de-a11b-574f-8fd3-13f8463e8c9c,937082,532
2802868,2019-01-06T03:00:39.112Z,19010603,XBTUSD,Buy,100,3796.5,ZeroPlusTick,d4d08d49-236a-16f3-4bf6-833d9696db73,937182,533
2802880,2019-01-06T03:00:39.112Z,19010603,XBTUSD,Buy,2,3796.5,ZeroPlusTick,d64ebed2-f73c-9855-d7ac-3912eeddaab9,937184,534
2802888,2019-01-06T03:00:39.112Z,19010603,XBTUSD,Buy,500,3796.5,ZeroPlusTick,f3d610d5-9fe0-36cf-b9e6-56d581ed2955,937684,535
2802892,2019-01-06T03:00:39.161Z,19010603,XBTUSD,Buy,500,3796.5,ZeroPlusTick,2247e0ed-8eb3-93a9-e903-7ac32120b22c,938184,536
2802904,2019-01-06T03:00:39.161Z,19010603,XBTUSD,Buy,276,3796.5,ZeroPlusTick,7991c225-dfc7-b5ac-a497-89bb25729d5c,938460,537
2802915,2019-01-06T03:00:39.161Z,19010603,XBTUSD,Buy,28,3797,ZeroPlusTick,f8d66447-7b1c-02b6-7bc3-17ef42c01a67,938488,538
2802926,2019-01-06T03:00:39.247Z,19010603,XBTUSD,Buy,50,3797,ZeroPlusTick,b6aac4a3-742f-7092-23bb-516cf819d44f,938538,539
2802934,2019-01-06T03:00:39.247Z,19010603,XBTUSD,Buy,50,3797,ZeroPlusTick,6b24b5ee-3fe6-62d3-b037-d9593dc63f61,938588,540
2802943,2019-01-06T03:00:39.344Z,19010603,XBTUSD,Buy,20,3797,ZeroPlusTick,7c37b507-c560-504f-cd2a-298ca4888eb9,938608,541
2802979,2019-01-06T03:00:40.397Z,19010603,XBTUSD,Buy,95,3797,ZeroPlusTick,bde544a2-2f8e-66d8-c987-5e7ddd8ba0c5,938703,542
2802983,2019-01-06T03:00:40.397Z,19010603,XBTUSD,Buy,1000,3797,ZeroPlusTick,3d439312-34b3-23a6-b74a-d5de68941493,939703,543
2802998,2019-01-06T03:00:40.397Z,19010603,XBTUSD,Buy,50,3797,ZeroPlusTick,827166cf-1636-77b0-0d0a-cdc5ebc0a0d4,939753,544
2803005,2019-01-06T03:00:40.397Z,19010603,XBTUSD,Buy,100,3797,ZeroPlusTick,7b85bd15-9392-275b-9924-425f126e7d65,939853,545
2803016,2019-01-06T03:00:40.397Z,19010603,XBTUSD,Buy,5000,3797,ZeroPlusTick,1512a982-f46e-6b19-3769-98e6a909ae22,944853,546
2803026,2019-01-06T03:00:40.397Z,19010603,XBTUSD,Buy,620,3797,ZeroPlusTick,7e412ba4-d020-7ddb-fd32-e0b21326b0d9,945473,547
2803034,2019-01-06T03:00:40.397Z,19010603,XBTUSD,Buy,11,3797.5,PlusTick,10f6c886-9d7d-9827-a572-60091014b6ee,945484,548
2803045,2019-01-06T03:00:40.397Z,19010603,XBTUSD,Buy,50,3797.5,ZeroPlusTick,bec4967b-cf89-ea70-b9e0-b135a9f54bd5,945534,549
2803057,2019-01-06T03:00:40.397Z,19010603,XBTUSD,Buy,25,3797.5,ZeroPlusTick,6693f773-8926-5f02-4ca9-62aa55ba8803,945559,550
2803065,2019-01-06T03:00:40.397Z,19010603,XBTUSD,Buy,1500,3797.5,ZeroPlusTick,75b2a656-6504-4477-942e-c55b750714b7,947059,551
2803079,2019-01-06T03:00:40.397Z,19010603,XBTUSD,Buy,5000,3797.5,ZeroPlusTick,4d12584c-eaea-3e00-266a-7f2465d03a68,952059,552
2803088,2019-01-06T03:00:40.397Z,19010603,XBTUSD,Buy,11,3798,ZeroPlusTick,56ce8dd1-5e17-94d2-0c3a-e9142b725b1a,952070,553
2803098,2019-01-06T03:00:40.397Z,19010603,XBTUSD,Buy,1522,3798.5,ZeroPlusTick,fee33a66-81d2-55df-ee4c-87a331585a80,953592,554
2803105,2019-01-06T03:00:40.397Z,19010603,XBTUSD,Buy,1587,3798,ZeroPlusTick,44671346-ade3-e894-6c90-afba48e8c655,955179,555
2803116,2019-01-06T03:00:40.397Z,19010603,XBTUSD,Buy,833,3798,ZeroPlusTick,9f933a33-61d2-ee2d-db6c-84d338200c1b,956012,556
2803125,2019-01-06T03:00:40.397Z,19010603,XBTUSD,Buy,551,3798,ZeroPlusTick,750b8b5f-fd9d-42bc-3590-f78cf4b9812b,956563,557
2803135,2019-01-06T03:00:40.397Z,19010603,XBTUSD,Buy,100,3798,ZeroPlusTick,877095d0-c13f-91e2-38d1-22f302c3c058,956663,558
2803145,2019-01-06T03:00:40.397Z,19010603,XBTUSD,Buy,15000,3798,ZeroPlusTick,d183243f-177e-85b3-64d5-2b95e129e7c3,971663,559
2803154,2019-01-06T03:00:40.397Z,19010603,XBTUSD,Buy,6888,3798,ZeroPlusTick,6f07a506-c7b5-188f-3a3a-97340d40a7d2,978551,560
2803164,2019-01-06T03:00:40.397Z,19010603,XBTUSD,Buy,2000,3798,ZeroPlusTick,ed454310-6bc5-a67e-a406-425b792183d5,980551,561
2803173,2019-01-06T03:00:40.397Z,19010603,XBTUSD,Buy,176,3798,ZeroPlusTick,0d2f01f8-b587-83a5-7cf3-a11e0524677d,980727,562
2803259,2019-01-06T03:00:42.662Z,19010603,XBTUSD,Buy,2,3797,ZeroPlusTick,2da1d595-ddd3-7666-54cf-ebba70fc2f14,980729,563
2802772,2019-01-06T03:00:39.012Z,19010603,XBTUSD,Buy,20000,3795.5,ZeroPlusTick,af1ebc63-9682-1336-4ddb-0e16edb93f0a,1000729,564
2802779,2019-01-06T03:00:39.012Z,19010603,XBTUSD,Buy,3400,3795.5,ZeroPlusTick,38cc8b75-2c60-6d72-d74d-03819a37c7da,1004129,565
2802788,2019-01-06T03:00:39.012Z,19010603,XBTUSD,Buy,20000,3795.5,ZeroPlusTick,f3683264-5541-f357-63c5-30fbe1d24c38,1024129,566
2802801,2019-01-06T03:00:39.012Z,19010603,XBTUSD,Buy,3,3795.5,ZeroPlusTick,b2129745-bfb9-64b3-d24a-45fba4007e44,1024132,567
2802813,2019-01-06T03:00:39.012Z,19010603,XBTUSD,Buy,160,3796,ZeroPlusTick,66f6fab3-f402-eab8-ede7-80dddf48cf41,1024292,568
2802819,2019-01-06T03:00:39.012Z,19010603,XBTUSD,Buy,11,3796,ZeroPlusTick,08a9471b-1a13-5e69-8d42-f1264f5f49c4,1024303,569
2802833,2019-01-06T03:00:39.012Z,19010603,XBTUSD,Buy,4000,3796,ZeroPlusTick,5545c7ad-e4fa-9d8e-4ad2-6c300838bfec,1028303,570
2802843,2019-01-06T03:00:39.012Z,19010603,XBTUSD,Buy,296,3796,ZeroPlusTick,bbdb8fcc-e20f-0f68-fafe-8b917c0eb61c,1028599,571
2802858,2019-01-06T03:00:39.068Z,19010603,XBTUSD,Buy,7,3796.5,PlusTick,44ad6869-f0be-6dea-967a-2ab251877737,1028606,572
2802867,2019-01-06T03:00:39.112Z,19010603,XBTUSD,Buy,11,3796.5,ZeroPlusTick,a8002283-2145-66f9-7ea0-cef45cae2dd5,1028617,573
2802879,2019-01-06T03:00:39.112Z,19010603,XBTUSD,Buy,26,3796.5,ZeroPlusTick,a5969fca-df63-bcb3-1059-68ea6e500b0a,1028643,574
2802890,2019-01-06T03:00:39.112Z,19010603,XBTUSD,Buy,25,3796.5,ZeroPlusTick,53c6a9fb-20e4-9c4e-7840-f28b28349ab2,1028668,575
2802891,2019-01-06T03:00:39.161Z,19010603,XBTUSD,Buy,689,3796.5,ZeroPlusTick,40fe0fda-a70e-a1f7-0584-0a9c96a3ca2b,1029357,576
2802906,2019-01-06T03:00:39.161Z,19010603,XBTUSD,Buy,625,3796.5,ZeroPlusTick,64b82543-7906-098c-754e-91a5578477c7,1029982,577
2802919,2019-01-06T03:00:39.161Z,19010603,XBTUSD,Buy,45049,3797,ZeroPlusTick,26dfab3c-9a44-6196-6ac9-0260f7ffa6d5,1075031,578
2802931,2019-01-06T03:00:39.247Z,19010603,XBTUSD,Buy,445,3797,ZeroPlusTick,554f9765-5517-c106-5a9e-788e881e07f3,1075476,579
2802937,2019-01-06T03:00:39.247Z,19010603,XBTUSD,Buy,2500,3797,ZeroPlusTick,da3ad198-9645-834c-0ad3-ef673cc2303c,1077976,580
2802949,2019-01-06T03:00:39.344Z,19010603,XBTUSD,Buy,100,3797,ZeroPlusTick,a34fdf5c-2875-e3ef-5fa2-7e48ddd70023,1078076,581
2802977,2019-01-06T03:00:40.397Z,19010603,XBTUSD,Buy,300,3797,ZeroPlusTick,9b794c26-79a5-75ad-36ed-970a5212c8a9,1078376,582
2802986,2019-01-06T03:00:40.397Z,19010603,XBTUSD,Buy,20,3797,ZeroPlusTick,42252030-82ea-60d6-dbde-8508d8c67bc7,1078396,583
2802999,2019-01-06T03:00:40.397Z,19010603,XBTUSD,Buy,200,3797,ZeroPlusTick,328e34a5-9c50-457a-ceff-7e53835aa763,1078596,584
2803009,2019-01-06T03:00:40.397Z,19010603,XBTUSD,Buy,3000,3797,ZeroPlusTick,3a5e6991-197d-7510-b107-04e2acefecfc,1081596,585
2803013,2019-01-06T03:00:40.397Z,19010603,XBTUSD,Buy,23,3797,ZeroPlusTick,8487314d-b5b0-5e7a-c8db-193c088f48fb,1081619,586
2803024,2019-01-06T03:00:40.397Z,19010603,XBTUSD,Buy,620,3797,ZeroPlusTick,30b70e43-7a69-8e98-7084-1198f81f0745,1082239,587
2803035,2019-01-06T03:00:40.397Z,19010603,XBTUSD,Buy,200,3797.5,ZeroPlusTick,7dc4ef4d-929a-afed-976f-bd18a45399fb,1082439,588
2803049,2019-01-06T03:00:40.397Z,19010603,XBTUSD,Buy,11,3797.5,ZeroPlusTick,c00141e6-9817-8882-fbef-ab8beaa6c5c2,1082450,589
2803059,2019-01-06T03:00:40.397Z,19010603,XBTUSD,Buy,648,3797.5,ZeroPlusTick,e116b546-f7d6-1c20-78bd-5f138a401474,1083098,590
2803063,2019-01-06T03:00:40.397Z,19010603,XBTUSD,Buy,10000,3797.5,ZeroPlusTick,e0526f66-b935-73c1-9376-f341b14ecb29,1093098,591
2803075,2019-01-06T03:00:40.397Z,19010603,XBTUSD,Buy,58822,3797.5,ZeroPlusTick,7213e037-a775-8247-8773-d793802485bb,1151920,592
2803086,2019-01-06T03:00:40.397Z,19010603,XBTUSD,Buy,11,3798,ZeroPlusTick,3e698d2e-b50b-1ba2-7843-55c7b7e84eed,1151931,593
2803104,2019-01-06T03:00:40.397Z,19010603,XBTUSD,Buy,4000,3798,ZeroPlusTick,2a6e85f7-ec28-ef85-0270-a7eadd970c7a,1155931,594
2803118,2019-01-06T03:00:40.397Z,19010603,XBTUSD,Buy,927,3798,ZeroPlusTick,4f62e1c1-fd87-f18f-10c8-3707590ac236,1156858,595
2803129,2019-01-06T03:00:40.397Z,19010603,XBTUSD,Buy,70,3798,ZeroPlusTick,8e1fa0d5-6ce7-46ab-6ae2-3718affc2d3f,1156928,596
2803133,2019-01-06T03:00:40.397Z,19010603,XBTUSD,Buy,200,3798,ZeroPlusTick,7b237e34-c5e0-5ecf-4e25-2a0b1c3a34a9,1157128,597
2803147,2019-01-06T03:00:40.397Z,19010603,XBTUSD,Buy,400,3798,ZeroPlusTick,064c2660-d1a3-1731-316c-ac484e623daa,1157528,598
2803155,2019-01-06T03:00:40.397Z,19010603,XBTUSD,Buy,60,3798,ZeroPlusTick,eb87f6aa-c3bc-d8b1-4474-08d218219a09,1157588,599
2803167,2019-01-06T03:00:40.397Z,19010603,XBTUSD,Buy,28,3798,ZeroPlusTick,57ba7116-7f37-d5e2-de44-05e69e4801a8,1157616,600
2803198,2019-01-06T03:00:41.383Z,19010603,XBTUSD,Buy,2066,3797,ZeroPlusTick,9041c227-be06-53e3-6221-78037a3c746c,1159682,601
2803390,2019-01-06T03:00:52.732Z,19010603,XBTUSD,Buy,420,3797,PlusTick,5e880cf5-0181-4c54-c4bb-67ddae68ccee,1160102,602
2803440,2019-01-06T03:00:58.206Z,19010603,XBTUSD,Buy,300,3797,ZeroPlusTick,d5115b5a-50db-9063-e56d-0809cc31726c,1160402,603
2803450,2019-01-06T03:00:58.206Z,19010603,XBTUSD,Buy,5,3797,ZeroPlusTick,bae2f747-c6d3-a9a6-2590-e993ba639418,1160407,604
2802807,2019-01-06T03:00:39.012Z,19010603,XBTUSD,Buy,200,3796,ZeroPlusTick,de532aea-b827-e4c9-89d0-9b92b8ab76c3,1160607,605
2802817,2019-01-06T03:00:39.012Z,19010603,XBTUSD,Buy,23000,3796,ZeroPlusTick,e7b6bb0a-f35a-0c10-2c10-fa5abb2e97f9,1183607,606
2802826,2019-01-06T03:00:39.012Z,19010603,XBTUSD,Buy,40,3796,ZeroPlusTick,4d8e1f4c-63b4-8b2b-0598-f4361b11a4e2,1183647,607
2802835,2019-01-06T03:00:39.012Z,19010603,XBTUSD,Buy,142,3796,ZeroPlusTick,320244f4-0666-6adb-7a86-4428257eaa3f,1183789,608
2802848,2019-01-06T03:00:39.012Z,19010603,XBTUSD,Buy,10000,3796,ZeroPlusTick,dc76d9b4-3356-6557-9502-710e3da4a6ad,1193789,609
2802852,2019-01-06T03:00:39.012Z,19010603,XBTUSD,Buy,8000,3796,ZeroPlusTick,c35a1434-d5c3-35e1-7d89-1d4cd95aef06,1201789,610
2802864,2019-01-06T03:00:39.112Z,19010603,XBTUSD,Buy,432,3796.5,ZeroPlusTick,f5872481-0d7c-059e-6777-e6e8429c793f,1202221,611
2802874,2019-01-06T03:00:39.112Z,19010603,XBTUSD,Buy,3034,3796.5,ZeroPlusTick,ca1bb621-c822-5e86-2296-920f2d40aece,1205255,612
2802886,2019-01-06T03:00:39.112Z,19010603,XBTUSD,Buy,10,3796.5,ZeroPlusTick,447edf4b-da45-e100-ce92-16178f4785d8,1205265,613
2802897,2019-01-06T03:00:39.161Z,19010603,XBTUSD,Buy,625,3796.5,ZeroPlusTick,22775eae-d9b1-96a1-880a-e20859abd91f,1205890,614
2802908,2019-01-06T03:00:39.161Z,19010603,XBTUSD,Buy,4000,3796.5,ZeroPlusTick,093d84cd-2fac-bb9b-73b9-a1833a95e2e4,1209890,615
2802920,2019-01-06T03:00:39.161Z,19010603,XBTUSD,Buy,500,3797,ZeroPlusTick,6d704ab8-8ef5-b562-40af-32b471873040,1210390,616
2802927,2019-01-06T03:00:39.247Z,19010603,XBTUSD,Buy,11,3797,ZeroPlusTick,e6200e3b-0233-c645-a985-861fd2085275,1210401,617
2802938,2019-01-06T03:00:39.247Z,19010603,XBTUSD,Buy,3000,3797,ZeroPlusTick,e9ac1c98-8804-d441-fec9-c2959e94b4b1,1213401,618
2802952,2019-01-06T03:00:39.344Z,19010603,XBTUSD,Buy,1594,3797,ZeroPlusTick,22f53732-0de7-8eb6-6305-91dc6600736e,1214995,619
2802970,2019-01-06T03:00:40.397Z,19010603,XBTUSD,Buy,5,3797,ZeroPlusTick,224777bb-9596-a74b-19e0-3f612b07847d,1215000,620
2802980,2019-01-06T03:00:40.397Z,19010603,XBTUSD,Buy,95,3797,ZeroPlusTick,5b485855-daa4-93f0-ff33-6f8cf7263c91,1215095,621
2802990,2019-01-06T03:00:40.397Z,19010603,XBTUSD,Buy,10000,3797,ZeroPlusTick,9fa7f500-91f6-0c3f-59e1-769c8805f6af,1225095,622
2803000,2019-01-06T03:00:40.397Z,19010603,XBTUSD,Buy,625,3797,ZeroPlusTick,326198fe-7c24-8e24-7269-dc6da529dbe3,1225720,623
2803003,2019-01-06T03:00:40.397Z,19010603,XBTUSD,Buy,70000,3797,ZeroPlusTick,1d83c9cd-e403-e3fb-43b3-30740158c735,1295720,624
2803015,2019-01-06T03:00:40.397Z,19010603,XBTUSD,Buy,490,3797,ZeroPlusTick,408ab0a5-05d8-7b5e-8805-ea4dd52546ca,1296210,625
2803028,2019-01-06T03:00:40.397Z,19010603,XBTUSD,Buy,620,3797,ZeroPlusTick,61f314c7-f5c6-8509-686d-da2725d7c9fd,1296830,626
2803039,2019-01-06T03:00:40.397Z,19010603,XBTUSD,Buy,27,3797.5,ZeroPlusTick,1f594ef4-5e64-5a94-da29-ba02b1cbfa11,1296857,627
2803044,2019-01-06T03:00:40.397Z,19010603,XBTUSD,Buy,1000,3797.5,ZeroPlusTick,c554230b-6761-ef7c-78b1-4fb44060e0aa,1297857,628
2803056,2019-01-06T03:00:40.397Z,19010603,XBTUSD,Buy,25,3797.5,ZeroPlusTick,5f75c80f-55b1-bf13-ccc8-3e9274b891e6,1297882,629
2803066,2019-01-06T03:00:40.397Z,19010603,XBTUSD,Buy,1800,3797.5,ZeroPlusTick,5b5ff88a-7cb0-fee6-f028-92ec799b2faa,1299682,630
2803078,2019-01-06T03:00:40.397Z,19010603,XBTUSD,Buy,490,3797.5,ZeroPlusTick,4633c9ab-462a-51bc-f567-202e2c865b55,1300172,631
2803083,2019-01-06T03:00:40.397Z,19010603,XBTUSD,Buy,11,3798,ZeroPlusTick,cd98c73d-9202-e08a-98e3-b91834b03882,1300183,632
2803106,2019-01-06T03:00:40.397Z,19010603,XBTUSD,Buy,490,3798,ZeroPlusTick,835fb61c-f6dd-52a7-1bbb-d4d066175645,1300673,633
2803119,2019-01-06T03:00:40.397Z,19010603,XBTUSD,Buy,1151,3798,ZeroPlusTick,2d473bb9-47ac-d93b-bc53-7e0411c271d9,1301824,634
2803123,2019-01-06T03:00:40.397Z,19010603,XBTUSD,Buy,60,3798,ZeroPlusTick,ed7eb0a8-357c-6960-6c71-39fadd1bc3e7,1301884,635
2803136,2019-01-06T03:00:40.397Z,19010603,XBTUSD,Buy,250,3798,ZeroPlusTick,bf24777c-7dcd-ccff-276f-e1f0a09e94ec,1302134,636
2803146,2019-01-06T03:00:40.397Z,19010603,XBTUSD,Buy,3800,3798,ZeroPlusTick,172a034c-308c-433d-8ffa-5cfb308d4afb,1305934,637
2803157,2019-01-06T03:00:40.397Z,19010603,XBTUSD,Buy,1000,3798,ZeroPlusTick,f976ae7d-5855-2098-2ddc-05ac8033ddb3,1306934,638
2803169,2019-01-06T03:00:40.397Z,19010603,XBTUSD,Buy,25,3798,ZeroPlusTick,2073cf3d-b2ee-3f33-3e63-b597ef382526,1306959,639
2803175,2019-01-06T03:00:40.397Z,19010603,XBTUSD,Buy,3888,3798,ZeroPlusTick,4d391cf5-6703-7059-ed49-3439ffe8c8e8,1310847,640
2803196,2019-01-06T03:00:41.383Z,19010603,XBTUSD,Buy,2066,3797,ZeroPlusTick,3ca032d7-0a94-f3ed-222b-0fc249ef618e,1312913,641
2803381,2019-01-06T03:00:51.915Z,19010603,XBTUSD,Buy,80,3797,ZeroPlusTick,ad1a1ff3-d4c7-c563-9371-f244d2e68a9f,1312993,642
2803430,2019-01-06T03:00:56.106Z,19010603,XBTUSD,Buy,500,3797,ZeroPlusTick,94e1a186-ae17-b553-5538-2f7111df7f0b,1313493,643
2803435,2019-01-06T03:00:58.206Z,19010603,XBTUSD,Buy,4384,3797,ZeroPlusTick,d4540bf1-f5a4-5b7c-dca1-4cb90eea5206,1317877,644
2803448,2019-01-06T03:00:58.206Z,19010603,XBTUSD,Buy,1482,3797,ZeroPlusTick,702f4f70-9775-2ff1-3716-a19b7c1b16ed,1319359,645
2803452,2019-01-06T03:00:58.206Z,19010603,XBTUSD,Buy,150,3797,ZeroPlusTick,da1ad875-da16-1b4f-80c7-8de4465e743a,1319509,646
2802851,2019-01-06T03:00:39.012Z,19010603,XBTUSD,Buy,1,3796,ZeroPlusTick,d9f4f229-15ee-4fd4-cf67-109c144c537a,1319510,647
2802863,2019-01-06T03:00:39.068Z,19010603,XBTUSD,Buy,1000,3796.5,ZeroPlusTick,5bdfa6fe-24cf-f626-98d0-8cea64f86609,1320510,648
2802878,2019-01-06T03:00:39.112Z,19010603,XBTUSD,Buy,160,3796.5,ZeroPlusTick,7bcca18e-eec5-008a-8926-75ea2db7d547,1320670,649
2802885,2019-01-06T03:00:39.112Z,19010603,XBTUSD,Buy,10,3796.5,ZeroPlusTick,128a69c4-af4d-91e4-9c46-44be16ced3ca,1320680,650
2802895,2019-01-06T03:00:39.161Z,19010603,XBTUSD,Buy,1200,3796.5,ZeroPlusTick,dfeb1aef-c3d6-052f-b8af-ee9f7c742493,1321880,651
2802902,2019-01-06T03:00:39.161Z,19010603,XBTUSD,Buy,276,3796.5,ZeroPlusTick,89ec5624-bc6a-404b-b703-bff18150c9c1,1322156,652
2802912,2019-01-06T03:00:39.161Z,19010603,XBTUSD,Buy,101,3797,PlusTick,f596cf33-864d-ec03-5607-06792be4ac05,1322257,653
2802922,2019-01-06T03:00:39.161Z,19010603,XBTUSD,Buy,300,3797,ZeroPlusTick,70ffcc82-7a7f-93a7-4878-13b583695253,1322557,654
2802932,2019-01-06T03:00:39.247Z,19010603,XBTUSD,Buy,1000,3797,ZeroPlusTick,fee53cee-c25b-b3ff-cbf7-ce16a30abcca,1323557,655
2802942,2019-01-06T03:00:39.344Z,19010603,XBTUSD,Buy,1,3797,ZeroPlusTick,7732db8b-2854-981b-5c4a-3d20dd7b9698,1323558,656
2802950,2019-01-06T03:00:39.344Z,19010603,XBTUSD,Buy,1094,3797,ZeroPlusTick,a80fe583-ca0f-abfc-6d2f-891c66a4b952,1324652,657
2802973,2019-01-06T03:00:40.397Z,19010603,XBTUSD,Buy,8894,3797,ZeroPlusTick,e9b40899-3f62-4a4f-601f-ad7bfc28af36,1333546,658
2802984,2019-01-06T03:00:40.397Z,19010603,XBTUSD,Buy,50,3797,ZeroPlusTick,05e5e710-5218-b731-8744-985dde5a63ff,1333596,659
2802996,2019-01-06T03:00:40.397Z,19010603,XBTUSD,Buy,162,3797,ZeroPlusTick,ab525516-35b5-5b63-4435-ecfc056fd7b4,1333758,660
2803007,2019-01-06T03:00:40.397Z,19010603,XBTUSD,Buy,16,3797,ZeroPlusTick,913adbc1-2bf6-1f30-85bf-129a2c7b876c,1333774,661
2803014,2019-01-06T03:00:40.397Z,19010603,XBTUSD,Buy,35,3797,ZeroPlusTick,dd1e6eb2-593a-dd9c-4a9a-4c0b2683a9ba,1333809,662
2803029,2019-01-06T03:00:40.397Z,19010603,XBTUSD,Buy,620,3797,ZeroPlusTick,9c77eb3d-d743-8c24-0a1e-5ae0c23187b9,1334429,663
2803033,2019-01-06T03:00:40.397Z,19010603,XBTUSD,Buy,8,3797,ZeroPlusTick,1d29f05f-9ff7-e4ab-fae6-a2f622ce68a9,1334437,664
2803046,2019-01-06T03:00:40.397Z,19010603,XBTUSD,Buy,100,3797.5,ZeroPlusTick,88380cca-f91d-3d17-5783-ff496bddb3d6,1334537,665
2803058,2019-01-06T03:00:40.397Z,19010603,XBTUSD,Buy,326,3797.5,ZeroPlusTick,0fa7e552-dd81-ebd1-f230-25784b9b978d,1334863,666
2803067,2019-01-06T03:00:40.397Z,19010603,XBTUSD,Buy,625,3797.5,ZeroPlusTick,0eb7bac2-1333-4ade-375a-323a3749e77b,1335488,667
2803077,2019-01-06T03:00:40.397Z,19010603,XBTUSD,Buy,193,3797.5,ZeroPlusTick,31c93618-c156-9560-9219-c57a74014861,1335681,668
2803085,2019-01-06T03:00:40.397Z,19010603,XBTUSD,Buy,11,3798,ZeroPlusTick,2ac8050a-c43b-144d-3a7c-dbe28abe4d67,1335692,669
2803102,2019-01-06T03:00:40.397Z,19010603,XBTUSD,Buy,13309,3798,ZeroPlusTick,4ee5834a-9e41-fac6-5bf4-9266755020a2,1349001,670
2803110,2019-01-06T03:00:40.397Z,19010603,XBTUSD,Buy,625,3798,ZeroPlusTick,e82a7c59-8dd9-3284-d895-fc8a401fee0b,1349626,671
2803121,2019-01-06T03:00:40.397Z,19010603,XBTUSD,Buy,10000,3798,ZeroPlusTick,7f4603c3-3b07-93f1-cd77-4c330c807252,1359626,672
2803130,2019-01-06T03:00:40.397Z,19010603,XBTUSD,Buy,70,3798,ZeroPlusTick,82477054-6421-fcdc-e4da-fd926bc86d16,1359696,673
2803141,2019-01-06T03:00:40.397Z,19010603,XBTUSD,Buy,4720,3798,ZeroPlusTick,6ad4812b-3185-17cd-a73f-f926c5b2d27f,1364416,674
2803151,2019-01-06T03:00:40.397Z,19010603,XBTUSD,Buy,2,3798,ZeroPlusTick,8472d680-5007-d058-7448-fdb5425ede26,1364418,675
2803162,2019-01-06T03:00:40.397Z,19010603,XBTUSD,Buy,3888,3798,ZeroPlusTick,288ca490-98ce-71aa-fe45-f0c91e8c9533,1368306,676
2803174,2019-01-06T03:00:40.397Z,19010603,XBTUSD,Buy,200,3798,ZeroPlusTick,fd9d4c1a-0ecd-7c0c-c413-b2ed92fd0ca5,1368506,677
2803258,2019-01-06T03:00:42.662Z,19010603,XBTUSD,Buy,189,3797,ZeroPlusTick,2fcfb70e-949b-3810-274f-452feb90733c,1368695,678
2803300,2019-01-06T03:00:44.177Z,19010603,XBTUSD,Buy,6,3797,ZeroPlusTick,38bca0f2-4c2a-52c4-7233-7f2e3e4bd6f0,1368701,679
2803308,2019-01-06T03:00:44.989Z,19010603,XBTUSD,Buy,6,3797,ZeroPlusTick,d52f00a6-7e44-3628-83e8-ca3bbf8d893c,1368707,680
2803309,2019-01-06T03:00:45.007Z,19010603,XBTUSD,Buy,1000,3797,ZeroPlusTick,03cc23bf-09b9-3340-d880-bd705286bcb1,1369707,681
2803312,2019-01-06T03:00:48.321Z,19010603,XBTUSD,Buy,500,3797,ZeroPlusTick,661f7d75-d7d0-88cd-cf15-0e0f0ca4af80,1370207,682
2803315,2019-01-06T03:00:48.675Z,19010603,XBTUSD,Buy,4,3797,ZeroPlusTick,e99e5dbd-9575-d84d-35a8-6ad8db2e638f,1370211,683
2802896,2019-01-06T03:00:39.161Z,19010603,XBTUSD,Buy,162,3796.5,ZeroPlusTick,037ffbf3-eea2-f394-4221-4c51609d326c,1370373,684
2802907,2019-01-06T03:00:39.161Z,19010603,XBTUSD,Buy,18000,3796.5,ZeroPlusTick,bc3a341d-19e7-d9aa-f11d-7a33c9806a1d,1388373,685
2802916,2019-01-06T03:00:39.161Z,19010603,XBTUSD,Buy,358,3797,ZeroPlusTick,50568970-ce0d-5a72-15bc-65c65a88ee6f,1388731,686
2802923,2019-01-06T03:00:39.247Z,19010603,XBTUSD,Buy,3851,3797,ZeroPlusTick,ababfdc0-75a8-9005-b6d1-eeb4247bc118,1392582,687
2802935,2019-01-06T03:00:39.247Z,19010603,XBTUSD,Buy,20,3797,ZeroPlusTick,5bb08685-e234-d15a-1083-0b1b8663be7a,1392602,688
2802944,2019-01-06T03:00:39.344Z,19010603,XBTUSD,Buy,150,3797,ZeroPlusTick,01974e4a-d79b-aac2-a9a6-a4a19d7513fa,1392752,689
2802972,2019-01-06T03:00:40.397Z,19010603,XBTUSD,Buy,3000,3797,ZeroPlusTick,982bafd4-e23a-733a-993e-2521fc752689,1395752,690
2802985,2019-01-06T03:00:40.397Z,19010603,XBTUSD,Buy,25,3797,ZeroPlusTick,322c66a4-9594-e65d-b338-1340bfd2c32c,1395777,691
2802995,2019-01-06T03:00:40.397Z,19010603,XBTUSD,Buy,10,3797,ZeroPlusTick,53f3d7ca-d0f0-168c-d463-7247646cc8bc,1395787,692
2803010,2019-01-06T03:00:40.397Z,19010603,XBTUSD,Buy,3797,3797,ZeroPlusTick,dcef4afc-935e-06a9-d101-c7414ad1f849,1399584,693
2803022,2019-01-06T03:00:40.397Z,19010603,XBTUSD,Buy,620,3797,ZeroPlusTick,d81a6117-5593-03b1-ef4f-6b57277dbd6e,1400204,694
2803031,2019-01-06T03:00:40.397Z,19010603,XBTUSD,Buy,36,3797,ZeroPlusTick,c3af563c-8c7f-0754-0654-e888e8088ed6,1400240,695
2803041,2019-01-06T03:00:40.397Z,19010603,XBTUSD,Buy,28,3797.5,ZeroPlusTick,ded5baad-1cb3-7feb-7ddb-166941f6defe,1400268,696
2803050,2019-01-06T03:00:40.397Z,19010603,XBTUSD,Buy,200,3797.5,ZeroPlusTick,09679601-a8d6-6574-cc20-528eb5424ac1,1400468,697
2803061,2019-01-06T03:00:40.397Z,19010603,XBTUSD,Buy,50000,3797.5,ZeroPlusTick,85b89f0f-8923-b845-7ec3-48212295dc4d,1450468,698
2803070,2019-01-06T03:00:40.397Z,19010603,XBTUSD,Buy,50,3797.5,ZeroPlusTick,c74cfbca-7280-fc7d-b664-dcde27604d6f,1450518,699
2803081,2019-01-06T03:00:40.397Z,19010603,XBTUSD,Buy,189,3797.5,ZeroPlusTick,6be0d195-2980-1923-7380-c4c923b93015,1450707,700
2803090,2019-01-06T03:00:40.397Z,19010603,XBTUSD,Buy,11,3798,ZeroPlusTick,617f1f0b-ab73-950e-6c0a-63d185e9d499,1450718,701
2803107,2019-01-06T03:00:40.397Z,19010603,XBTUSD,Buy,3798,3798,ZeroPlusTick,c027cc0e-a425-8d1e-2ba6-2ee0c6b919e4,1454516,702
2803114,2019-01-06T03:00:40.397Z,19010603,XBTUSD,Buy,50,3798,ZeroPlusTick,ac664ab5-0f27-a74e-e36a-c398aa835984,1454566,703
2803124,2019-01-06T03:00:40.397Z,19010603,XBTUSD,Buy,936,3798,ZeroPlusTick,dbfb6eb7-82c9-a834-ccc9-6180180f7d55,1455502,704
2803137,2019-01-06T03:00:40.397Z,19010603,XBTUSD,Buy,50,3798,ZeroPlusTick,10f49489-2ec5-d7da-6875-caffa8564c05,1455552,705
2803144,2019-01-06T03:00:40.397Z,19010603,XBTUSD,Buy,25,3798,ZeroPlusTick,ecd6e49d-40bd-0671-07df-87142ad0219b,1455577,706
2803156,2019-01-06T03:00:40.397Z,19010603,XBTUSD,Buy,11,3798,ZeroPlusTick,7954ae76-f589-d4f2-c331-e61bd404515a,1455588,707
2803165,2019-01-06T03:00:40.397Z,19010603,XBTUSD,Buy,50,3798,ZeroPlusTick,d7c052c0-f126-a405-4746-c1fce26a573e,1455638,708
2803195,2019-01-06T03:00:41.383Z,19010603,XBTUSD,Buy,2066,3797,ZeroPlusTick,8060c483-d45d-a7a4-c164-d3c2155c6cf5,1457704,709
2803316,2019-01-06T03:00:48.675Z,19010603,XBTUSD,Buy,179,3797,ZeroPlusTick,a3b4aff9-ce11-a929-fd15-2ab3f411ba33,1457883,710
2803319,2019-01-06T03:00:48.723Z,19010603,XBTUSD,Buy,196,3797,ZeroPlusTick,24418b2e-a443-e778-240d-00a1d405334d,1458079,711
2803321,2019-01-06T03:00:48.776Z,19010603,XBTUSD,Buy,100,3797,ZeroPlusTick,d4cc01e3-31fb-a526-911d-bb294e288063,1458179,712
2803385,2019-01-06T03:00:52.167Z,19010603,XBTUSD,Sell,100,3796.5,ZeroMinusTick,2800ec76-2a32-c68a-2b29-4b8e37ad0bdb,1458279,713
2803395,2019-01-06T03:00:52.732Z,19010603,XBTUSD,Buy,1000,3797,ZeroPlusTick,3e6b0705-42a7-572a-146e-8550300c6fee,1459279,714
2803427,2019-01-06T03:00:54.827Z,19010603,XBTUSD,Buy,3000,3797,ZeroPlusTick,acff5066-1903-5d76-0914-dc15aab901fa,1462279,715
2803443,2019-01-06T03:00:58.206Z,19010603,XBTUSD,Buy,66,3797,ZeroPlusTick,bc1a84f5-f1ea-2001-a758-9f00b79edab1,1462345,716
2803459,2019-01-06T03:00:58.206Z,19010603,XBTUSD,Buy,11152,3797,ZeroPlusTick,0ae6e6e6-31d9-643e-7e84-445907171600,1473497,717
2802930,2019-01-06T03:00:39.247Z,19010603,XBTUSD,Buy,100,3797,ZeroPlusTick,1e958ccf-1108-c12a-4554-3d8ec73523bf,1473597,718
2802939,2019-01-06T03:00:39.247Z,19010603,XBTUSD,Buy,500,3797,ZeroPlusTick,c91c768a-2012-3054-e871-cbd57a0dc00f,1474097,719
2802948,2019-01-06T03:00:39.344Z,19010603,XBTUSD,Buy,400,3797,ZeroPlusTick,0909b2bf-244a-5ed6-bb05-b038cd001db9,1474497,720
2802971,2019-01-06T03:00:40.397Z,19010603,XBTUSD,Buy,1000,3797,ZeroPlusTick,e11033d5-820c-3fa5-4379-1baf5f3a4a5f,1475497,721
2802987,2019-01-06T03:00:40.397Z,19010603,XBTUSD,Buy,10,3797,ZeroPlusTick,b5704106-2ded-3091-048b-379064ca7568,1475507,722
2802997,2019-01-06T03:00:40.397Z,19010603,XBTUSD,Buy,1250,3797,ZeroPlusTick,311edbaa-cef3-d6a9-aa8c-276916b4cd70,1476757,723
2803006,2019-01-06T03:00:40.397Z,19010603,XBTUSD,Buy,70,3797,ZeroPlusTick,ad5b0126-4b12-a95f-9e52-c161660a1fde,1476827,724
2803018,2019-01-06T03:00:40.397Z,19010603,XBTUSD,Buy,47431,3797,ZeroPlusTick,900d93b5-37b2-4d4e-e9be-02d4c28ffd40,1524258,725
2803023,2019-01-06T03:00:40.397Z,19010603,XBTUSD,Buy,620,3797,ZeroPlusTick,24dcd5ec-9fc5-d431-2678-8d352726f162,1524878,726
2803036,2019-01-06T03:00:40.397Z,19010603,XBTUSD,Buy,200,3797.5,ZeroPlusTick,e619b54f-d912-2a0f-ed40-31053d1da7b9,1525078,727
2803048,2019-01-06T03:00:40.397Z,19010603,XBTUSD,Buy,122,3797.5,ZeroPlusTick,55dea2a0-59f8-2058-e02e-bd7f362a3be6,1525200,728
2803053,2019-01-06T03:00:40.397Z,19010603,XBTUSD,Buy,554,3797.5,ZeroPlusTick,15927b05-57a4-96a4-4f4d-9de4d3ef3c71,1525754,729
2803069,2019-01-06T03:00:40.397Z,19010603,XBTUSD,Buy,2000,3797.5,ZeroPlusTick,a4702202-1a0c-fb28-1003-270053581d17,1527754,730
2803073,2019-01-06T03:00:40.397Z,19010603,XBTUSD,Buy,10000,3797.5,ZeroPlusTick,2e7df222-88c1-b092-e1cc-e63d77c11516,1537754,731
2803084,2019-01-06T03:00:40.397Z,19010603,XBTUSD,Buy,11,3798,ZeroPlusTick,c286eaf6-0559-6e2f-9354-67df63b800ac,1537765,732
2803108,2019-01-06T03:00:40.397Z,19010603,XBTUSD,Buy,108,3798,ZeroPlusTick,95fd2506-9336-b1d0-9685-102cddd14988,1537873,733
2803117,2019-01-06T03:00:40.397Z,19010603,XBTUSD,Buy,162,3798,ZeroPlusTick,c3c8a499-c711-2763-542f-aaf122c7a8f6,1538035,734
2803128,2019-01-06T03:00:40.397Z,19010603,XBTUSD,Buy,1000,3798,ZeroPlusTick,df0e1e47-17e5-f12e-45e5-f7f87bc2c927,1539035,735
2803139,2019-01-06T03:00:40.397Z,19010603,XBTUSD,Buy,2676,3798,ZeroPlusTick,8833c8a6-6e8d-a032-8754-b521087bccbf,1541711,736
2803149,2019-01-06T03:00:40.397Z,19010603,XBTUSD,Buy,26,3798,ZeroPlusTick,156ee9ca-224e-fc82-dcd4-d2eb35c20523,1541737,737
2803159,2019-01-06T03:00:40.397Z,19010603,XBTUSD,Buy,2000,3798,ZeroPlusTick,48fab805-3aea-9965-dd52-fbbe659342be,1543737,738
2803166,2019-01-06T03:00:40.397Z,19010603,XBTUSD,Buy,11,3798,ZeroPlusTick,4af82afa-11e7-ff99-811f-b526c75d1c07,1543748,739
2803177,2019-01-06T03:00:40.397Z,19010603,XBTUSD,Buy,200,3798,ZeroPlusTick,40cb1990-9935-80ac-a3cd-c911a8e3c0bc,1543948,740
2803199,2019-01-06T03:00:41.383Z,19010603,XBTUSD,Buy,116,3797,ZeroPlusTick,4b4b89bd-0c1a-5e0a-6e80-798b873d7a4a,1544064,741
2803261,2019-01-06T03:00:42.662Z,19010603,XBTUSD,Buy,121,3797,ZeroPlusTick,9a3b74da-5cdb-c95d-1ec5-ac029f09740d,1544185,742
2803301,2019-01-06T03:00:44.315Z,19010603,XBTUSD,Buy,6000,3797,ZeroPlusTick,1c651418-8e42-7b8b-25bc-0873d7fbf6fc,1550185,743
2803397,2019-01-06T03:00:52.732Z,19010603,XBTUSD,Buy,490,3797,ZeroPlusTick,29d006de-5f79-8070-dc20-bea1168e6476,1550675,744
2803439,2019-01-06T03:00:58.206Z,19010603,XBTUSD,Buy,38,3797,ZeroPlusTick,a2d4ed41-fbe9-fec5-d6fa-5e3a23273e40,1550713,745
2803449,2019-01-06T03:00:58.206Z,19010603,XBTUSD,Buy,120,3797,ZeroPlusTick,da84d0f5-ac27-0d58-3d92-fff7f56b4259,1550833,746
2803457,2019-01-06T03:00:58.206Z,19010603,XBTUSD,Buy,44,3797,ZeroPlusTick,d5ffcae5-c175-601d-94d8-008e9746924e,1550877,747
2803465,2019-01-06T03:00:58.456Z,19010603,XBTUSD,Buy,26,3797,ZeroPlusTick,6768a5a8-350d-006f-3dbb-22e6b0348fc2,1550903,748
2803533,2019-01-06T03:01:06.653Z,19010603,XBTUSD,Sell,1128,3796.5,ZeroMinusTick,bdd1583d-586f-4b24-1b15-5e35051907d8,1552031,749
2802991,2019-01-06T03:00:40.397Z,19010603,XBTUSD,Buy,724,3797,ZeroPlusTick,652828e4-153f-aa77-a87f-6e35d3e59f0d,1552755,750
2803002,2019-01-06T03:00:40.397Z,19010603,XBTUSD,Buy,984,3797,ZeroPlusTick,fc205d6d-d649-b7a6-ef9f-c08ef768cbea,1553739,751
2803012,2019-01-06T03:00:40.397Z,19010603,XBTUSD,Buy,3,3797,ZeroPlusTick,4e1ae399-b2a4-9313-d92a-1a0e0ce7b573,1553742,752
2803021,2019-01-06T03:00:40.397Z,19010603,XBTUSD,Buy,620,3797,ZeroPlusTick,03724837-2374-2660-40fc-c5eee57309f5,1554362,753
2803030,2019-01-06T03:00:40.397Z,19010603,XBTUSD,Buy,17976,3797,ZeroPlusTick,e0a0ed86-aa93-dd0f-4fcd-c21d3eeb855d,1572338,754
2803040,2019-01-06T03:00:40.397Z,19010603,XBTUSD,Buy,10,3797.5,ZeroPlusTick,ce181401-524c-58bb-704c-b357f6971912,1572348,755
2803052,2019-01-06T03:00:40.397Z,19010603,XBTUSD,Buy,1,3797.5,ZeroPlusTick,539e3f19-fe63-1c15-dcde-ba7636e8325e,1572349,756
2803060,2019-01-06T03:00:40.397Z,19010603,XBTUSD,Buy,100,3797.5,ZeroPlusTick,2a1b21e7-da0a-039e-9607-9c01db651fc2,1572449,757
2803071,2019-01-06T03:00:40.397Z,19010603,XBTUSD,Buy,625,3797.5,ZeroPlusTick,d9d14c74-3804-f5b1-23db-170f180ed284,1573074,758
2803080,2019-01-06T03:00:40.397Z,19010603,XBTUSD,Buy,1,3797.5,ZeroPlusTick,b7da6074-6c9c-2bf6-d2a5-486996686539,1573075,759
2803092,2019-01-06T03:00:40.537Z,19010603,XBTUSD,Buy,30,3797,PlusTick,4d3c7bb9-2ae8-b656-af19-4759742009bf,1573105,760
2803093,2019-01-06T03:00:40.609Z,19010603,XBTUSD,Buy,27,3797,ZeroPlusTick,7c80f54b-ef54-b46d-fa07-ad6974f1d7e5,1573132,761
2803097,2019-01-06T03:00:40.397Z,19010603,XBTUSD,Buy,7156,3798.5,ZeroPlusTick,710a29a1-8941-3872-aef3-e1b35fccb797,1580288,762
2803103,2019-01-06T03:00:40.397Z,19010603,XBTUSD,Buy,1138,3798,ZeroPlusTick,d3014a53-a66d-330e-60a8-e7b11dfcc1ef,1581426,763
2803115,2019-01-06T03:00:40.397Z,19010603,XBTUSD,Buy,625,3798,ZeroPlusTick,667f3d4f-b9bc-47df-cdb2-d1b0e521ac93,1582051,764
2803127,2019-01-06T03:00:40.397Z,19010603,XBTUSD,Buy,100,3798,ZeroPlusTick,68a7e2ed-eaf5-23c8-1a03-8b4cab57e905,1582151,765
2803138,2019-01-06T03:00:40.397Z,19010603,XBTUSD,Buy,625,3798,ZeroPlusTick,b7b9af7d-fa34-f868-221d-9ed42d750450,1582776,766
2803143,2019-01-06T03:00:40.397Z,19010603,XBTUSD,Buy,25,3798,ZeroPlusTick,61c61d3c-7cbd-674f-3c55-28a3cb3e3298,1582801,767
2803158,2019-01-06T03:00:40.397Z,19010603,XBTUSD,Buy,5000,3798,ZeroPlusTick,52c4cd94-1bee-68c3-5b00-98f9d63f924d,1587801,768
2803168,2019-01-06T03:00:40.397Z,19010603,XBTUSD,Buy,120,3798,ZeroPlusTick,f23fc1ca-4337-adce-80a8-54872db70a36,1587921,769
2803176,2019-01-06T03:00:40.397Z,19010603,XBTUSD,Buy,2000,3798,ZeroPlusTick,fa4cc874-a7a8-81d0-5473-c95692300f1e,1589921,770
2803197,2019-01-06T03:00:41.383Z,19010603,XBTUSD,Buy,2066,3797,ZeroPlusTick,a8c84163-38e6-fa95-9c78-875bfb97f9ce,1591987,771
2803241,2019-01-06T03:00:42.013Z,19010603,XBTUSD,Buy,5,3797,ZeroPlusTick,dbd9a6fb-962e-f59f-b6ce-71f9ab699439,1591992,772
2803262,2019-01-06T03:00:42.662Z,19010603,XBTUSD,Buy,186,3797,ZeroPlusTick,d4b116c6-e48c-9ca6-1790-b985e277dd46,1592178,773
2803272,2019-01-06T03:00:43.466Z,19010603,XBTUSD,Buy,7419,3797,PlusTick,c366edbb-b891-67d4-b9f5-4178d5877a5a,1599597,774
2803274,2019-01-06T03:00:43.524Z,19010603,XBTUSD,Buy,1,3797,ZeroPlusTick,c754e3b1-1c13-6dd2-09b8-0d030ffe0907,1599598,775
2803279,2019-01-06T03:00:43.767Z,19010603,XBTUSD,Sell,500,3796.5,MinusTick,8cca19eb-60af-ccd2-a145-4aba7bf8437f,1600098,776
2803318,2019-01-06T03:00:48.675Z,19010603,XBTUSD,Buy,2217,3797,ZeroPlusTick,e5ce3053-906a-4567-d3e5-3a5a34a10bdc,1602315,777
2803338,2019-01-06T03:00:48.989Z,19010603,XBTUSD,Buy,200,3797,ZeroPlusTick,c2e2b317-3621-d0df-2863-aed99ff59ea6,1602515,778
2803120,2019-01-06T03:00:40.397Z,19010603,XBTUSD,Buy,1228,3798,ZeroPlusTick,a76cb20d-5bc1-84ec-476c-dd494b751021,1603743,779
2803132,2019-01-06T03:00:40.397Z,19010603,XBTUSD,Buy,250,3798,ZeroPlusTick,ffdaa0ac-a539-122d-b65d-c3fdb51c67de,1603993,780
2803142,2019-01-06T03:00:40.397Z,19010603,XBTUSD,Buy,1875,3798,ZeroPlusTick,d9388be8-0f2b-dde6-4d9e-d283e3915db3,1605868,781
2803150,2019-01-06T03:00:40.397Z,19010603,XBTUSD,Buy,250,3798,ZeroPlusTick,8694b737-c327-fcdf-bbe7-c9bd5b97ca65,1606118,782
2803161,2019-01-06T03:00:40.397Z,19010603,XBTUSD,Buy,26,3798,ZeroPlusTick,9910076a-4c2c-f889-4fa4-8752dafe3317,1606144,783
2803171,2019-01-06T03:00:40.397Z,19010603,XBTUSD,Buy,480,3798,ZeroPlusTick,bebcc5cb-8afe-c0c1-f67a-b2eac9f64dd0,1606624,784
2803201,2019-01-06T03:00:41.529Z,19010603,XBTUSD,Buy,2000,3797,ZeroPlusTick,73d5de9c-9e52-f17e-0040-56f9b116e1eb,1608624,785
2803289,2019-01-06T03:00:43.976Z,19010603,XBTUSD,Buy,5,3797,PlusTick,56d7c9f1-54fe-718e-64ad-bd841acddf11,1608629,786
2803383,2019-01-06T03:00:52.167Z,19010603,XBTUSD,Sell,150,3796.5,ZeroMinusTick,9517c7bd-b743-8700-aa39-6d92b993015f,1608779,787
2803394,2019-01-06T03:00:52.732Z,19010603,XBTUSD,Buy,43,3797,ZeroPlusTick,a9cb96a6-e204-2be4-908a-9b2357ae494b,1608822,788
2803436,2019-01-06T03:00:58.206Z,19010603,XBTUSD,Buy,44,3797,ZeroPlusTick,d4242920-89ba-6244-edca-563e4b6bd917,1608866,789
2803445,2019-01-06T03:00:58.206Z,19010603,XBTUSD,Buy,1000,3797,ZeroPlusTick,226c8d86-c817-e3a4-333c-019d78c86c52,1609866,790
2803455,2019-01-06T03:00:58.206Z,19010603,XBTUSD,Buy,100,3797,ZeroPlusTick,7ca5c2e8-ece4-e9c7-333f-dd91d0f06a94,1609966,791
2803487,2019-01-06T03:01:01.251Z,19010603,XBTUSD,Sell,32,3796.5,MinusTick,44d2094f-d683-f2bd-a0f0-d73435165507,1609998,792
2803557,2019-01-06T03:01:10.520Z,19010603,XBTUSD,Buy,4300,3797,ZeroPlusTick,8db6b4c2-609b-3f9d-2300-ac5c9dc7401b,1614298,793
2803570,2019-01-06T03:01:14.209Z,19010603,XBTUSD,Sell,5000,3796.5,ZeroMinusTick,a8c67e6a-2a3a-28fa-b0df-7a56f91627a5,1619298,794
2803573,2019-01-06T03:01:14.209Z,19010603,XBTUSD,Sell,10,3796.5,ZeroMinusTick,5d6ecf37-480c-8165-d0a4-64515f6446db,1619308,795
2803591,2019-01-06T03:01:14.592Z,19010603,XBTUSD,Sell,2000,3796.5,ZeroMinusTick,067da892-97d7-c001-86cb-7b0a1679707d,1621308,796
2803601,2019-01-06T03:01:14.592Z,19010603,XBTUSD,Sell,190,3796.5,ZeroMinusTick,62f44429-082d-84aa-9f85-6b470e4813db,1621498,797
2803610,2019-01-06T03:01:14.592Z,19010603,XBTUSD,Sell,12,3796.5,ZeroMinusTick,ddd0ed1a-89ce-5fe9-2d3a-2737cab4a412,1621510,798
2803619,2019-01-06T03:01:14.592Z,19010603,XBTUSD,Sell,100,3796.5,ZeroMinusTick,3069d2e8-4c35-d3c3-a48c-e084e3d957ee,1621610,799
2803633,2019-01-06T03:01:14.592Z,19010603,XBTUSD,Sell,1000,3796,ZeroMinusTick,4bbfbbf8-3459-2242-ca4c-41cca053f77b,1622610,800
2803644,2019-01-06T03:01:14.592Z,19010603,XBTUSD,Sell,16069,3795.5,ZeroMinusTick,d0d4277f-407a-ce6d-73ee-38318317e9ed,1638679,801
2803646,2019-01-06T03:01:14.809Z,19010603,XBTUSD,Sell,62,3795.5,ZeroMinusTick,e0cee18e-371b-fb8d-02c4-8cbc19d48365,1638741,802
2803658,2019-01-06T03:01:15.105Z,19010603,XBTUSD,Sell,619,3795.5,ZeroMinusTick,274b559a-0a6b-df45-c443-866fa6e26045,1639360,803
2803666,2019-01-06T03:01:15.105Z,19010603,XBTUSD,Sell,1000,3795.5,ZeroMinusTick,253e4ca1-1dcf-0d39-21b8-521132c9d15a,1640360,804
2803679,2019-01-06T03:01:15.105Z,19010603,XBTUSD,Sell,11,3795,ZeroMinusTick,42b6502e-e60d-6720-ef6d-5f5481b83e1d,1640371,805
2803687,2019-01-06T03:01:15.105Z,19010603,XBTUSD,Sell,10,3795,ZeroMinusTick,72718cdc-21cd-58b6-783f-81c6d7ddc561,1640381,806
2803260,2019-01-06T03:00:42.662Z,19010603,XBTUSD,Buy,2,3797,ZeroPlusTick,f1bbb820-a5e6-dbf6-2e65-4782b9715fea,1640383,807
