,secondTime,bidPrice,bidSize,askPrice,askSize,microPrice,midPrice
0,1218100410.0,3668.0,215065.529,3668.5,824449.0,3668.5,3668.25
1,1218100411.0,3668.0,216227.714,3668.5,847691.286,3668.5,3668.25
2,1218100413.0,3668.0,213187.2,3668.5,839139.0,3668.5,3668.25
3,1218100414.0,3668.0,289289.385,3668.5,782373.154,3668.5,3668.25
4,1218100415.0,3668.0,279801.462,3668.5,746662.462,3668.5,3668.25
5,1218100416.0,3668.0,201017.267,3668.5,764080.0,3668.5,3668.25
6,1218100417.0,3668.0,23658.0,3668.5,760369.5,3668.5,3668.25
7,1218100418.0,3668.0,68399.083,3668.5,763567.0,3668.5,3668.25
8,1218100419.0,3668.0,84959.25,3668.5,787882.125,3668.5,3668.25
9,1218100420.0,3668.0,73526.727,3668.5,781667.727,3668.5,3668.25
10,1218100421.0,3668.0,60740.0,3668.5,799125.667,3668.5,3668.25
11,1218100423.0,3668.0,59964.889,3668.5,804737.111,3668.5,3668.25
12,1218100424.0,3668.0,55084.611,3668.5,820146.0,3668.5,3668.25
13,1218100425.0,3668.0,37749.765,3668.5,824001.0,3668.5,3668.25
14,1218100426.0,3668.0,36959.778,3668.5,775122.667,3668.5,3668.25
15,1218100427.0,3668.0,37901.0,3668.5,779741.714,3668.5,3668.25
16,1218100428.0,3668.0,51763.462,3668.5,779772.923,3668.5,3668.25
17,1218100429.0,3668.0,57459.0,3668.5,781736.0,3668.5,3668.25
18,1218100430.0,3668.0,61059.143,3668.5,772736.0,3668.5,3668.25
19,1218100431.0,3668.0,59250.714,3668.5,781736.0,3668.5,3668.25
20,1218100432.0,3668.0,70201.0,3668.5,781936.0,3668.5,3668.25
21,1218100433.0,3668.0,70491.333,3668.5,778544.333,3668.5,3668.25
22,1218100434.0,3668.0,71482.7,3668.5,764015.7,3668.5,3668.25
23,1218100435.0,3668.0,73760.545,3668.5,725196.727,3668.5,3668.25
24,1218100436.0,3668.0,138101.2,3668.5,675179.72,3668.5,3668.25
25,1218100437.0,3668.0,232980.75,3668.5,636024.875,3668.5,3668.25
26,1218100438.0,3668.0,240517.143,3668.5,646617.286,3668.5,3668.25
27,1218100439.0,3668.0,249606.0,3668.5,648403.0,3668.5,3668.25
28,1218100440.0,3668.0,221526.75,3668.5,639778.0,3668.5,3668.25
29,1218100441.0,3668.0,226403.167,3668.5,663474.333,3668.5,3668.25
30,1218100442.0,3668.0,146601.632,3668.5,733301.211,3668.5,3668.25
31,1218100443.0,3668.0,88998.667,3668.5,783617.0,3668.5,3668.25
32,1218100444.0,3668.0,93050.267,3668.5,820067.0,3668.5,3668.25
33,1218100445.0,3668.0,72148.368,3668.5,835467.0,3668.5,3668.25
34,1218100446.0,3668.0,54209.4,3668.5,881967.0,3668.5,3668.25
35,1218100447.0,3668.0,49195.714,3668.5,879438.429,3668.5,3668.25
36,1218100448.0,3668.0,49141.0,3668.5,879907.0,3668.5,3668.25
37,1218100449.0,3668.0,39319.111,3668.5,879899.222,3668.5,3668.25
38,1218100450.0,3668.0,15026.938,3668.5,876339.5,3668.5,3668.25
39,1218100451.0,3668.0,503.833,3668.5,944402.0,3668.5,3668.25
40,1218100452.0,3667.515,13117.604,3668.015,677467.218,3668.5,3668.25
41,1218100453.0,3667.045,149555.465,3667.55,543057.386,3668.0,3667.75
42,1218100454.0,3667.0,140430.655,3667.5,857901.259,3667.5,3667.25
43,1218100455.0,3667.0,113660.55,3667.5,908572.8,3667.5,3667.25
44,1218100456.0,3667.0,113639.115,3667.5,922762.269,3667.5,3667.25
45,1218100457.0,3667.0,138516.0,3667.5,940159.0,3667.5,3667.25
46,1218100458.0,3667.0,137860.5,3667.5,921939.5,3667.5,3667.25
47,1218100459.0,3667.0,139182.75,3667.5,918106.0,3667.5,3667.25
48,1218100500.0,3667.0,139684.0,3667.5,919106.0,3667.5,3667.25
49,1218100501.0,3667.0,151095.611,3667.5,833241.556,3667.5,3667.25
50,1218100502.0,3667.0,145319.85,3667.5,887405.1,3667.5,3667.25
51,1218100503.0,3667.0,128316.143,3667.5,940170.571,3667.5,3667.25
52,1218100504.0,3667.0,124800.727,3667.5,985793.636,3667.5,3667.25
53,1218100505.0,3667.0,96629.588,3667.5,1050049.471,3667.5,3667.25
54,1218100506.0,3667.0,87082.714,3667.5,1066412.429,3667.5,3667.25
55,1218100507.0,3667.0,94314.667,3667.5,1073732.5,3667.5,3667.25
56,1218100508.0,3667.0,86872.2,3667.5,1048060.0,3667.5,3667.25
57,1218100509.0,3667.0,42364.091,3667.5,1060838.364,3667.5,3667.25
58,1218100510.0,3666.533,105936.133,3667.067,242112.6,3667.5,3667.25
59,1218100511.0,3666.5,112062.858,3667.0,959214.823,3667.0,3666.75
60,1218100512.0,3666.5,80820.04,3667.0,1289766.08,3667.0,3666.75
61,1218100513.0,3666.5,45882.895,3667.0,1322872.105,3667.0,3666.75
62,1218100514.0,3666.5,47208.625,3667.0,1324788.75,3667.0,3666.75
63,1218100515.0,3666.5,46174.478,3667.0,1245604.087,3667.0,3666.75
64,1218100516.0,3666.5,35588.364,3667.0,1310185.091,3667.0,3666.75
65,1218100517.0,3666.5,5292.882,3667.0,1391129.647,3667.0,3666.75
66,1218100518.0,3666.013,16088.295,3666.522,576452.83,3667.0,3666.75
67,1218100519.0,3665.688,35421.917,3666.229,837789.0,3666.5,3666.25
68,1218100520.0,3665.0,5917.667,3665.5,156715.81,3665.5,3665.25
69,1218100521.0,3665.0,5376.279,3665.5,617927.029,3665.5,3665.25
70,1218100522.0,3665.0,11621.333,3665.5,1186823.333,3665.5,3665.25
71,1218100523.0,3665.0,6671.0,3665.5,1216514.067,3665.5,3665.25
72,1218100524.0,3664.553,21505.0,3665.053,193039.421,3665.5,3665.25
73,1218100525.0,3664.5,14742.333,3665.0,142159.167,3665.0,3664.75
74,1218100527.0,3664.5,32496.476,3665.0,579642.33,3665.0,3664.75
75,1218100528.0,3664.5,37004.375,3665.0,1042051.688,3665.0,3664.75
76,1218100529.0,3664.5,101263.175,3665.0,1572079.625,3665.0,3664.75
77,1218100531.0,3664.5,226784.396,3665.0,1580275.25,3665.0,3664.75
78,1218100532.0,3664.5,387746.867,3665.0,1608570.667,3665.0,3664.75
79,1218100533.0,3664.5,659661.133,3665.0,1582664.8,3665.0,3664.75
80,1218100534.0,3664.5,772504.44,3665.0,1380811.28,3665.0,3664.75
81,1218100535.0,3664.5,802677.55,3665.0,1295352.0,3665.0,3664.75
82,1218100536.0,3664.5,789837.4,3665.0,1213377.0,3665.0,3664.75
83,1218100537.0,3664.5,771680.833,3665.0,2308149.667,3665.0,3664.75
84,1218100538.0,3664.5,771718.053,3665.0,2686208.895,3665.0,3664.75
85,1218100539.0,3664.5,790523.152,3665.0,2108854.424,3665.0,3664.75
86,1218100540.0,3664.5,799369.444,3665.0,1916153.778,3665.0,3664.75
87,1218100541.0,3664.5,761955.0,3665.0,1922651.8,3665.0,3664.75
88,1218100542.0,3664.5,647159.857,3665.0,1937886.143,3665.0,3664.75
89,1218100543.0,3664.5,538137.944,3665.0,1996379.111,3665.0,3664.75
90,1218100544.0,3664.5,517860.545,3665.0,2037266.091,3665.0,3664.75
91,1218100545.0,3664.5,512656.067,3665.0,2034393.667,3665.0,3664.75
92,1218100546.0,3664.5,508957.5,3665.0,2050787.417,3665.0,3664.75
93,1218100547.0,3664.5,517653.111,3665.0,2032581.222,3665.0,3664.75
94,1218100548.0,3664.5,516651.182,3665.0,2044947.636,3665.0,3664.75
95,1218100549.0,3664.5,508893.667,3665.0,2060309.0,3665.0,3664.75
96,1218100550.0,3664.5,544312.455,3665.0,2051202.182,3665.0,3664.75
97,1218100551.0,3664.5,568293.731,3665.0,2021041.308,3665.0,3664.75
98,1218100552.0,3664.5,586405.444,3665.0,2030183.444,3665.0,3664.75
99,1218100553.0,3664.5,592980.444,3665.0,2008281.889,3665.0,3664.75
100,1218100554.0,3664.5,598334.667,3665.0,2000311.867,3665.0,3664.75
101,1218100555.0,3664.5,565393.132,3665.0,2025939.342,3665.0,3664.75
102,1218100556.0,3664.5,532444.25,3665.0,2083796.0,3665.0,3664.75
103,1218100557.0,3664.5,479304.636,3665.0,2079079.182,3665.0,3664.75
104,1218100558.0,3664.5,362659.722,3665.0,2095981.778,3665.0,3664.75
105,1218100559.0,3664.5,388949.375,3665.0,2090284.0,3665.0,3664.75
106,1218100600.0,3664.5,482619.0,3665.0,2127707.0,3665.0,3664.75
107,1218100601.0,3664.5,480046.143,3665.0,2130447.286,3665.0,3664.75
108,1218100602.0,3664.5,463334.25,3665.0,2151406.0,3665.0,3664.75
109,1218100603.0,3664.5,421008.0,3665.0,2155349.778,3665.0,3664.75
110,1218100604.0,3664.5,415604.0,3665.0,2153294.0,3665.0,3664.75
111,1218100605.0,3664.5,415743.778,3665.0,2152607.333,3665.0,3664.75
112,1218100606.0,3664.5,415495.722,3665.0,2110559.278,3665.0,3664.75
113,1218100607.0,3664.5,417811.727,3665.0,2137100.091,3665.0,3664.75
114,1218100608.0,3664.5,407368.9,3665.0,2137051.0,3665.0,3664.75
115,1218100609.0,3664.5,412696.167,3665.0,2133491.0,3665.0,3664.75
116,1218100610.0,3664.5,413136.154,3665.0,2068812.615,3665.0,3664.75
117,1218100611.0,3664.5,413806.833,3665.0,2054427.667,3665.0,3664.75
118,1218100612.0,3664.5,403809.0,3665.0,2050009.75,3665.0,3664.75
119,1218100613.0,3664.5,403786.333,3665.0,2066260.0,3665.0,3664.75
120,1218100614.0,3664.5,418150.4,3665.0,2081878.0,3665.0,3664.75
121,1218100615.0,3664.5,414214.583,3665.0,2080253.5,3665.0,3664.75
122,1218100616.0,3664.5,432257.357,3665.0,2078091.429,3665.0,3664.75
123,1218100617.0,3664.5,425265.6,3665.0,2070621.2,3665.0,3664.75
124,1218100618.0,3664.5,381547.429,3665.0,2080102.071,3665.0,3664.75
125,1218100619.0,3663.651,332628.717,3664.151,1265873.755,3665.0,3664.75
126,1218100620.0,3663.5,356745.439,3664.0,1345408.47,3664.0,3663.75
127,1218100621.0,3663.5,281069.65,3664.0,1458100.467,3664.0,3663.75
128,1218100622.0,3663.5,319453.647,3664.0,1678677.588,3664.0,3663.75
129,1218100623.0,3663.5,302441.565,3664.0,2328422.261,3664.0,3663.75
130,1218100624.0,3663.5,302227.471,3664.0,2331590.882,3664.0,3663.75
131,1218100625.0,3663.5,300945.286,3664.0,2308985.857,3664.0,3663.75
132,1218100626.0,3663.5,194845.667,3664.0,2318086.556,3664.0,3663.75
133,1218100627.0,3663.5,129814.0,3664.0,2312451.0,3664.0,3663.75
134,1218100628.0,3663.5,90213.0,3664.0,2328975.286,3664.0,3663.75
135,1218100629.0,3663.5,94940.0,3664.0,2302848.0,3664.0,3663.75
136,1218100630.0,3663.5,87474.0,3664.0,2282836.2,3664.0,3663.75
137,1218100631.0,3663.5,58649.0,3664.0,2304101.0,3664.0,3663.75
138,1218100632.0,3663.5,56450.1,3664.0,2299726.0,3664.0,3663.75
139,1218100633.0,3663.5,53621.696,3664.0,2314537.957,3664.0,3663.75
140,1218100634.0,3663.5,45951.571,3664.0,1743920.476,3664.0,3663.75
141,1218100635.0,3663.5,35515.318,3664.0,1644391.636,3664.0,3663.75
142,1218100636.0,3663.5,38862.222,3664.0,1620866.889,3664.0,3663.75
143,1218100637.0,3663.5,32228.6,3664.0,1651651.2,3664.0,3663.75
144,1218100638.0,3663.5,31266.889,3664.0,1667261.0,3664.0,3663.75
145,1218100639.0,3663.5,31172.4,3664.0,1670646.8,3664.0,3663.75
146,1218100640.0,3663.5,31166.0,3664.0,1672945.556,3664.0,3663.75
147,1218100641.0,3663.5,35888.375,3664.0,1667424.333,3664.0,3663.75
148,1218100642.0,3663.5,57243.875,3664.0,1669237.5,3664.0,3663.75
149,1218100643.0,3663.5,60885.857,3664.0,1672968.429,3664.0,3663.75
150,1218100644.0,3663.5,39108.5,3664.0,1685230.333,3664.0,3663.75
151,1218100645.0,3663.5,27086.0,3664.0,1683669.727,3664.0,3663.75
152,1218100646.0,3663.5,26431.5,3664.0,1689447.0,3664.0,3663.75
153,1218100647.0,3663.0,28761.478,3663.5,95404.043,3663.5,3663.25
154,1218100648.0,3662.04,77580.24,3662.673,233720.48,3663.5,3663.25
155,1218100649.0,3662.0,77432.562,3662.5,498126.37,3662.5,3662.25
156,1218100650.0,3662.0,36103.955,3662.5,521642.0,3662.5,3662.25
157,1218100651.0,3662.0,75994.368,3662.5,595138.368,3662.5,3662.25
158,1218100652.0,3662.0,96129.059,3662.5,603812.824,3662.5,3662.25
159,1218100653.0,3662.0,212551.65,3662.5,552080.05,3662.5,3662.25
160,1218100654.0,3662.0,318537.111,3662.5,482573.889,3662.5,3662.25
161,1218100655.0,3662.0,301329.375,3662.5,471055.5,3662.5,3662.25
162,1218100656.0,3662.0,289799.273,3662.5,450003.545,3662.5,3662.25
163,1218100657.0,3662.0,239721.931,3662.5,509668.379,3662.5,3662.25
164,1218100658.0,3662.0,129920.857,3662.5,533046.714,3662.5,3662.25
165,1218100659.0,3662.0,129640.0,3662.5,542974.273,3662.5,3662.25
166,1218100700.0,3662.0,100187.353,3662.5,540775.353,3662.5,3662.25
167,1218100701.0,3662.0,76142.462,3662.5,550494.615,3662.5,3662.25
168,1218100702.0,3662.0,63690.429,3662.5,554218.143,3662.5,3662.25
169,1218100703.0,3662.0,54278.889,3662.5,583968.667,3662.5,3662.25
170,1218100704.0,3660.995,97688.673,3661.509,299193.918,3662.5,3662.25
171,1218100705.0,3660.5,22020.09,3661.0,486241.7,3661.0,3660.75
172,1218100706.0,3660.5,38882.804,3661.0,764504.275,3661.0,3660.75
173,1218100707.0,3660.5,11276.6,3661.0,851706.04,3661.0,3660.75
174,1218100708.0,3660.5,49328.875,3661.0,748353.406,3661.0,3660.75
175,1218100709.0,3660.5,25288.788,3661.0,667230.091,3661.0,3660.75
176,1218100710.0,3660.5,7930.875,3661.0,669693.25,3661.0,3660.75
177,1218100711.0,3660.5,201812.6,3661.0,640582.8,3661.0,3660.75
178,1218100712.0,3660.5,217958.667,3661.0,629348.0,3661.0,3660.75
179,1218100713.0,3660.5,351739.529,3661.0,625251.706,3661.0,3660.75
180,1218100714.0,3660.5,422035.0,3661.0,628875.889,3661.0,3660.75
181,1218100715.0,3660.5,433464.2,3661.0,627116.6,3661.0,3660.75
182,1218100716.0,3660.5,439525.267,3661.0,618303.0,3661.0,3660.75
183,1218100717.0,3660.5,444915.0,3661.0,621828.667,3661.0,3660.75
184,1218100718.0,3660.5,464686.76,3661.0,496712.96,3661.0,3660.75
185,1218100719.0,3660.5,763498.687,3661.0,153755.09,3661.0,3660.75
186,1218100720.0,3661.333,552720.833,3662.417,73413.333,3661.0,3660.75
187,1218100721.0,3662.847,245417.297,3663.366,375169.515,3663.0,3662.75
188,1218100722.0,3663.5,277469.375,3664.0,862016.875,3664.0,3663.75
189,1218100723.0,3663.5,517179.336,3664.0,830306.935,3664.0,3663.75
190,1218100724.0,3663.5,900714.816,3664.0,829406.735,3664.0,3663.75
191,1218100725.0,3663.5,999629.714,3664.0,788907.19,3664.0,3663.75
192,1218100726.0,3663.5,913527.667,3664.0,655532.5,3664.0,3663.75
193,1218100727.0,3663.5,972932.0,3664.0,575090.846,3664.0,3663.75
194,1218100728.0,3663.5,1170866.867,3664.0,532277.333,3664.0,3663.75
195,1218100729.0,3663.5,1166805.615,3664.0,434958.923,3664.0,3663.75
196,1218100730.0,3663.5,1166822.4,3664.0,358386.0,3664.0,3663.75
197,1218100731.0,3663.676,984231.235,3664.176,216329.529,3664.0,3663.75
198,1218100732.0,3664.5,305065.2,3665.0,118093.9,3665.0,3664.75
199,1218100733.0,3664.5,396275.4,3665.0,114403.0,3665.0,3664.75
200,1218100734.0,3664.5,824799.253,3665.0,113118.988,3665.0,3664.75
201,1218100735.0,3664.5,1054755.746,3665.0,120498.887,3665.0,3664.75
202,1218100736.0,3664.5,1112986.156,3665.0,136937.156,3665.0,3664.75
203,1218100737.0,3664.5,1097105.828,3665.0,172320.69,3665.0,3664.75
204,1218100738.0,3664.5,1079972.276,3665.0,153195.966,3665.0,3664.75
205,1218100739.0,3664.5,1059110.462,3665.0,90036.692,3665.0,3664.75
206,1218100740.0,3664.5,1040253.0,3665.0,72642.115,3665.0,3664.75
207,1218100741.0,3664.5,1021939.125,3665.0,64173.875,3665.0,3664.75
208,1218100742.0,3664.5,1010773.8,3665.0,55690.8,3665.0,3664.75
209,1218100743.0,3664.5,1014362.391,3665.0,91186.87,3665.0,3664.75
210,1218100744.0,3664.5,1062927.586,3665.0,105567.931,3665.0,3664.75
211,1218100745.0,3665.417,606957.731,3665.936,85559.359,3665.0,3664.75
212,1218100746.0,3665.5,1196912.87,3666.0,88728.73,3666.0,3665.75
213,1218100747.0,3666.463,730841.222,3667.056,48795.778,3666.0,3665.75
214,1218100748.0,3668.0,340007.155,3668.5,13960.835,3668.5,3668.25
215,1218100749.0,3668.22,561601.12,3668.78,29780.84,3668.5,3668.25
216,1218100750.0,3668.5,249114.077,3669.0,5599.154,3669.0,3668.75
217,1218100751.0,3668.5,860776.57,3669.0,9190.0,3669.0,3668.75
218,1218100752.0,3668.5,1151693.621,3669.0,34597.414,3669.0,3668.75
219,1218100753.0,3668.5,1014968.462,3669.0,52770.923,3669.0,3668.75
220,1218100752.0,3668.5,1151693.621,3669.0,34597.414,3669.0,3668.75
221,1218100753.0,3668.5,1014968.462,3669.0,52770.923,3669.0,3668.75
222,1218100754.0,3670.31,282162.034,3671.621,43909.759,3671.5,3670.0
223,1218100755.0,3671.5,137399.864,3672.0,83607.182,3672.0,3671.75
224,1218100756.0,3671.5,442685.105,3672.0,110289.539,3672.0,3671.75
225,1218100757.0,3671.5,583357.029,3672.0,354066.143,3672.0,3671.75
226,1218100758.0,3671.5,563763.667,3672.0,501248.8,3672.0,3671.75
227,1218100759.0,3671.5,609795.923,3672.0,551507.846,3672.0,3671.75
228,1218100800.0,3671.5,557250.0,3672.0,561361.0,3672.0,3671.75
229,1218100801.0,3671.5,424802.538,3672.0,615716.154,3672.0,3671.75
230,1218100802.0,3671.26,215581.96,3671.76,761327.92,3672.0,3671.75
231,1218100803.0,3668.5,2966.0,3669.0,127703.364,3669.0,3668.75
232,1218100804.0,3668.5,80636.131,3669.0,284603.357,3669.0,3668.75
233,1218100803.0,3668.5,2966.0,3669.0,127703.364,3669.0,3668.75
234,1218100804.0,3668.5,80636.131,3669.0,284603.357,3669.0,3668.75
235,1218100805.0,3668.5,201415.598,3669.0,668933.561,3669.0,3668.75
236,1218100806.0,3668.5,142709.018,3669.0,622872.491,3669.0,3668.75
237,1218100807.0,3668.5,199264.105,3669.0,656941.421,3669.0,3668.75
238,1218100808.0,3668.5,122136.886,3669.0,756213.457,3669.0,3668.75
239,1218100809.0,3668.5,103984.1,3669.0,791734.0,3669.0,3668.75
240,1218100810.0,3668.5,78041.529,3669.0,784575.176,3669.0,3668.75
241,1218100811.0,3668.5,17671.292,3669.0,749319.292,3669.0,3668.75
242,1218100812.0,3667.556,86197.111,3668.056,194717.5,3669.0,3668.75
243,1218100813.0,3667.5,29964.0,3668.0,232723.25,3668.0,3667.75
244,1218100815.0,3667.5,28192.594,3668.0,293326.906,3668.0,3667.75
245,1218100816.0,3666.962,21347.372,3667.564,393549.731,3668.0,3667.75
246,1218100817.0,3664.5,62510.926,3665.0,135392.852,3665.0,3664.75
247,1218100818.0,3664.5,78770.682,3665.0,263366.439,3665.0,3664.75
248,1218100819.0,3664.5,274451.615,3665.0,537781.154,3665.0,3664.75
249,1218100820.0,3664.5,348688.0,3665.0,562298.077,3665.0,3664.75
250,1218100822.0,3664.5,281149.143,3665.0,533169.381,3665.0,3664.75
251,1218100823.0,3664.5,156063.405,3665.0,473495.929,3665.0,3664.75
252,1218100824.0,3664.5,138638.0,3665.0,489684.406,3665.0,3664.75
253,1218100825.0,3664.5,158242.688,3665.0,544914.562,3665.0,3664.75
254,1218100826.0,3664.5,132149.156,3665.0,580990.219,3665.0,3664.75
255,1218100827.0,3664.5,129476.5,3665.0,577270.5,3665.0,3664.75
256,1218100828.0,3664.5,140147.235,3665.0,558884.176,3665.0,3664.75
257,1218100829.0,3664.5,247885.793,3665.0,433189.655,3665.0,3664.75
258,1218100830.0,3664.5,351455.889,3665.0,362723.333,3665.0,3664.75
259,1218100831.0,3664.5,454381.529,3665.0,270021.255,3665.0,3664.75
260,1218100832.0,3664.5,694172.85,3665.0,170213.1,3665.0,3664.75
261,1218100833.0,3664.5,814352.68,3665.0,161169.04,3665.0,3664.75
262,1218100834.0,3664.914,498126.919,3665.419,5851.414,3665.0,3664.75
263,1218100835.0,3665.264,540461.833,3665.819,9772.861,3665.5,3665.25
264,1218100836.0,3665.976,250229.573,3666.495,9316.631,3666.0,3665.75
265,1218100837.0,3667.306,121712.639,3667.861,10625.278,3667.5,3667.25
266,1218100838.0,3667.663,344295.609,3668.174,13758.804,3668.0,3667.75
267,1218100839.0,3668.5,213023.233,3669.0,68475.267,3669.0,3668.75
268,1218100840.0,3668.5,405521.062,3669.0,64986.926,3669.0,3668.75
269,1218100841.0,3668.5,792434.643,3669.0,74929.143,3669.0,3668.75
270,1218100844.0,3668.5,936827.5,3669.0,73596.25,3669.0,3668.75
271,1218100845.0,3668.5,987941.872,3669.0,54249.489,3669.0,3668.75
272,1218100846.0,3668.5,840494.984,3669.0,64803.262,3669.0,3668.75
273,1218100847.0,3668.5,769091.524,3669.0,121044.81,3669.0,3668.75
274,1218100848.0,3668.5,697342.625,3669.0,151357.667,3669.0,3668.75
275,1218100849.0,3668.5,605731.0,3669.0,317681.714,3669.0,3668.75
276,1218100850.0,3668.5,487634.438,3669.0,333370.625,3669.0,3668.75
277,1218100851.0,3668.5,449413.36,3669.0,406634.36,3669.0,3668.75
278,1218100852.0,3668.5,472132.9,3669.0,451578.6,3669.0,3668.75
279,1218100853.0,3668.5,465925.917,3669.0,452279.083,3669.0,3668.75
280,1218100854.0,3668.5,467481.758,3669.0,456475.667,3669.0,3668.75
281,1218100857.0,3668.5,505465.619,3669.0,439381.667,3669.0,3668.75
282,1218100858.0,3668.5,487098.391,3669.0,418188.13,3669.0,3668.75
283,1218100859.0,3668.5,470843.4,3669.0,372754.6,3669.0,3668.75
284,1218100901.0,3668.5,470720.214,3669.0,344256.0,3669.0,3668.75
285,1218100902.0,3668.5,454587.714,3669.0,382479.786,3669.0,3668.75
286,1218100903.0,3668.5,457534.75,3669.0,389057.917,3669.0,3668.75
287,1218100904.0,3668.5,466126.425,3669.0,402077.175,3669.0,3668.75
288,1218100905.0,3668.5,420647.0,3669.0,479250.083,3669.0,3668.75
289,1218100906.0,3668.5,399921.0,3669.0,470947.0,3669.0,3668.75
290,1218100907.0,3668.5,166674.824,3669.0,539245.353,3669.0,3668.75
291,1218100908.0,3667.767,59503.867,3668.267,223899.6,3669.0,3668.75
292,1218100909.0,3667.5,49319.057,3668.0,374850.771,3668.0,3667.75
293,1218100910.0,3667.5,15274.0,3668.0,704390.5,3668.0,3667.75
294,1218100912.0,3667.321,12924.821,3667.833,478082.564,3668.0,3667.75
295,1218100913.0,3666.604,40727.583,3667.104,203370.396,3667.5,3667.25
296,1218100914.0,3666.5,22836.506,3667.0,463203.143,3667.0,3666.75
297,1218100915.0,3666.5,173900.333,3667.0,409420.556,3667.0,3666.75
298,1218100916.0,3666.5,229223.833,3667.0,423049.267,3667.0,3666.75
299,1218100917.0,3666.5,261481.154,3667.0,218676.231,3667.0,3666.75
300,1218100918.0,3666.5,443316.022,3667.0,141029.804,3667.0,3666.75
301,1218100919.0,3666.5,564798.714,3667.0,121604.786,3667.0,3666.75
302,1218100920.0,3666.5,482876.824,3667.0,103720.353,3667.0,3666.75
303,1218100921.0,3666.5,520529.316,3667.0,91503.263,3667.0,3666.75
304,1218100920.0,3666.5,482876.824,3667.0,103720.353,3667.0,3666.75
305,1218100921.0,3666.5,520529.316,3667.0,91503.263,3667.0,3666.75
306,1218100922.0,3666.5,538024.143,3667.0,95441.643,3667.0,3666.75
307,1218100923.0,3666.5,514733.333,3667.0,95497.167,3667.0,3666.75
308,1218100924.0,3666.714,312560.405,3667.226,43576.69,3667.0,3666.75
309,1218100925.0,3667.0,215920.842,3667.5,2860.0,3667.5,3667.25
310,1218100926.0,3667.0,488230.183,3667.5,155076.583,3667.5,3667.25
311,1218100927.0,3667.0,547833.083,3667.5,233408.417,3667.5,3667.25
312,1218100928.0,3667.0,520252.421,3667.5,306857.789,3667.5,3667.25
313,1218100929.0,3667.0,520559.182,3667.5,306328.182,3667.5,3667.25
314,1218100930.0,3667.0,549796.833,3667.5,283704.0,3667.5,3667.25
315,1218100931.0,3667.0,619491.545,3667.5,239667.409,3667.5,3667.25
316,1218100932.0,3667.0,592162.5,3667.5,218185.5,3667.5,3667.25
317,1218100933.0,3667.0,608035.444,3667.5,216874.667,3667.5,3667.25
318,1218100934.0,3667.0,609808.308,3667.5,215843.692,3667.5,3667.25
319,1218100935.0,3667.0,599680.0,3667.5,211256.5,3667.5,3667.25
320,1218100936.0,3667.0,615389.25,3667.5,212654.333,3667.5,3667.25
321,1218100937.0,3667.0,630517.0,3667.5,208578.8,3667.5,3667.25
322,1218100938.0,3667.0,635453.0,3667.5,204379.0,3667.5,3667.25
323,1218100939.0,3667.0,630925.0,3667.5,203630.75,3667.5,3667.25
324,1218100940.0,3667.0,634575.0,3667.5,197421.2,3667.5,3667.25
325,1218100941.0,3667.0,639798.077,3667.5,187007.615,3667.5,3667.25
326,1218100942.0,3667.0,634365.0,3667.5,199624.0,3667.5,3667.25
327,1218100943.0,3667.0,647682.0,3667.5,189765.0,3667.5,3667.25
328,1218100944.0,3667.0,672554.667,3667.5,184026.833,3667.5,3667.25
329,1218100945.0,3667.0,690139.25,3667.5,175586.583,3667.5,3667.25
330,1218100946.0,3667.0,699171.385,3667.5,168622.077,3667.5,3667.25
331,1218100947.0,3667.0,691606.0,3667.5,176960.4,3667.5,3667.25
332,1218100948.0,3667.0,691806.0,3667.5,176924.0,3667.5,3667.25
333,1218100949.0,3667.0,691684.111,3667.5,162597.889,3667.5,3667.25
334,1218100950.0,3667.0,694018.875,3667.5,142890.25,3667.5,3667.25
335,1218100951.0,3667.0,691713.083,3667.5,122932.667,3667.5,3667.25
336,1218100952.0,3667.0,677312.8,3667.5,135597.5,3667.5,3667.25
337,1218100953.0,3667.0,677452.0,3667.5,123395.25,3667.5,3667.25
338,1218100954.0,3667.0,678752.0,3667.5,131137.0,3667.5,3667.25
339,1218100955.0,3667.0,679559.812,3667.5,193770.875,3667.5,3667.25
340,1218100956.0,3667.0,711882.8,3667.5,183043.6,3667.5,3667.25
341,1218100957.0,3667.0,725870.733,3667.5,194663.2,3667.5,3667.25
342,1218100958.0,3667.0,762267.364,3667.5,194930.0,3667.5,3667.25
343,1218100959.0,3667.0,771638.667,3667.5,194931.0,3667.5,3667.25
344,1218101000.0,3667.0,725356.0,3667.5,246217.0,3667.5,3667.25
345,1218101001.0,3667.0,788855.025,3667.5,198924.225,3667.5,3667.25
346,1218101002.0,3667.0,848046.625,3667.5,142500.344,3667.5,3667.25
347,1218101003.0,3667.0,964335.954,3667.5,92549.585,3667.5,3667.25
348,1218101004.0,3667.041,1083973.694,3667.541,28298.041,3667.5,3667.25
349,1218101005.0,3667.5,184125.242,3668.0,41351.485,3668.0,3667.75
350,1218101006.0,3667.7,215720.867,3668.2,19615.133,3668.0,3667.75
351,1218101007.0,3668.095,288213.532,3668.613,4523.532,3668.5,3668.25
352,1218101008.0,3669.304,164227.109,3669.826,8344.543,3669.0,3668.75
353,1218101009.0,3669.5,205720.7,3670.0,7508.0,3670.0,3669.75
354,1218101014.0,3669.5,222425.429,3670.0,7376.429,3670.0,3669.75
355,1218101015.0,3669.5,293877.061,3670.0,7311.818,3670.0,3669.75
356,1218101016.0,3669.75,427742.654,3670.269,8666.096,3670.0,3669.75
357,1218101017.0,3670.625,97669.143,3671.232,6663.571,3671.0,3670.75
358,1218101018.0,3671.0,152093.048,3671.5,16067.857,3671.5,3671.25
359,1218101019.0,3671.0,258386.733,3671.5,1446.556,3671.5,3671.25
360,1218101020.0,3671.0,411244.118,3671.5,64336.353,3671.5,3671.25
361,1218101021.0,3671.0,502977.31,3671.5,217619.241,3671.5,3671.25
362,1218101024.0,3671.0,561982.0,3671.5,275588.0,3671.5,3671.25
363,1218101025.0,3671.0,528155.559,3671.5,233882.0,3671.5,3671.25
364,1218101026.0,3671.0,443770.311,3671.5,183358.467,3671.5,3671.25
365,1218101027.0,3671.0,403785.026,3671.5,279220.895,3671.5,3671.25
366,1218101028.0,3671.0,386862.909,3671.5,237571.636,3671.5,3671.25
367,1218101029.0,3673.024,93459.762,3673.667,39445.905,3672.5,3671.75
368,1218101030.0,3675.719,51769.688,3676.25,19387.5,3676.0,3675.75
369,1218101031.0,3676.0,110701.65,3676.5,41985.775,3676.5,3676.25
370,1218101032.0,3676.0,131615.36,3676.5,76826.08,3676.5,3676.25
371,1218101033.0,3676.0,277453.074,3676.5,112661.037,3676.5,3676.25
372,1218101034.0,3676.0,389308.235,3676.5,75829.853,3676.5,3676.25
373,1218101038.0,3676.0,402653.371,3676.5,121455.371,3676.5,3676.25
374,1218101039.0,3676.0,382163.289,3676.5,336602.974,3676.5,3676.25
375,1218101040.0,3676.0,362395.575,3676.5,514640.275,3676.5,3676.25
376,1218101041.0,3675.714,99935.429,3676.25,303258.69,3676.5,3676.25
377,1218101042.0,3675.111,52969.411,3675.626,180047.621,3676.0,3675.75
378,1218101043.0,3673.819,58817.234,3674.324,184625.574,3674.5,3674.25
379,1218101044.0,3673.5,7095.97,3674.0,477518.672,3674.0,3673.75
380,1218101049.0,3673.5,115275.25,3674.0,780470.167,3674.0,3673.75
381,1218101050.0,3673.5,82512.983,3674.0,762476.466,3674.0,3673.75
382,1218101051.0,3673.5,79355.015,3674.0,681400.077,3674.0,3673.75
383,1218101052.0,3673.5,163979.576,3674.0,625802.182,3674.0,3673.75
384,1218101053.0,3673.5,72615.32,3674.0,603929.12,3674.0,3673.75
385,1218101054.0,3673.5,109186.231,3674.0,573704.308,3674.0,3673.75
386,1218101055.0,3673.5,146965.167,3674.0,581211.556,3674.0,3673.75
387,1218101056.0,3673.5,185356.214,3674.0,582037.071,3674.0,3673.75
388,1218101057.0,3673.5,210688.238,3674.0,580491.0,3674.0,3673.75
389,1218101058.0,3673.5,194871.522,3674.0,566452.783,3674.0,3673.75
390,1218101059.0,3673.5,225101.704,3674.0,503456.963,3674.0,3673.75
391,1218101100.0,3673.5,239922.0,3674.0,424575.0,3674.0,3673.75
392,1218101101.0,3673.5,295721.481,3674.0,416802.444,3674.0,3673.75
393,1218101102.0,3673.5,323654.25,3674.0,401236.75,3674.0,3673.75
394,1218101103.0,3673.5,343800.556,3674.0,377952.778,3674.0,3673.75
395,1218101104.0,3673.5,340363.462,3674.0,374903.538,3674.0,3673.75
396,1218101105.0,3673.5,323456.222,3674.0,373263.056,3674.0,3673.75
397,1218101106.0,3673.5,322128.192,3674.0,383749.192,3674.0,3673.75
398,1218101107.0,3673.5,327313.851,3674.0,409403.379,3674.0,3673.75
399,1218101108.0,3673.5,349845.087,3674.0,384387.652,3674.0,3673.75
400,1218101109.0,3673.5,410033.333,3674.0,364290.75,3674.0,3673.75
401,1218101110.0,3673.5,427286.826,3674.0,267901.783,3674.0,3673.75
402,1218101111.0,3673.5,439093.448,3674.0,197338.897,3674.0,3673.75
403,1218101112.0,3673.958,138605.417,3674.458,24410.583,3674.0,3673.75
404,1218101113.0,3674.662,58282.912,3675.382,17673.559,3674.5,3674.25
405,1218101114.0,3676.0,210160.18,3676.5,154548.117,3676.5,3676.25
406,1218101115.0,3676.0,336382.106,3676.5,422036.043,3676.5,3676.25
407,1218101116.0,3676.0,437284.0,3676.5,648645.837,3676.5,3676.25
408,1218101117.0,3676.0,346127.308,3676.5,716737.846,3676.5,3676.25
409,1218101118.0,3676.0,254020.529,3676.5,731633.588,3676.5,3676.25
410,1218101119.0,3676.0,192417.8,3676.5,786140.733,3676.5,3676.25
411,1218101120.0,3676.0,161963.091,3676.5,808097.091,3676.5,3676.25
412,1218101121.0,3676.0,158761.185,3676.5,812836.111,3676.5,3676.25
413,1218101122.0,3676.0,140186.538,3676.5,920602.923,3676.5,3676.25
414,1218101123.0,3676.0,137102.083,3676.5,940330.75,3676.5,3676.25
415,1218101124.0,3676.0,42407.722,3676.5,957009.5,3676.5,3676.25
416,1218101125.0,3675.536,2417.942,3676.036,460254.29,3676.5,3676.25
417,1218101126.0,3675.5,5502.721,3676.0,792507.233,3676.0,3675.75
418,1218101127.0,3675.015,24416.941,3675.52,408414.176,3676.0,3675.75
419,1218101128.0,3675.0,44031.533,3675.5,747020.067,3675.5,3675.25
420,1218101129.0,3675.0,42434.091,3675.5,690926.727,3675.5,3675.25
421,1218101130.0,3675.0,38256.0,3675.5,674802.0,3675.5,3675.25
422,1218101131.0,3674.576,84971.879,3675.076,391333.803,3675.5,3675.25
423,1218101132.0,3674.5,132614.317,3675.0,680162.902,3675.0,3674.75
424,1218101133.0,3674.5,176571.143,3675.0,757286.619,3675.0,3674.75
425,1218101134.0,3674.5,217369.636,3675.0,737145.091,3675.0,3674.75
426,1218101135.0,3674.5,256299.583,3675.0,731051.583,3675.0,3674.75
427,1218101136.0,3674.5,261941.389,3675.0,771275.278,3675.0,3674.75
428,1218101137.0,3674.5,341840.933,3675.0,688931.4,3675.0,3674.75
429,1218101138.0,3674.5,389921.2,3675.0,656766.333,3675.0,3674.75
430,1218101139.0,3674.5,397505.75,3675.0,647352.5,3675.0,3674.75
431,1218101140.0,3674.5,400646.0,3675.0,646383.0,3675.0,3674.75
432,1218101141.0,3674.5,400693.125,3675.0,643091.75,3675.0,3674.75
433,1218101142.0,3674.5,400881.667,3675.0,653636.333,3675.0,3674.75
434,1218101143.0,3674.5,418282.0,3675.0,659693.556,3675.0,3674.75
435,1218101144.0,3674.5,381041.842,3675.0,704559.684,3675.0,3674.75
436,1218101145.0,3674.5,318176.0,3675.0,745359.875,3675.0,3674.75
437,1218101146.0,3674.5,322145.933,3675.0,732498.933,3675.0,3674.75
438,1218101147.0,3674.5,344262.125,3675.0,754346.5,3675.0,3674.75
439,1218101148.0,3674.5,349002.333,3675.0,740907.333,3675.0,3674.75
440,1218101149.0,3674.5,396230.429,3675.0,738859.714,3675.0,3674.75
441,1218101150.0,3674.5,458374.0,3675.0,720201.778,3675.0,3674.75
442,1218101151.0,3674.5,455677.308,3675.0,706729.615,3675.0,3674.75
443,1218101152.0,3674.5,448754.75,3675.0,718403.0,3675.0,3674.75
444,1218101153.0,3674.5,437399.375,3675.0,706053.875,3675.0,3674.75
445,1218101154.0,3674.5,437271.312,3675.0,685984.375,3675.0,3674.75
446,1218101155.0,3674.5,476041.6,3675.0,633993.0,3675.0,3674.75
447,1218101156.0,3674.5,493256.429,3675.0,605809.571,3675.0,3674.75
448,1218101157.0,3674.5,530802.75,3675.0,536806.0,3675.0,3674.75
449,1218101158.0,3674.5,545464.0,3675.0,507047.667,3675.0,3674.75
450,1218101159.0,3674.5,546579.857,3675.0,533666.714,3675.0,3674.75
451,1218101201.0,3674.5,547473.364,3675.0,535442.0,3675.0,3674.75
452,1218101202.0,3674.5,549539.684,3675.0,567138.158,3675.0,3674.75
453,1218101203.0,3674.5,566169.632,3675.0,594317.579,3675.0,3674.75
454,1218101204.0,3674.5,484554.571,3675.0,577771.143,3675.0,3674.75
455,1218101205.0,3674.5,467045.9,3675.0,1291308.25,3675.0,3674.75
456,1218101206.0,3674.5,418787.077,3675.0,1629565.692,3675.0,3674.75
457,1218101207.0,3674.5,512323.0,3675.0,1630516.583,3675.0,3674.75
458,1218101208.0,3674.5,548982.263,3675.0,571770.368,3675.0,3674.75
459,1218101209.0,3674.5,573852.167,3675.0,512424.583,3675.0,3674.75
460,1218101210.0,3674.5,563493.385,3675.0,545459.769,3675.0,3674.75
461,1218101211.0,3674.5,596330.769,3675.0,478469.308,3675.0,3674.75
462,1218101212.0,3674.5,685902.538,3675.0,171290.115,3675.0,3674.75
463,1218101213.0,3676.2,307289.6,3676.75,86297.988,3675.0,3674.75
464,1218101214.0,3676.5,540919.265,3677.0,52400.082,3677.0,3676.75
465,1218101215.0,3676.5,604936.022,3677.0,43352.778,3677.0,3676.75
466,1218101216.0,3676.5,604241.148,3677.0,77249.185,3677.0,3676.75
467,1218101217.0,3676.5,650572.778,3677.0,62463.333,3677.0,3676.75
468,1218101218.0,3676.5,596435.293,3677.0,39506.244,3677.0,3676.75
469,1218101219.0,3676.5,582408.833,3677.0,21369.167,3677.0,3676.75
470,1218101220.0,3676.5,585147.875,3677.0,55683.375,3677.0,3676.75
471,1218101221.0,3676.5,589988.45,3677.0,88052.15,3677.0,3676.75
472,1218101222.0,3677.217,311326.783,3678.0,107624.565,3677.0,3676.75
473,1218101223.0,3678.346,76943.077,3679.0,91492.154,3679.0,3678.5
474,1218101224.0,3679.202,297869.212,3679.737,232417.859,3679.0,3678.75
475,1218101225.0,3679.5,521662.862,3680.0,477958.241,3680.0,3679.75
476,1218101226.0,3679.5,564424.939,3680.045,260095.985,3680.0,3679.75
477,1218101227.0,3679.5,571070.702,3680.0,77097.809,3680.0,3679.75
478,1218101228.0,3679.819,387702.069,3680.371,48972.672,3680.0,3679.75
479,1218101229.0,3681.925,96690.521,3682.568,39113.644,3681.5,3681.25
480,1218101230.0,3682.5,120710.25,3683.0,16790.0,3683.0,3682.75
481,1218101231.0,3685.051,43706.551,3686.061,65445.531,3683.0,3682.75
482,1218101232.0,3688.639,44808.705,3689.27,48910.066,3689.0,3688.75
483,1218101233.0,3689.558,9065.769,3691.394,321818.692,3690.0,3689.5
484,1218101234.0,3690.882,28060.426,3691.537,201219.441,3692.0,3691.75
485,1218101235.0,3691.208,8739.583,3691.729,78072.625,3692.0,3691.75
486,1218101236.0,3690.615,13312.615,3691.192,24313.692,3691.0,3690.75
487,1218101237.0,3691.0,14257.108,3691.5,126843.568,3691.5,3691.25
488,1218101238.0,3690.741,136838.414,3691.259,92082.0,3691.5,3691.25
489,1218101239.0,3690.5,249991.889,3691.0,150657.861,3691.0,3690.75
490,1218101240.0,3690.5,241326.1,3691.0,184429.2,3691.0,3690.75
491,1218101242.0,3690.5,201883.0,3691.0,257768.0,3691.0,3690.75
492,1218101243.0,3690.5,200511.833,3691.0,255649.667,3691.0,3690.75
493,1218101244.0,3690.5,233823.759,3691.0,287202.63,3691.0,3690.75
494,1218101245.0,3690.265,153001.882,3690.765,255704.235,3691.0,3690.75
495,1218101246.0,3685.55,26673.9,3686.3,27689.2,3687.0,3686.75
496,1218101247.0,3685.897,11188.912,3687.309,17031.529,3688.0,3686.75
497,1218101248.0,3686.195,19135.322,3687.0,66523.797,3687.0,3686.0
498,1218101249.0,3686.5,133970.825,3687.0,166553.075,3687.0,3686.75
499,1218101250.0,3686.5,185510.519,3687.0,221911.0,3687.0,3686.75
500,1218101249.0,3686.5,133970.825,3687.0,166553.075,3687.0,3686.75
501,1218101250.0,3686.5,185510.519,3687.0,221911.0,3687.0,3686.75
502,1218101251.0,3686.5,194926.977,3687.0,232024.907,3687.0,3686.75
503,1218101252.0,3686.5,160788.571,3687.0,276856.51,3687.0,3686.75
504,1218101253.0,3686.5,139847.146,3687.0,431236.268,3687.0,3686.75
505,1218101254.0,3686.5,237965.016,3687.0,427053.397,3687.0,3686.75
506,1218101255.0,3686.5,343318.462,3687.0,482836.692,3687.0,3686.75
507,1218101256.0,3686.5,454673.46,3687.0,335884.16,3687.0,3686.75
508,1218101257.0,3686.5,430089.098,3687.0,240509.512,3687.0,3686.75
509,1218101258.0,3686.5,402190.182,3687.0,243843.227,3687.0,3686.75
510,1218101259.0,3686.5,479389.2,3687.0,223964.92,3687.0,3686.75
511,1218101300.0,3686.5,508183.0,3687.0,223904.0,3687.0,3686.75
512,1218101303.0,3686.5,516997.806,3687.0,145635.355,3687.0,3686.75
513,1218101304.0,3686.723,348197.617,3687.319,94367.489,3687.0,3686.75
514,1218101305.0,3687.485,69120.164,3688.0,114697.388,3688.0,3687.5
515,1218101306.0,3687.5,286415.338,3688.0,128963.588,3688.0,3687.75
516,1218101307.0,3687.5,478262.288,3688.0,172351.015,3688.0,3687.75
517,1218101308.0,3687.5,719771.085,3688.0,138193.064,3688.0,3687.75
518,1218101309.0,3687.5,802144.714,3688.0,202332.5,3688.0,3687.75
519,1218101310.0,3687.5,781414.102,3688.0,133806.571,3688.0,3687.75
520,1218101311.0,3687.5,670326.955,3688.0,128055.682,3688.0,3687.75
521,1218101312.0,3687.5,684595.227,3688.0,141538.045,3688.0,3687.75
522,1218101313.0,3687.5,660854.0,3688.0,134482.0,3688.0,3687.75
523,1218101315.0,3687.5,664470.0,3688.0,139961.455,3688.0,3687.75
524,1218101316.0,3687.5,768277.408,3688.0,153767.143,3688.0,3687.75
525,1218101317.0,3687.5,788250.719,3688.0,215227.25,3688.0,3687.75
526,1218101318.0,3687.5,850193.0,3688.0,247761.806,3688.0,3687.75
527,1218101319.0,3687.5,897438.143,3688.0,229973.536,3688.0,3687.75
528,1218101320.0,3687.5,924824.316,3688.0,221337.737,3688.0,3687.75
529,1218101321.0,3687.5,911899.529,3688.0,155728.059,3688.0,3687.75
530,1218101322.0,3687.5,849634.88,3688.0,181829.68,3688.0,3687.75
531,1218101323.0,3687.5,841547.071,3688.0,156040.643,3688.0,3687.75
532,1218101324.0,3687.5,852277.545,3688.0,142017.182,3688.0,3687.75
533,1218101325.0,3687.5,837859.524,3688.0,151427.619,3688.0,3687.75
534,1218101326.0,3687.5,864035.75,3688.0,131007.85,3688.0,3687.75
535,1218101327.0,3687.5,827165.0,3688.0,162657.217,3688.0,3687.75
536,1218101328.0,3687.5,747734.294,3688.0,249605.0,3688.0,3687.75
537,1218101329.0,3687.5,725116.762,3688.0,279186.095,3688.0,3687.75
538,1218101330.0,3687.5,695514.0,3688.0,289418.0,3688.0,3687.75
539,1218101331.0,3687.5,715951.147,3688.0,302412.676,3688.0,3687.75
540,1218101332.0,3687.5,784446.667,3688.0,269307.0,3688.0,3687.75
541,1218101333.0,3687.5,752758.2,3688.0,235841.8,3688.0,3687.75
542,1218101334.0,3687.5,844206.905,3688.0,184556.714,3688.0,3687.75
543,1218101335.0,3687.5,892338.438,3688.0,178825.625,3688.0,3687.75
544,1218101336.0,3687.5,952673.562,3688.0,87457.25,3688.0,3687.75
545,1218101337.0,3687.825,430177.75,3688.325,19086.75,3688.0,3687.75
546,1218101338.0,3688.144,184319.577,3688.654,60543.231,3688.5,3688.25
547,1218101339.0,3688.5,591207.156,3689.0,162608.617,3689.0,3688.75
548,1218101340.0,3688.5,962562.083,3689.0,163044.583,3689.0,3688.75
549,1218101341.0,3688.5,943562.0,3689.0,146479.564,3689.0,3688.75
550,1218101342.0,3688.5,964129.2,3689.0,137178.16,3689.0,3688.75
551,1218101343.0,3688.5,929272.267,3689.0,141768.311,3689.0,3688.75
552,1218101344.0,3688.5,1006993.412,3689.0,134168.059,3689.0,3688.75
553,1218101345.0,3688.5,1002547.846,3689.0,101837.077,3689.0,3688.75
554,1218101346.0,3688.5,1075439.059,3689.0,48213.118,3689.0,3688.75
555,1218101347.0,3688.9,260640.8,3689.5,41519.0,3689.5,3689.0
556,1218101348.0,3689.406,140135.625,3689.917,211273.0,3689.5,3689.25
557,1218101349.0,3689.5,526872.265,3690.0,216652.316,3690.0,3689.75
558,1218101350.0,3689.5,830353.589,3690.0,214982.712,3690.0,3689.75
559,1218101351.0,3689.5,923607.034,3690.0,252625.138,3690.0,3689.75
560,1218101352.0,3689.5,877233.618,3690.0,284083.324,3690.0,3689.75
561,1218101353.0,3689.5,916718.5,3690.0,329931.5,3690.0,3689.75
562,1218101355.0,3689.5,928016.333,3690.0,326357.333,3690.0,3689.75
563,1218101356.0,3689.5,926397.76,3690.0,331184.8,3690.0,3689.75
564,1218101357.0,3689.5,918873.159,3690.0,338168.636,3690.0,3689.75
565,1218101358.0,3689.5,966988.367,3690.0,454795.204,3690.0,3689.75
566,1218101359.0,3689.5,1048296.154,3690.0,386934.654,3690.0,3689.75
567,1218101400.0,3689.5,1012465.64,3690.0,336902.8,3690.0,3689.75
568,1218101401.0,3689.5,952311.636,3690.0,379262.273,3690.0,3689.75
569,1218101402.0,3689.5,931134.85,3690.0,351050.0,3690.0,3689.75
570,1218101403.0,3689.5,816066.209,3690.0,266665.279,3690.0,3689.75
571,1218101404.0,3689.5,838775.75,3690.0,306181.875,3690.0,3689.75
572,1218101405.0,3689.5,808172.214,3690.0,264744.393,3690.0,3689.75
573,1218101406.0,3689.5,674185.261,3690.0,358565.609,3690.0,3689.75
574,1218101407.0,3689.5,595966.514,3690.0,444896.189,3690.0,3689.75
575,1218101408.0,3689.5,503188.263,3690.0,450945.158,3690.0,3689.75
576,1218101409.0,3689.5,454480.375,3690.0,435584.5,3690.0,3689.75
577,1218101410.0,3689.405,198797.762,3689.905,429353.952,3690.0,3689.75
578,1218101411.0,3688.121,32951.243,3688.721,141405.643,3689.0,3688.75
579,1218101412.0,3688.0,42324.758,3688.5,278534.903,3688.5,3688.25
580,1218101413.0,3688.0,62949.158,3688.5,634702.934,3688.5,3688.25
581,1218101414.0,3688.0,241115.805,3688.5,774211.61,3688.5,3688.25
582,1218101415.0,3688.0,249369.55,3688.5,801105.05,3688.5,3688.25
583,1218101416.0,3688.0,157515.509,3688.5,812718.719,3688.5,3688.25
584,1218101417.0,3688.0,180664.167,3688.5,900080.367,3688.5,3688.25
585,1218101418.0,3688.0,204632.278,3688.5,912600.111,3688.5,3688.25
586,1218101419.0,3688.0,147789.0,3688.5,912442.0,3688.5,3688.25
587,1218101421.0,3688.0,169746.375,3688.5,866714.062,3688.5,3688.25
588,1218101422.0,3688.0,185765.98,3688.5,722801.28,3688.5,3688.25
589,1218101423.0,3688.0,179061.619,3688.5,715096.143,3688.5,3688.25
590,1218101424.0,3688.0,132146.053,3688.5,765799.316,3688.5,3688.25
591,1218101425.0,3688.0,160748.25,3688.5,732471.875,3688.5,3688.25
592,1218101426.0,3688.0,207573.771,3688.5,677649.857,3688.5,3688.25
593,1218101427.0,3688.0,136089.19,3688.5,689966.476,3688.5,3688.25
594,1218101428.0,3688.0,150370.762,3688.5,692643.429,3688.5,3688.25
595,1218101429.0,3688.0,130194.61,3688.5,715972.171,3688.5,3688.25
596,1218101430.0,3688.0,112796.0,3688.5,748899.0,3688.5,3688.25
597,1218101431.0,3688.0,152963.714,3688.5,765563.857,3688.5,3688.25
598,1218101432.0,3688.0,167614.429,3688.5,811541.5,3688.5,3688.25
599,1218101433.0,3688.0,125072.05,3688.5,805371.7,3688.5,3688.25
600,1218101434.0,3688.0,121052.344,3688.5,775434.0,3688.5,3688.25
601,1218101435.0,3688.0,120549.188,3688.5,816034.438,3688.5,3688.25
602,1218101436.0,3688.0,131845.154,3688.5,815340.346,3688.5,3688.25
603,1218101437.0,3688.0,181366.875,3688.5,788260.875,3688.5,3688.25
604,1218101438.0,3688.0,175464.917,3688.5,795089.333,3688.5,3688.25
605,1218101439.0,3688.0,171077.062,3688.5,784503.188,3688.5,3688.25
606,1218101440.0,3688.0,146280.0,3688.5,768093.8,3688.5,3688.25
607,1218101441.0,3688.0,127330.037,3688.5,768115.481,3688.5,3688.25
608,1218101442.0,3688.0,142724.6,3688.5,763676.25,3688.5,3688.25
609,1218101443.0,3688.0,137232.304,3688.5,747045.478,3688.5,3688.25
610,1218101444.0,3688.0,126979.326,3688.5,750380.884,3688.5,3688.25
611,1218101445.0,3688.0,145341.471,3688.5,739753.529,3688.5,3688.25
612,1218101446.0,3688.0,128531.318,3688.5,712503.455,3688.5,3688.25
613,1218101447.0,3688.0,93729.875,3688.5,688794.562,3688.5,3688.25
614,1218101448.0,3688.0,140907.091,3688.5,701277.136,3688.5,3688.25
615,1218101449.0,3688.0,166450.864,3688.5,687974.182,3688.5,3688.25
616,1218101450.0,3688.0,169639.2,3688.5,673419.0,3688.5,3688.25
617,1218101451.0,3688.0,109055.105,3688.5,645750.579,3688.5,3688.25
618,1218101452.0,3688.0,100948.778,3688.5,624511.222,3688.5,3688.25
619,1218101453.0,3688.0,65289.188,3688.5,627924.75,3688.5,3688.25
620,1218101454.0,3688.0,174397.226,3688.5,581873.548,3688.5,3688.25
621,1218101455.0,3688.0,219666.4,3688.5,483682.76,3688.5,3688.25
622,1218101456.0,3688.0,254110.385,3688.5,362312.038,3688.5,3688.25
623,1218101457.0,3688.0,438651.548,3688.5,231958.419,3688.5,3688.25
624,1218101458.0,3688.5,271819.1,3689.0,110062.26,3689.0,3688.75
625,1218101459.0,3689.162,462947.013,3689.675,70990.091,3689.0,3688.75
626,1218101500.0,3689.5,588731.333,3690.0,41831.667,3690.0,3689.75
627,1218101501.0,3689.786,303518.686,3690.343,17343.143,3690.0,3689.75
628,1218101502.0,3690.0,215596.417,3690.5,7352.667,3690.5,3690.25
629,1218101503.0,3690.0,555505.033,3690.5,116104.0,3690.5,3690.25
630,1218101504.0,3690.0,801006.152,3690.5,187969.5,3690.5,3690.25
631,1218101505.0,3690.0,700876.151,3690.5,314277.302,3690.5,3690.25
632,1218101506.0,3690.0,535647.5,3690.5,433229.167,3690.5,3690.25
633,1218101507.0,3690.0,388519.811,3690.5,529180.216,3690.5,3690.25
634,1218101508.0,3690.0,391082.933,3690.5,637827.133,3690.5,3690.25
635,1218101509.0,3690.0,409608.722,3690.5,665731.944,3690.5,3690.25
636,1218101510.0,3690.0,399370.48,3690.5,671420.88,3690.5,3690.25
637,1218101511.0,3690.0,358159.688,3690.5,667263.875,3690.5,3690.25
638,1218101512.0,3690.0,304764.357,3690.5,696905.571,3690.5,3690.25
639,1218101513.0,3690.0,277949.182,3690.5,734731.636,3690.5,3690.25
640,1218101514.0,3690.0,252576.217,3690.5,769236.304,3690.5,3690.25
641,1218101515.0,3690.0,216637.636,3690.5,776668.636,3690.5,3690.25
642,1218101516.0,3690.0,210284.048,3690.5,766533.286,3690.5,3690.25
643,1218101517.0,3690.0,173997.444,3690.5,759975.278,3690.5,3690.25
644,1218101518.0,3690.0,158913.2,3690.5,757024.0,3690.5,3690.25
645,1218101519.0,3690.0,135112.462,3690.5,766342.846,3690.5,3690.25
646,1218101520.0,3690.0,96903.111,3690.5,753707.111,3690.5,3690.25
647,1218101521.0,3690.0,100382.9,3690.5,730791.2,3690.5,3690.25
648,1218101522.0,3690.0,95791.696,3690.5,733652.652,3690.5,3690.25
649,1218101523.0,3690.0,97316.727,3690.5,735571.182,3690.5,3690.25
650,1218101524.0,3690.0,253932.478,3690.5,661039.913,3690.5,3690.25
651,1218101525.0,3690.0,259243.818,3690.5,621491.091,3690.5,3690.25
652,1218101526.0,3690.0,250284.708,3690.5,636746.833,3690.5,3690.25
653,1218101527.0,3690.0,208699.722,3690.5,671986.444,3690.5,3690.25
654,1218101528.0,3690.0,177489.6,3690.5,682748.8,3690.5,3690.25
655,1218101529.0,3690.0,167927.6,3690.5,693620.7,3690.5,3690.25
656,1218101530.0,3690.0,165635.0,3690.5,701546.5,3690.5,3690.25
657,1218101531.0,3690.0,163997.238,3690.5,696487.81,3690.5,3690.25
658,1218101532.0,3689.5,112268.921,3690.0,334758.789,3690.0,3689.75
659,1218101533.0,3689.5,173165.491,3690.0,692713.545,3690.0,3689.75
660,1218101534.0,3689.444,269452.593,3690.0,648494.889,3690.0,3689.75
661,1218101535.0,3688.0,101138.104,3688.5,282341.182,3688.5,3688.25
662,1218101536.0,3688.0,78065.488,3688.5,645723.866,3688.5,3688.25
663,1218101537.0,3688.0,175730.846,3688.5,768502.538,3688.5,3688.25
664,1218101538.0,3688.0,234739.7,3688.5,746942.367,3688.5,3688.25
665,1218101537.0,3688.0,175730.846,3688.5,768502.538,3688.5,3688.25
666,1218101539.0,3688.0,306028.933,3688.5,735208.4,3688.5,3688.25
667,1218101540.0,3688.0,303066.941,3688.5,746781.176,3688.5,3688.25
668,1218101541.0,3688.0,314677.423,3688.5,742142.692,3688.5,3688.25
669,1218101542.0,3688.0,374909.222,3688.5,735112.222,3688.5,3688.25
670,1218101543.0,3688.0,375686.0,3688.5,742220.0,3688.5,3688.25
671,1218101544.0,3688.0,380237.556,3688.5,745850.667,3688.5,3688.25
672,1218101545.0,3688.0,382194.333,3688.5,758668.0,3688.5,3688.25
673,1218101546.0,3688.0,382972.409,3688.5,759211.136,3688.5,3688.25
674,1218101545.0,3688.0,382194.333,3688.5,758668.0,3688.5,3688.25
675,1218101546.0,3688.0,382972.409,3688.5,759211.136,3688.5,3688.25
676,1218101547.0,3688.0,331035.786,3688.5,835408.286,3688.5,3688.25
677,1218101548.0,3688.0,167446.615,3688.5,849831.154,3688.5,3688.25
678,1218101549.0,3688.0,158094.48,3688.5,805429.88,3688.5,3688.25
679,1218101550.0,3688.0,127285.909,3688.5,775794.909,3688.5,3688.25
680,1218101551.0,3688.0,118906.667,3688.5,766300.25,3688.5,3688.25
681,1218101552.0,3687.565,144141.919,3688.065,523668.29,3688.5,3688.25
682,1218101553.0,3687.5,223271.924,3688.0,674139.873,3688.0,3687.75
683,1218101554.0,3687.5,396479.0,3688.0,636617.875,3688.0,3687.75
684,1218101555.0,3687.5,421481.938,3688.0,574399.75,3688.0,3687.75
685,1218101556.0,3687.5,418144.714,3688.0,465430.381,3688.0,3687.75
686,1218101557.0,3687.5,404715.5,3688.0,458254.75,3688.0,3687.75
687,1218101558.0,3687.5,389232.0,3688.0,457928.0,3688.0,3687.75
688,1218101559.0,3687.5,476539.895,3688.0,350264.211,3688.0,3687.75
689,1218101600.0,3687.5,709052.0,3688.0,320044.0,3688.0,3687.75
690,1218101601.0,3687.5,736948.304,3688.0,287027.13,3688.0,3687.75
691,1218101602.0,3687.5,758538.25,3688.0,236715.458,3688.0,3687.75
692,1218101603.0,3687.5,816178.574,3688.0,50977.639,3688.0,3687.75
693,1218101604.0,3687.5,907450.622,3688.0,66998.822,3688.0,3687.75
694,1218101605.0,3687.957,667943.609,3688.522,72239.522,3688.0,3687.75
695,1218101606.0,3689.054,334452.738,3689.69,89622.155,3689.5,3689.25
696,1218101607.0,3690.5,337768.088,3691.0,81362.693,3691.0,3690.75
697,1218101608.0,3690.5,858130.587,3691.0,180456.4,3691.0,3690.75
698,1218101609.0,3690.5,950350.815,3691.0,141205.185,3691.0,3690.75
699,1218101610.0,3690.5,888414.375,3691.0,144347.482,3691.0,3690.75
700,1218101611.0,3690.5,897327.515,3691.0,112972.212,3691.0,3690.75
701,1218101612.0,3690.5,788316.4,3691.0,88341.4,3691.0,3690.75
702,1218101613.0,3690.5,785920.111,3691.0,77923.111,3691.0,3690.75
703,1218101614.0,3690.5,784132.174,3691.0,83627.13,3691.0,3690.75
704,1218101615.0,3690.722,588514.333,3691.333,91922.889,3691.0,3690.75
705,1218101616.0,3691.5,447506.869,3692.0,121712.402,3692.0,3691.75
706,1218101617.0,3691.5,870796.419,3692.0,179042.871,3692.0,3691.75
707,1218101618.0,3691.5,850864.409,3692.0,174209.591,3692.0,3691.75
708,1218101619.0,3691.5,853499.154,3692.0,134717.308,3692.0,3691.75
709,1218101620.0,3691.5,822939.542,3692.0,137362.646,3692.0,3691.75
710,1218101621.0,3691.5,743481.5,3692.0,314703.25,3692.0,3691.75
711,1218101622.0,3691.5,704224.4,3692.0,375283.4,3692.0,3691.75
712,1218101623.0,3691.5,724518.733,3692.0,428068.867,3692.0,3691.75
713,1218101624.0,3691.5,717854.4,3692.0,456519.333,3692.0,3691.75
714,1218101625.0,3691.5,610947.438,3692.0,695688.75,3692.0,3691.75
715,1218101626.0,3691.5,438552.349,3692.0,768575.209,3692.0,3691.75
716,1218101627.0,3691.111,101721.148,3691.741,738959.333,3692.0,3691.75
717,1218101628.0,3690.0,76422.324,3690.5,354656.535,3690.5,3690.25
718,1218101629.0,3690.0,11604.297,3690.5,572571.27,3690.5,3690.25
719,1218101630.0,3689.2,72848.2,3689.74,212986.44,3690.5,3690.25
720,1218101631.0,3689.0,48893.68,3689.5,460780.617,3689.5,3689.25
721,1218101632.0,3689.0,176469.326,3689.5,699164.442,3689.5,3689.25
722,1218101633.0,3689.0,231178.2,3689.5,605004.4,3689.5,3689.25
723,1218101634.0,3689.0,288906.125,3689.5,563291.0,3689.5,3689.25
724,1218101635.0,3689.0,319330.935,3689.5,539038.742,3689.5,3689.25
725,1218101636.0,3689.0,387082.345,3689.5,487996.586,3689.5,3689.25
726,1218101637.0,3689.0,440763.214,3689.5,463619.143,3689.5,3689.25
727,1218101638.0,3689.0,440217.4,3689.5,470313.5,3689.5,3689.25
728,1218101639.0,3689.0,438701.5,3689.5,466162.875,3689.5,3689.25
729,1218101640.0,3689.0,444387.111,3689.5,462674.778,3689.5,3689.25
730,1218101641.0,3689.0,458581.1,3689.5,455629.0,3689.5,3689.25
731,1218101642.0,3689.0,446356.5,3689.5,452449.6,3689.5,3689.25
732,1218101643.0,3689.0,439165.692,3689.5,475015.077,3689.5,3689.25
733,1218101644.0,3689.0,295212.607,3689.5,554026.607,3689.5,3689.25
734,1218101645.0,3689.0,321770.333,3689.5,549889.667,3689.5,3689.25
735,1218101646.0,3689.0,303339.583,3689.5,541954.0,3689.5,3689.25
736,1218101647.0,3689.0,279646.583,3689.5,546179.0,3689.5,3689.25
737,1218101648.0,3689.0,273188.0,3689.5,555679.0,3689.5,3689.25
738,1218101649.0,3689.0,271693.105,3689.5,567652.579,3689.5,3689.25
739,1218101650.0,3689.0,236819.929,3689.5,562392.143,3689.5,3689.25
740,1218101651.0,3689.0,235268.0,3689.5,545197.0,3689.5,3689.25
741,1218101652.0,3689.0,245230.312,3689.5,555416.875,3689.5,3689.25
742,1218101653.0,3689.0,204625.0,3689.5,549374.0,3689.5,3689.25
743,1218101654.0,3689.0,198140.0,3689.5,544129.0,3689.5,3689.25
744,1218101655.0,3689.0,202632.0,3689.5,546514.0,3689.5,3689.25
745,1218101656.0,3689.0,206525.091,3689.5,537677.636,3689.5,3689.25
746,1218101657.0,3689.0,163307.8,3689.5,606416.6,3689.5,3689.25
747,1218101658.0,3689.0,135768.571,3689.5,610375.714,3689.5,3689.25
748,1218101659.0,3689.0,96865.95,3689.5,631990.0,3689.5,3689.25
749,1218101700.0,3689.0,88223.0,3689.5,692040.0,3689.5,3689.25
750,1218101701.0,3689.0,83388.5,3689.5,733414.083,3689.5,3689.25
751,1218101702.0,3689.0,75672.955,3689.5,800952.591,3689.5,3689.25
752,1218101703.0,3689.0,75562.0,3689.5,877977.571,3689.5,3689.25
753,1218101704.0,3689.0,71435.812,3689.5,869942.5,3689.5,3689.25
754,1218101705.0,3689.0,35832.842,3689.5,900899.421,3689.5,3689.25
755,1218101706.0,3688.0,83971.571,3688.714,185799.571,3689.5,3688.75
756,1218101707.0,3688.0,91611.083,3688.5,452357.354,3688.5,3688.25
757,1218101708.0,3688.0,100365.934,3688.5,790322.492,3688.5,3688.25
758,1218101709.0,3686.5,52560.565,3687.0,151228.391,3687.0,3686.75
759,1218101710.0,3686.5,38232.88,3687.0,458816.74,3687.0,3686.75
760,1218101711.0,3686.478,29038.667,3687.0,724628.378,3687.0,3686.75
761,1218101712.0,3686.0,77447.702,3686.5,119726.149,3686.5,3686.25
762,1218101713.0,3686.0,37560.0,3686.5,299835.0,3686.5,3686.25
763,1218101714.0,3685.555,46181.782,3686.055,387540.827,3686.5,3686.25
764,1218101715.0,3685.5,43631.875,3686.0,639970.333,3686.0,3685.75
765,1218101716.0,3685.5,59089.706,3686.0,708716.922,3686.0,3685.75
766,1218101717.0,3685.5,79123.233,3686.0,886296.933,3686.0,3685.75
767,1218101718.0,3685.5,47583.214,3686.0,936976.643,3686.0,3685.75
768,1218101719.0,3685.5,24782.0,3686.0,937691.087,3686.0,3685.75
769,1218101720.0,3685.5,23616.565,3686.0,915447.043,3686.0,3685.75
770,1218101721.0,3685.5,22379.111,3686.0,934742.778,3686.0,3685.75
771,1218101722.0,3685.0,22267.556,3685.519,341248.185,3686.0,3685.75
772,1218101723.0,3684.5,1524.955,3685.0,397401.018,3685.0,3684.75
773,1218101724.0,3684.08,112516.568,3684.58,218524.159,3685.0,3684.75
774,1218101725.0,3684.0,93489.045,3684.5,505187.227,3684.5,3684.25
775,1218101726.0,3684.0,99992.635,3684.5,818712.683,3684.5,3684.25
776,1218101727.0,3684.0,83719.385,3684.5,914605.019,3684.5,3684.25
777,1218101728.0,3684.0,52037.704,3684.5,957774.926,3684.5,3684.25
778,1218101729.0,3683.867,35417.467,3684.433,856547.733,3684.5,3684.25
779,1218101731.0,3683.5,6284.0,3684.0,67806.0,3684.0,3683.75
780,1218101732.0,3683.175,29987.877,3683.684,129873.298,3684.0,3683.75
781,1218101733.0,3683.0,37525.167,3683.5,315959.2,3683.5,3683.25
782,1218101734.0,3683.0,134362.162,3683.5,347826.294,3683.5,3683.25
783,1218101735.0,3683.0,318078.522,3683.5,407476.913,3683.5,3683.25
784,1218101736.0,3683.0,412169.222,3683.5,537194.333,3683.5,3683.25
785,1218101738.0,3683.0,508502.111,3683.5,497698.889,3683.5,3683.25
786,1218101739.0,3683.0,554183.276,3683.5,426957.092,3683.5,3683.25
787,1218101740.0,3683.0,553015.889,3683.5,342713.333,3683.5,3683.25
788,1218101741.0,3683.0,633040.469,3683.5,243136.188,3683.5,3683.25
789,1218101742.0,3683.0,609793.667,3683.5,246455.0,3683.5,3683.25
790,1218101743.0,3683.0,589407.556,3683.5,178815.056,3683.5,3683.25
791,1218101744.0,3683.0,593161.686,3683.5,284043.714,3683.5,3683.25
792,1218101745.0,3683.0,623683.381,3683.5,295458.905,3683.5,3683.25
793,1218101746.0,3683.0,562604.531,3683.5,352067.406,3683.5,3683.25
794,1218101747.0,3683.0,337757.522,3683.5,482916.435,3683.5,3683.25
795,1218101748.0,3683.0,314138.143,3683.5,521706.071,3683.5,3683.25
796,1218101749.0,3683.0,235153.467,3683.5,511529.133,3683.5,3683.25
797,1218101750.0,3683.0,257767.2,3683.5,436550.0,3683.5,3683.25
798,1218101751.0,3683.0,287707.5,3683.5,418308.214,3683.5,3683.25
799,1218101752.0,3683.0,291014.7,3683.5,400817.9,3683.5,3683.25
800,1218101753.0,3683.0,399668.0,3683.5,408063.6,3683.5,3683.25
801,1218101754.0,3683.0,466667.091,3683.5,390220.182,3683.5,3683.25
802,1218101755.0,3683.0,501819.714,3683.5,390042.143,3683.5,3683.25
803,1218101756.0,3683.0,506745.167,3683.5,383360.417,3683.5,3683.25
804,1218101757.0,3683.0,511450.621,3683.5,1958511.448,3683.5,3683.25
805,1218101758.0,3683.0,513995.333,3683.5,2560172.667,3683.5,3683.25
806,1218101759.0,3683.0,502789.5,3683.5,2523125.5,3683.5,3683.25
807,1218101800.0,3683.0,501345.0,3683.5,2621283.0,3683.5,3683.25
808,1218101801.0,3683.0,462588.103,3683.5,2595329.207,3683.5,3683.25
809,1218101802.0,3683.0,450846.0,3683.5,2558462.8,3683.5,3683.25
810,1218101803.0,3683.0,439778.364,3683.5,2567582.182,3683.5,3683.25
811,1218101804.0,3683.0,332848.4,3683.5,2577769.3,3683.5,3683.25
812,1218101805.0,3683.0,293324.077,3683.5,2568229.615,3683.5,3683.25
813,1218101806.0,3683.0,288512.917,3683.5,2545522.917,3683.5,3683.25
814,1218101807.0,3683.0,296442.636,3683.5,2558592.636,3683.5,3683.25
815,1218101808.0,3683.0,431529.1,3683.5,2563235.1,3683.5,3683.25
816,1218101809.0,3683.0,412827.611,3683.5,2570576.389,3683.5,3683.25
817,1218101810.0,3683.0,309662.833,3683.5,2574613.833,3683.5,3683.25
818,1218101811.0,3683.0,253009.095,3683.5,1318342.048,3683.5,3683.25
819,1218101812.0,3683.0,148526.769,3683.5,529888.5,3683.5,3683.25
820,1218101813.0,3683.0,221617.045,3683.5,417616.94,3683.5,3683.25
821,1218101814.0,3683.162,419306.189,3683.676,131135.324,3683.5,3683.25
822,1218101815.0,3683.665,386470.075,3684.165,20114.226,3684.0,3683.75
823,1218101816.0,3684.5,407980.091,3685.0,71774.75,3685.0,3684.75
824,1218101817.0,3684.5,850181.655,3685.0,12322.4,3685.0,3684.75
825,1218101818.0,3684.5,1061974.217,3685.0,20360.391,3685.0,3684.75
826,1218101819.0,3684.963,363552.382,3685.478,67117.676,3685.0,3684.75
827,1218101820.0,3685.0,680989.407,3685.5,162436.407,3685.5,3685.25
828,1218101821.0,3685.0,638375.771,3685.5,339198.6,3685.5,3685.25
829,1218101822.0,3685.0,553466.769,3685.5,586852.385,3685.5,3685.25
830,1218101823.0,3685.0,411531.778,3685.5,659078.333,3685.5,3685.25
831,1218101824.0,3685.0,126866.571,3685.5,691061.238,3685.5,3685.25
832,1218101825.0,3685.0,116318.8,3685.5,721434.0,3685.5,3685.25
833,1218101826.0,3685.0,109919.556,3685.5,721766.37,3685.5,3685.25
834,1218101827.0,3685.0,95268.333,3685.5,692773.778,3685.5,3685.25
835,1218101828.0,3685.0,94006.867,3685.5,703952.333,3685.5,3685.25
836,1218101829.0,3685.0,94416.0,3685.5,701939.5,3685.5,3685.25
837,1218101830.0,3685.0,97601.818,3685.5,695877.818,3685.5,3685.25
838,1218101831.0,3685.0,95131.154,3685.5,680749.385,3685.5,3685.25
839,1218101832.0,3685.0,100545.235,3685.5,677134.941,3685.5,3685.25
840,1218101833.0,3685.0,124619.0,3685.5,671637.5,3685.5,3685.25
841,1218101834.0,3685.0,126181.0,3685.5,670039.286,3685.5,3685.25
842,1218101835.0,3685.0,120213.167,3685.5,667566.667,3685.5,3685.25
843,1218101836.0,3685.0,271229.31,3685.5,594652.759,3685.5,3685.25
844,1218101837.0,3685.0,393996.714,3685.5,565461.429,3685.5,3685.25
845,1218101838.0,3685.0,470292.417,3685.5,584263.833,3685.5,3685.25
846,1218101839.0,3685.0,465094.0,3685.5,583159.5,3685.5,3685.25
847,1218101840.0,3685.0,468845.833,3685.5,582619.667,3685.5,3685.25
848,1218101841.0,3685.0,507527.667,3685.5,570325.0,3685.5,3685.25
849,1218101842.0,3685.0,574231.545,3685.5,550044.182,3685.5,3685.25
850,1218101843.0,3685.0,588747.545,3685.5,444583.636,3685.5,3685.25
851,1218101844.0,3685.0,637059.743,3685.5,332034.914,3685.5,3685.25
852,1218101845.0,3685.0,637963.167,3685.5,367557.833,3685.5,3685.25
853,1218101846.0,3685.0,634395.846,3685.5,414809.333,3685.5,3685.25
854,1218101847.0,3685.0,635052.211,3685.5,390427.789,3685.5,3685.25
855,1218101848.0,3685.0,642627.385,3685.5,380929.846,3685.5,3685.25
856,1218101849.0,3685.0,677637.0,3685.5,382868.5,3685.5,3685.25
857,1218101850.0,3685.0,676253.176,3685.5,381579.353,3685.5,3685.25
858,1218101851.0,3685.0,682212.0,3685.5,378296.0,3685.5,3685.25
859,1218101852.0,3685.0,705227.385,3685.5,357636.692,3685.5,3685.25
860,1218101853.0,3685.0,803322.583,3685.5,277592.792,3685.5,3685.25
861,1218101854.0,3685.0,840525.364,3685.5,276988.818,3685.5,3685.25
862,1218101855.0,3685.0,804906.75,3685.5,315205.875,3685.5,3685.25
863,1218101856.0,3685.0,799830.385,3685.5,317589.538,3685.5,3685.25
864,1218101857.0,3685.0,804047.667,3685.5,229828.0,3685.5,3685.25
865,1218101858.0,3685.0,821880.333,3685.5,188176.8,3685.5,3685.25
866,1218101859.0,3685.0,856215.0,3685.5,119178.583,3685.5,3685.25
867,1218101900.0,3685.0,866715.0,3685.5,165835.0,3685.5,3685.25
868,1218101901.0,3685.0,863064.957,3685.5,180666.739,3685.5,3685.25
869,1218101902.0,3685.0,887862.0,3685.5,188365.2,3685.5,3685.25
870,1218101903.0,3685.0,869194.75,3685.5,203625.417,3685.5,3685.25
871,1218101904.0,3685.0,924369.0,3685.5,202870.529,3685.5,3685.25
872,1218101905.0,3685.0,940398.333,3685.5,189852.733,3685.5,3685.25
873,1218101906.0,3685.0,950325.0,3685.5,156059.429,3685.5,3685.25
874,1218101907.0,3685.0,962771.091,3685.5,144932.727,3685.5,3685.25
875,1218101908.0,3685.0,954499.286,3685.5,136643.0,3685.5,3685.25
876,1218101909.0,3685.0,972543.364,3685.5,123074.455,3685.5,3685.25
877,1218101910.0,3685.0,980848.5,3685.5,167492.0,3685.5,3685.25
878,1218101911.0,3685.0,988890.556,3685.5,159192.556,3685.5,3685.25
879,1218101912.0,3685.0,985735.0,3685.5,177653.4,3685.5,3685.25
880,1218101913.0,3685.0,986594.5,3685.5,196138.25,3685.5,3685.25
881,1218101914.0,3685.0,998401.143,3685.5,196497.286,3685.5,3685.25
882,1218101915.0,3685.0,980712.562,3685.5,192582.062,3685.5,3685.25
883,1218101916.0,3685.0,878271.0,3685.5,194285.0,3685.5,3685.25
884,1218101917.0,3685.0,891210.333,3685.5,201545.267,3685.5,3685.25
885,1218101918.0,3685.0,915847.545,3685.5,191280.273,3685.5,3685.25
886,1218101919.0,3685.0,906057.0,3685.5,189099.778,3685.5,3685.25
887,1218101920.0,3685.0,867424.0,3685.5,188617.0,3685.5,3685.25
888,1218101921.0,3685.0,844453.852,3685.5,255959.444,3685.5,3685.25
889,1218101922.0,3685.0,816475.8,3685.5,366319.0,3685.5,3685.25
890,1218101923.0,3685.0,811074.0,3685.5,339635.938,3685.5,3685.25
891,1218101924.0,3685.0,800171.727,3685.5,327759.455,3685.5,3685.25
892,1218101925.0,3685.0,682376.882,3685.5,402393.294,3685.5,3685.25
893,1218101926.0,3685.0,680292.567,3685.5,406900.333,3685.5,3685.25
894,1218101927.0,3685.0,713654.048,3685.5,403030.0,3685.5,3685.25
895,1218101928.0,3685.0,708410.211,3685.5,395640.737,3685.5,3685.25
896,1218101929.0,3685.0,760963.818,3685.5,279968.364,3685.5,3685.25
897,1218101930.0,3685.0,805152.0,3685.5,221042.0,3685.5,3685.25
898,1218101931.0,3685.0,892701.889,3685.5,208428.185,3685.5,3685.25
899,1218101932.0,3685.0,994653.0,3685.5,199464.833,3685.5,3685.25
900,1218101933.0,3685.0,962301.0,3685.5,180861.231,3685.5,3685.25
901,1218101934.0,3685.0,979912.222,3685.5,175739.667,3685.5,3685.25
902,1218101935.0,3685.0,961562.4,3685.5,155685.0,3685.5,3685.25
903,1218101936.0,3685.0,974599.708,3685.5,130634.833,3685.5,3685.25
904,1218101935.0,3685.0,961562.4,3685.5,155685.0,3685.5,3685.25
905,1218101936.0,3685.0,974599.708,3685.5,130634.833,3685.5,3685.25
906,1218101937.0,3685.0,1010273.667,3685.5,133938.267,3685.5,3685.25
907,1218101938.0,3685.0,1036215.889,3685.5,128980.833,3685.5,3685.25
908,1218101939.0,3685.0,1093717.476,3685.5,100123.952,3685.5,3685.25
909,1218101940.0,3685.0,1112086.2,3685.5,89389.9,3685.5,3685.25
910,1218101941.0,3685.0,1093491.0,3685.5,90170.944,3685.5,3685.25
911,1218101942.0,3685.0,1093534.538,3685.5,171922.385,3685.5,3685.25
912,1218101943.0,3685.0,1058249.143,3685.5,165979.071,3685.5,3685.25
913,1218101944.0,3685.0,1057877.0,3685.5,141440.65,3685.5,3685.25
914,1218101945.0,3685.0,1023896.25,3685.5,188706.125,3685.5,3685.25
915,1218101946.0,3685.0,1019915.286,3685.5,187269.476,3685.5,3685.25
916,1218101947.0,3685.0,1002816.333,3685.5,188865.25,3685.5,3685.25
917,1218101948.0,3685.0,1011139.455,3685.5,104909.455,3685.5,3685.25
918,1218101949.0,3685.0,1024147.182,3685.5,70510.182,3685.5,3685.25
919,1218101950.0,3685.0,966350.493,3685.529,59457.522,3685.5,3685.25
920,1218101951.0,3686.432,469232.136,3686.982,129557.173,3685.5,3685.25
921,1218101952.0,3687.0,541771.667,3687.5,332897.633,3687.5,3687.25
922,1218101953.0,3687.0,597376.104,3687.5,357305.042,3687.5,3687.25
923,1218101954.0,3687.0,609085.167,3687.5,354962.917,3687.5,3687.25
924,1218101955.0,3687.0,569227.457,3687.5,371720.371,3687.5,3687.25
925,1218101956.0,3687.0,578291.583,3687.5,420229.833,3687.5,3687.25
926,1218101957.0,3687.0,582976.923,3687.5,438300.231,3687.5,3687.25
927,1218101958.0,3687.0,562901.8,3687.5,439372.4,3687.5,3687.25
928,1218101959.0,3687.0,562981.0,3687.5,434312.0,3687.5,3687.25
929,1218102001.0,3687.0,548173.571,3687.5,393261.214,3687.5,3687.25
930,1218102002.0,3687.0,464302.231,3687.5,375521.538,3687.5,3687.25
931,1218102003.0,3687.0,455773.333,3687.5,326934.0,3687.5,3687.25
932,1218102004.0,3687.0,471951.364,3687.5,318548.182,3687.5,3687.25
933,1218102005.0,3687.0,441519.0,3687.5,312677.0,3687.5,3687.25
934,1218102006.0,3687.0,441539.875,3687.5,295202.0,3687.5,3687.25
935,1218102007.0,3687.0,445552.429,3687.5,302292.857,3687.5,3687.25
936,1218102008.0,3687.0,386558.8,3687.5,326437.3,3687.5,3687.25
937,1218102009.0,3687.0,335079.286,3687.5,183258.143,3687.5,3687.25
938,1218102010.0,3687.0,209668.417,3687.5,293646.0,3687.5,3687.25
939,1218102011.0,3687.0,315232.778,3687.5,381425.278,3687.5,3687.25
940,1218102012.0,3687.0,344734.176,3687.5,434678.176,3687.5,3687.25
941,1218102013.0,3687.0,339567.5,3687.5,457814.0,3687.5,3687.25
942,1218102014.0,3687.0,313530.778,3687.5,475496.0,3687.5,3687.25
943,1218102015.0,3687.0,336573.0,3687.5,477432.667,3687.5,3687.25
944,1218102016.0,3687.0,238460.091,3687.5,454204.727,3687.5,3687.25
945,1218102017.0,3687.0,217374.308,3687.5,417566.615,3687.5,3687.25
946,1218102018.0,3687.0,215785.1,3687.5,432142.0,3687.5,3687.25
947,1218102019.0,3687.0,220040.714,3687.5,423720.0,3687.5,3687.25
948,1218102020.0,3687.0,208277.4,3687.5,423320.0,3687.5,3687.25
949,1218102021.0,3687.0,199920.714,3687.5,414336.0,3687.5,3687.25
950,1218102022.0,3687.0,287549.167,3687.5,392958.917,3687.5,3687.25
951,1218102023.0,3687.0,383045.727,3687.5,381740.909,3687.5,3687.25
952,1218102024.0,3687.0,369931.429,3687.5,377790.714,3687.5,3687.25
953,1218102025.0,3687.0,330263.6,3687.5,381804.1,3687.5,3687.25
954,1218102026.0,3687.0,317058.0,3687.5,390656.9,3687.5,3687.25
955,1218102027.0,3687.0,548313.5,3687.5,372102.167,3687.5,3687.25
956,1218102028.0,3687.0,598213.9,3687.5,376918.9,3687.5,3687.25
957,1218102029.0,3687.0,672222.0,3687.5,376784.5,3687.5,3687.25
958,1218102031.0,3687.0,700274.118,3687.5,274410.059,3687.5,3687.25
959,1218102032.0,3687.0,709521.833,3687.5,231925.0,3687.5,3687.25
960,1218102033.0,3687.0,695571.143,3687.5,197201.143,3687.5,3687.25
961,1218102034.0,3687.0,701594.0,3687.5,190602.267,3687.5,3687.25
962,1218102036.0,3687.0,779680.462,3687.5,177356.385,3687.5,3687.25
963,1218102037.0,3687.0,791981.0,3687.5,241318.5,3687.5,3687.25
964,1218102038.0,3687.0,786581.0,3687.5,264893.6,3687.5,3687.25
965,1218102039.0,3687.0,762446.143,3687.5,221663.357,3687.5,3687.25
966,1218102040.0,3687.0,756120.0,3687.5,249261.25,3687.5,3687.25
967,1218102041.0,3687.0,780922.7,3687.5,233967.05,3687.5,3687.25
968,1218102042.0,3687.0,786594.944,3687.5,184523.111,3687.5,3687.25
969,1218102043.0,3687.0,765213.0,3687.5,149421.375,3687.5,3687.25
970,1218102044.0,3687.0,765218.0,3687.5,149509.0,3687.5,3687.25
971,1218102045.0,3687.0,765218.0,3687.5,204149.0,3687.5,3687.25
972,1218102046.0,3687.0,765200.923,3687.5,180785.538,3687.5,3687.25
973,1218102047.0,3687.0,771499.556,3687.5,205042.0,3687.5,3687.25
974,1218102048.0,3687.0,754386.0,3687.5,205042.6,3687.5,3687.25
975,1218102049.0,3687.0,745966.0,3687.5,207841.5,3687.5,3687.25
976,1218102050.0,3687.0,741766.5,3687.5,212135.25,3687.5,3687.25
977,1218102051.0,3687.0,742918.0,3687.5,204261.0,3687.5,3687.25
978,1218102052.0,3687.0,770418.0,3687.5,212137.0,3687.5,3687.25
979,1218102053.0,3687.0,782298.0,3687.5,203658.0,3687.5,3687.25
980,1218102054.0,3687.0,713421.167,3687.5,204216.25,3687.5,3687.25
981,1218102055.0,3687.0,629506.714,3687.5,204323.0,3687.5,3687.25
982,1218102056.0,3687.0,624945.0,3687.5,322461.625,3687.5,3687.25
983,1218102057.0,3687.0,620485.0,3687.5,383672.0,3687.5,3687.25
984,1218102058.0,3687.0,630735.0,3687.5,399693.5,3687.5,3687.25
985,1218102059.0,3687.0,621776.455,3687.5,397370.273,3687.5,3687.25
986,1218102100.0,3687.0,614935.0,3687.5,412127.0,3687.5,3687.25
987,1218102101.0,3687.0,620671.308,3687.5,399889.231,3687.5,3687.25
988,1218102102.0,3687.0,625990.727,3687.5,387893.545,3687.5,3687.25
989,1218102103.0,3687.0,530347.25,3687.5,392833.562,3687.5,3687.25
990,1218102104.0,3687.0,463365.583,3687.5,417044.417,3687.5,3687.25
991,1218102105.0,3687.0,403293.909,3687.5,402260.0,3687.5,3687.25
992,1218102106.0,3687.0,314743.0,3687.5,412653.636,3687.5,3687.25
993,1218102107.0,3687.397,230747.778,3687.897,228688.429,3687.5,3687.25
994,1218102108.0,3687.5,384316.85,3688.0,271933.9,3688.0,3687.75
995,1218102109.0,3687.5,437436.889,3688.0,146596.5,3688.0,3687.75
996,1218102110.0,3687.5,482335.4,3688.0,175999.0,3688.0,3687.75
997,1218102111.0,3687.5,482540.6,3688.0,213014.067,3688.0,3687.75
998,1218102112.0,3687.5,486844.167,3688.0,327549.5,3688.0,3687.75
999,1218102113.0,3687.5,418255.5,3688.0,407765.1,3688.0,3687.75
1000,1218102114.0,3687.5,435961.0,3688.0,452651.625,3688.0,3687.75
1001,1218102115.0,3687.5,421884.077,3688.0,439297.462,3688.0,3687.75
1002,1218102116.0,3687.5,371339.788,3688.0,454653.758,3688.0,3687.75
1003,1218102117.0,3687.5,348969.323,3688.0,492181.29,3688.0,3687.75
1004,1218102118.0,3687.5,199111.424,3688.0,540666.667,3688.0,3687.75
1005,1218102119.0,3687.5,151795.818,3688.0,554656.273,3688.0,3687.75
1006,1218102120.0,3687.5,152739.0,3688.0,563317.312,3688.0,3687.75
1007,1218102121.0,3687.5,153821.542,3688.0,581303.875,3688.0,3687.75
1008,1218102122.0,3687.5,153187.0,3688.0,583193.0,3688.0,3687.75
1009,1218102123.0,3687.5,153098.857,3688.0,593262.857,3688.0,3687.75
1010,1218102124.0,3687.5,155480.0,3688.0,593472.889,3688.0,3687.75
1011,1218102125.0,3687.5,155822.857,3688.0,596071.429,3688.0,3687.75
1012,1218102126.0,3687.5,155866.667,3688.0,588233.267,3688.0,3687.75
1013,1218102127.0,3687.5,156130.0,3688.0,623038.75,3688.0,3687.75
1014,1218102128.0,3687.5,155405.0,3688.0,637870.2,3688.0,3687.75
1015,1218102129.0,3687.5,154471.667,3688.0,648011.667,3688.0,3687.75
1016,1218102130.0,3687.5,152655.0,3688.0,667511.25,3688.0,3687.75
1017,1218102131.0,3687.5,85382.619,3688.0,688715.714,3688.0,3687.75
1018,1218102132.0,3687.5,64488.783,3688.0,745833.304,3688.0,3687.75
1019,1218102133.0,3687.5,44534.895,3688.0,741925.579,3688.0,3687.75
1020,1218102134.0,3687.5,42661.722,3688.0,752848.556,3688.0,3687.75
1021,1218102135.0,3687.5,44111.167,3688.0,759411.833,3688.0,3687.75
1022,1218102136.0,3687.5,53871.425,3688.0,753346.275,3688.0,3687.75
1023,1218102137.0,3687.5,107317.0,3688.0,721376.667,3688.0,3687.75
1024,1218102138.0,3687.5,112021.778,3688.0,704610.111,3688.0,3687.75
1025,1218102139.0,3687.5,121528.25,3688.0,710533.0,3688.0,3687.75
1026,1218102140.0,3687.5,126151.0,3688.0,713624.5,3688.0,3687.75
1027,1218102141.0,3687.5,126354.267,3688.0,706160.667,3688.0,3687.75
1028,1218102142.0,3687.5,131610.182,3688.0,701558.727,3688.0,3687.75
1029,1218102143.0,3687.5,125340.667,3688.0,724355.917,3688.0,3687.75
1030,1218102144.0,3687.5,120709.0,3688.0,725922.25,3688.0,3687.75
1031,1218102145.0,3687.5,121371.286,3688.0,727346.571,3688.0,3687.75
1032,1218102146.0,3687.5,118957.556,3688.0,718841.889,3688.0,3687.75
1033,1218102147.0,3687.5,117423.5,3688.0,712324.6,3688.0,3687.75
1034,1218102148.0,3687.5,118363.0,3688.0,721611.913,3688.0,3687.75
1035,1218102149.0,3687.5,118693.6,3688.0,743095.2,3688.0,3687.75
1036,1218102150.0,3687.5,118780.0,3688.0,763481.125,3688.0,3687.75
1037,1218102151.0,3687.5,118477.3,3688.0,746511.2,3688.0,3687.75
1038,1218102152.0,3687.5,116346.5,3688.0,708614.5,3688.0,3687.75
1039,1218102153.0,3687.5,116084.571,3688.0,713644.0,3688.0,3687.75
1040,1218102154.0,3687.5,116086.0,3688.0,711860.0,3688.0,3687.75
1041,1218102155.0,3687.5,116087.875,3688.0,705860.0,3688.0,3687.75
1042,1218102156.0,3687.5,116088.429,3688.0,692405.714,3688.0,3687.75
1043,1218102157.0,3687.5,124290.0,3688.0,680080.0,3688.0,3687.75
1044,1218102158.0,3687.5,130391.167,3688.0,690849.5,3688.0,3687.75
1045,1218102159.0,3687.5,123873.429,3688.0,696515.286,3688.0,3687.75
1046,1218102200.0,3687.5,115171.0,3688.0,702754.0,3688.0,3687.75
1047,1218102201.0,3687.5,115148.667,3688.0,695399.333,3688.0,3687.75
1048,1218102202.0,3687.5,115205.0,3688.0,671416.0,3688.0,3687.75
1049,1218102203.0,3687.5,120257.4,3688.0,698819.0,3688.0,3687.75
1050,1218102204.0,3687.5,126972.714,3688.0,690688.143,3688.0,3687.75
1051,1218102205.0,3687.5,157760.0,3688.0,689731.0,3688.0,3687.75
1052,1218102206.0,3687.5,157800.0,3688.0,682431.0,3688.0,3687.75
1053,1218102207.0,3687.5,158161.833,3688.0,678731.0,3688.0,3687.75
1054,1218102208.0,3687.5,160961.143,3688.0,695802.429,3688.0,3687.75
1055,1218102209.0,3687.5,160899.0,3688.0,698231.0,3688.0,3687.75
1056,1218102210.0,3687.5,160864.0,3688.0,698231.0,3688.0,3687.75
1057,1218102211.0,3687.5,164711.462,3688.0,693165.0,3688.0,3687.75
1058,1218102212.0,3687.5,170866.714,3688.0,680915.429,3688.0,3687.75
1059,1218102213.0,3687.5,170868.0,3688.0,690844.0,3688.0,3687.75
1060,1218102214.0,3687.5,167137.25,3688.0,689843.0,3688.0,3687.75
1061,1218102215.0,3687.5,170457.429,3688.0,689433.429,3688.0,3687.75
1062,1218102216.0,3687.5,169387.0,3688.0,676042.0,3688.0,3687.75
1063,1218102217.0,3687.5,268004.0,3688.0,682276.462,3688.0,3687.75
1064,1218102218.0,3687.5,365390.0,3688.0,682587.0,3688.0,3687.75
1065,1218102219.0,3687.5,365390.25,3688.0,674327.875,3688.0,3687.75
1066,1218102220.0,3687.5,364031.286,3688.0,672035.0,3688.0,3687.75
1067,1218102221.0,3687.5,366091.6,3688.0,658362.667,3688.0,3687.75
1068,1218102222.0,3687.5,365783.545,3688.0,658750.545,3688.0,3687.75
1069,1218102223.0,3687.5,363695.8,3688.0,669620.0,3688.0,3687.75
1070,1218102224.0,3687.5,363698.0,3688.0,668726.0,3688.0,3687.75
1071,1218102225.0,3687.5,363719.0,3688.0,669035.333,3688.0,3687.75
1072,1218102226.0,3687.5,367005.077,3688.0,656572.462,3688.0,3687.75
1073,1218102227.0,3687.5,363847.833,3688.0,655767.333,3688.0,3687.75
1074,1218102228.0,3687.5,365376.0,3688.0,669284.0,3688.0,3687.75
1075,1218102229.0,3687.5,362644.0,3688.0,663284.45,3688.0,3687.75
1076,1218102230.0,3687.5,362995.5,3688.0,676496.0,3688.0,3687.75
1077,1218102231.0,3687.5,468733.6,3688.0,669474.4,3688.0,3687.75
1078,1218102232.0,3687.5,580851.333,3688.0,645273.333,3688.0,3687.75
1079,1218102233.0,3687.5,646791.0,3688.0,579708.25,3688.0,3687.75
1080,1218102234.0,3687.5,681294.556,3688.0,556095.667,3688.0,3687.75
1081,1218102235.0,3687.5,698733.308,3688.0,532565.154,3688.0,3687.75
1082,1218102236.0,3687.5,733167.941,3688.0,399572.0,3688.0,3687.75
1083,1218102237.0,3687.5,757230.6,3688.0,368612.0,3688.0,3687.75
1084,1218102238.0,3687.5,736134.435,3688.0,371079.783,3688.0,3687.75
1085,1218102239.0,3687.5,692606.609,3688.0,290349.391,3688.0,3687.75
1086,1218102240.0,3687.5,779463.897,3688.0,202757.793,3688.0,3687.75
1087,1218102241.0,3687.5,853605.16,3688.0,173767.96,3688.0,3687.75
1088,1218102242.0,3687.5,909705.048,3688.0,150617.81,3688.0,3687.75
1089,1218102243.0,3687.5,936977.75,3688.0,150108.25,3688.0,3687.75
1090,1218102244.0,3687.5,1004073.412,3688.0,85182.882,3688.0,3687.75
1091,1218102245.0,3687.944,172179.722,3688.472,134862.0,3688.0,3687.75
1092,1218102246.0,3688.0,529714.882,3688.5,128158.294,3688.5,3688.25
1093,1218102247.0,3688.0,908746.65,3688.5,187602.8,3688.5,3688.25
1094,1218102248.0,3688.0,848851.429,3688.5,325053.245,3688.5,3688.25
1095,1218102249.0,3688.0,809377.105,3688.5,357477.632,3688.5,3688.25
1096,1218102250.0,3688.0,853567.0,3688.5,322526.385,3688.5,3688.25
1097,1218102251.0,3688.0,893270.206,3688.5,225583.353,3688.5,3688.25
1098,1218102252.0,3688.0,906471.545,3688.5,165505.227,3688.5,3688.25
1099,1218102253.0,3688.456,452678.733,3688.956,26406.9,3688.5,3688.25
1100,1218102254.0,3688.5,844706.954,3689.0,30463.831,3689.0,3688.75
1101,1218102255.0,3688.5,879064.636,3689.0,30223.091,3689.0,3688.75
1102,1218102256.0,3688.5,860198.556,3689.0,55026.278,3689.0,3688.75
1103,1218102257.0,3688.5,833163.667,3689.0,131575.083,3689.0,3688.75
1104,1218102258.0,3688.5,816218.583,3689.0,160716.375,3689.0,3688.75
1105,1218102259.0,3688.5,816842.8,3689.0,237709.6,3689.0,3688.75
1106,1218102300.0,3688.5,863728.4,3689.0,236647.0,3689.0,3688.75
1107,1218102301.0,3688.5,865108.947,3689.0,31079.368,3689.0,3688.75
1108,1218102302.0,3688.5,892800.385,3689.0,123586.615,3689.0,3688.75
1109,1218102303.0,3688.5,858531.0,3689.0,133893.2,3689.0,3688.75
1110,1218102304.0,3688.781,418976.812,3689.281,79942.312,3689.0,3688.75
1111,1218102305.0,3689.0,500516.111,3689.514,52760.875,3689.5,3689.25
1112,1218102306.0,3690.0,103312.771,3690.5,162895.571,3690.5,3690.25
1113,1218102307.0,3690.0,486117.159,3690.5,205019.232,3690.5,3690.25
1114,1218102308.0,3690.0,628937.286,3690.5,279948.214,3690.5,3690.25
1115,1218102309.0,3690.0,744461.154,3690.5,347373.423,3690.5,3690.25
1116,1218102310.0,3690.0,828787.0,3690.5,172175.0,3690.5,3690.25
1117,1218102311.0,3690.0,918297.447,3690.5,128450.039,3690.5,3690.25
1118,1218102312.0,3690.085,847016.268,3690.598,61545.122,3690.5,3690.25
1119,1218102313.0,3690.905,46583.905,3691.548,11222.619,3691.0,3690.75
1120,1218102314.0,3691.5,63682.588,3692.029,6921.353,3692.0,3691.75
1121,1218102315.0,3691.5,101737.0,3692.0,9758.75,3692.0,3691.75
1122,1218102317.0,3692.237,69169.053,3692.842,50469.211,3692.0,3691.75
1123,1218102318.0,3692.833,125601.647,3693.373,23946.392,3693.0,3692.75
1124,1218102319.0,3693.5,16853.438,3694.0,58418.5,3694.0,3693.75
1125,1218102321.0,3693.615,304472.564,3694.154,38784.846,3694.0,3693.75
1126,1218102322.0,3695.365,40303.312,3695.917,44526.812,3695.5,3695.25
1127,1218102323.0,3695.5,151361.973,3696.0,12854.324,3696.0,3695.75
1128,1218102324.0,3695.7,145652.578,3696.3,31670.0,3696.0,3695.75
1129,1218102325.0,3697.0,34302.08,3697.5,83455.88,3697.5,3697.25
1130,1218102326.0,3698.083,33559.208,3699.125,31399.125,3697.5,3697.25
1131,1218102327.0,3701.125,35253.047,3702.375,59293.031,3700.5,3699.5
1132,1218102328.0,3702.312,47233.85,3704.412,67795.375,3703.5,3702.75
1133,1218102329.0,3704.771,36405.514,3705.414,72561.286,3705.0,3704.75
1134,1218102333.0,3705.5,3518.5,3706.0,91373.25,3706.0,3705.75
1135,1218102334.0,3705.5,14165.03,3706.061,67076.485,3706.0,3705.75
1136,1218102335.0,3705.7,16629.7,3706.65,17246.4,3706.0,3705.75
1137,1218102336.0,3706.417,9449.875,3707.604,57413.271,3706.5,3706.25
1138,1218102337.0,3706.984,13884.952,3708.381,85135.429,3708.0,3707.75
1139,1218102339.0,3704.069,28278.724,3704.586,105749.586,3705.0,3704.75
1140,1218102338.0,3704.5,5306.588,3705.0,411588.059,3705.0,3704.75
1141,1218102339.0,3704.069,28278.724,3704.586,105749.586,3705.0,3704.75
1142,1218102340.0,3704.0,29045.536,3704.5,90146.214,3704.5,3704.25
1143,1218102341.0,3704.0,26588.538,3704.5,124807.192,3704.5,3704.25
1144,1218102342.0,3704.234,7310.596,3704.755,811597.128,3704.5,3704.25
1145,1218102343.0,3703.259,42933.448,3703.759,396360.034,3704.0,3703.75
1146,1218102344.0,3702.278,4924.704,3703.0,101700.074,3703.0,3702.75
1147,1218102345.0,3702.5,81.0,3703.0,130437.0,3703.0,3702.75
1148,1218102348.0,3702.018,13686.988,3702.542,120380.928,3703.0,3702.75
1149,1218102349.0,3702.0,16241.621,3702.672,108412.828,3702.5,3702.25
1150,1218102350.0,3702.0,219215.356,3702.551,61170.576,3702.5,3702.25
1151,1218102351.0,3702.0,397131.0,3702.5,223327.8,3702.5,3702.25
1152,1218102352.0,3702.0,3229399.456,3702.5,422144.379,3702.5,3702.25
1153,1218102353.0,3702.0,3468356.776,3702.5,505660.763,3702.5,3702.25
1154,1218102354.0,3702.0,3514291.54,3702.5,642087.391,3702.5,3702.25
1155,1218102355.0,3702.0,3671806.4,3702.5,597310.8,3702.5,3702.25
1156,1218102356.0,3702.0,3669229.2,3702.5,530110.067,3702.5,3702.25
1157,1218102359.0,3702.0,3697547.585,3702.5,143618.829,3702.5,3702.25
1158,1218102400.0,3702.0,3763109.143,3702.5,63011.286,3702.5,3702.25
1159,1218102401.0,3702.0,3784103.85,3702.5,86861.55,3702.5,3702.25
1160,1218102402.0,3702.0,3911623.326,3702.5,147011.581,3702.5,3702.25
1161,1218102403.0,3702.0,3939234.966,3702.5,107436.828,3702.5,3702.25
1162,1218102404.0,3702.0,3916481.167,3702.5,114742.417,3702.5,3702.25
1163,1218102405.0,3702.0,3903506.5,3702.5,85443.156,3702.5,3702.25
1164,1218102406.0,3702.0,3914468.7,3702.5,66350.3,3702.5,3702.25
1165,1218102407.0,3702.0,3965638.905,3702.5,39746.571,3702.5,3702.25
1166,1218102408.0,3702.0,3977514.619,3702.5,67663.524,3702.5,3702.25
1167,1218102409.0,3702.0,3974033.158,3702.5,30625.632,3702.5,3702.25
1168,1218102412.0,3702.0,3979560.0,3702.583,8178.0,3702.5,3702.25
1169,1218102413.0,3702.902,116347.78,3703.451,16765.537,3703.0,3702.75
1170,1218102414.0,3703.653,224455.17,3704.153,62330.784,3704.0,3703.75
1171,1218102415.0,3705.0,166685.0,3705.5,6290.125,3705.5,3705.25
1172,1218102416.0,3705.0,268302.75,3705.5,8136.5,3705.5,3705.25
1173,1218102417.0,3705.0,735459.517,3705.5,18819.759,3705.5,3705.25
1174,1218102418.0,3705.0,1088130.78,3705.5,91749.542,3705.5,3705.25
1175,1218102419.0,3705.0,1114810.92,3705.5,228370.4,3705.5,3705.25
1176,1218102423.0,3705.0,1056894.386,3705.526,171363.088,3705.5,3705.25
1177,1218102424.0,3707.019,72154.769,3707.808,78662.615,3708.0,3707.75
1178,1218102423.0,3705.0,1056894.386,3705.526,171363.088,3707.0,3706.0
1179,1218102424.0,3707.019,72154.769,3707.808,78662.615,3708.0,3707.75
1180,1218102425.0,3707.5,118820.125,3708.0,75377.0,3708.0,3707.75
1181,1218102426.0,3707.5,514102.632,3708.0,83606.326,3708.0,3707.75
1182,1218102427.0,3707.5,896230.238,3708.0,222272.921,3708.0,3707.75
1183,1218102428.0,3707.5,1001236.889,3708.0,369290.422,3708.0,3707.75
1184,1218102429.0,3707.5,999450.0,3708.0,397100.0,3708.0,3707.75
1185,1218102433.0,3707.5,963717.0,3708.0,506537.196,3708.0,3707.75
1186,1218102434.0,3707.5,846547.0,3708.0,613275.0,3708.0,3707.75
1187,1218102435.0,3707.5,848563.688,3708.0,681103.646,3708.0,3707.75
1188,1218102436.0,3707.5,849204.958,3708.0,503925.958,3708.0,3707.75
1189,1218102437.0,3707.5,845713.855,3708.0,435370.8,3708.0,3707.75
1190,1218102438.0,3707.5,856761.927,3708.0,381826.171,3708.0,3707.75
1191,1218102439.0,3707.5,873061.762,3708.0,358905.714,3708.0,3707.75
1192,1218102440.0,3707.611,699072.389,3708.361,146102.5,3708.0,3707.75
1193,1218102441.0,3708.0,91422.286,3708.5,44119.286,3708.5,3708.25
1194,1218102443.0,3708.0,127937.0,3708.5,24255.923,3708.5,3708.25
1195,1218102444.0,3708.198,475309.595,3708.698,9021.207,3708.5,3708.25
1196,1218102445.0,3709.0,201324.156,3709.656,17795.969,3709.5,3709.25
1197,1218102446.0,3709.0,763083.135,3709.5,28262.477,3709.5,3709.25
1198,1218102447.0,3709.0,873105.678,3709.5,36444.525,3709.5,3709.25
1199,1218102448.0,3709.096,684647.346,3709.615,25826.096,3709.5,3709.25
1200,1218102449.0,3709.5,185077.2,3710.0,19909.48,3710.0,3709.75
1201,1218102448.0,3709.096,684647.346,3709.615,25826.096,3710.0,3709.75
1202,1218102449.0,3709.5,185077.2,3710.0,19909.48,3710.0,3709.75
1203,1218102450.0,3710.426,89022.185,3711.352,176480.185,3710.0,3709.75
1204,1218102451.0,3711.5,109490.0,3712.0,254119.929,3712.0,3711.75
1205,1218102452.0,3711.5,338358.281,3712.0,174324.125,3712.0,3711.75
1206,1218102453.0,3711.5,434091.477,3712.0,53703.031,3712.0,3711.75
1207,1218102454.0,3711.5,517549.814,3712.034,32914.458,3712.0,3711.75
1208,1218102455.0,3711.5,649199.407,3712.0,190758.407,3712.0,3711.75
1209,1218102456.0,3711.5,684228.348,3712.0,437848.034,3712.0,3711.75
1210,1218102457.0,3711.5,697561.64,3712.0,554988.8,3712.0,3711.75
1211,1218102458.0,3711.5,699721.691,3712.0,630489.418,3712.0,3711.75
1212,1218102459.0,3711.5,443638.189,3712.0,926333.676,3712.0,3711.75
1213,1218102500.0,3711.5,258746.2,3712.0,1083124.0,3712.0,3711.75
1214,1218102501.0,3711.309,161329.83,3711.936,1077129.085,3712.0,3711.75
1215,1218102502.0,3710.25,39483.5,3710.875,13014.5,3711.0,3710.75
1216,1218102503.0,3709.461,100918.579,3709.961,69322.447,3710.5,3710.25
1217,1218102504.0,3708.75,116800.214,3709.381,134036.881,3709.5,3709.25
1218,1218102505.0,3708.5,52003.077,3709.0,105482.481,3709.0,3708.75
1219,1218102506.0,3708.5,87145.979,3709.0,112870.447,3709.0,3708.75
1220,1218102507.0,3708.5,140908.05,3709.0,196028.65,3709.0,3708.75
1221,1218102508.0,3708.5,298913.985,3709.0,270882.618,3709.0,3708.75
1222,1218102509.0,3708.5,608723.277,3709.0,309610.554,3709.0,3708.75
1223,1218102510.0,3708.5,973765.41,3709.0,391756.846,3709.0,3708.75
1224,1218102511.0,3708.5,957078.225,3709.0,422288.45,3709.0,3708.75
1225,1218102512.0,3708.5,1028079.387,3709.0,413606.548,3709.0,3708.75
1226,1218102513.0,3708.5,1044489.095,3709.0,348882.238,3709.0,3708.75
1227,1218102514.0,3708.5,1083030.136,3709.0,356927.136,3709.0,3708.75
1228,1218102515.0,3708.5,1000267.882,3709.0,350066.235,3709.0,3708.75
1229,1218102516.0,3708.5,756920.733,3709.0,319445.5,3709.0,3708.75
1230,1218102517.0,3708.5,744517.389,3709.0,181890.667,3709.0,3708.75
1231,1218102518.0,3708.5,655837.091,3709.0,187195.955,3709.0,3708.75
1232,1218102519.0,3708.5,698389.577,3709.0,182162.385,3709.0,3708.75
1233,1218102520.0,3708.5,724868.273,3709.0,165238.909,3709.0,3708.75
1234,1218102521.0,3708.5,746060.368,3709.0,154891.053,3709.0,3708.75
1235,1218102522.0,3708.5,703690.152,3709.0,205766.121,3709.0,3708.75
1236,1218102523.0,3708.5,656164.769,3709.0,480007.923,3709.0,3708.75
1237,1218102524.0,3708.5,651617.091,3709.0,480375.182,3709.0,3708.75
1238,1218102525.0,3708.5,664458.0,3709.0,506012.0,3709.0,3708.75
1239,1218102526.0,3708.5,649488.5,3709.0,532920.7,3709.0,3708.75
1240,1218102527.0,3708.5,649848.118,3709.0,501272.765,3709.0,3708.75
1241,1218102528.0,3708.5,629882.6,3709.0,598426.65,3709.0,3708.75
1242,1218102529.0,3708.5,574439.926,3709.0,611680.037,3709.0,3708.75
1243,1218102530.0,3708.5,558516.0,3709.0,622068.0,3709.0,3708.75
1244,1218102531.0,3708.5,554177.615,3709.0,640136.538,3709.0,3708.75
1245,1218102532.0,3708.5,557047.0,3709.0,608831.667,3709.0,3708.75
1246,1218102533.0,3708.5,576407.188,3709.0,610306.062,3709.0,3708.75
1247,1218102534.0,3708.5,572157.484,3709.0,638519.484,3709.0,3708.75
1248,1218102535.0,3708.5,566661.737,3709.0,650523.737,3709.0,3708.75
1249,1218102536.0,3708.5,402160.158,3709.0,660950.632,3709.0,3708.75
1250,1218102537.0,3708.5,286240.842,3709.0,678059.947,3709.0,3708.75
1251,1218102538.0,3708.5,364146.833,3709.0,660121.444,3709.0,3708.75
1252,1218102539.0,3708.5,373373.39,3709.0,513564.341,3709.0,3708.75
1253,1218102540.0,3708.5,282405.414,3709.0,530198.621,3709.0,3708.75
1254,1218102541.0,3708.5,47903.064,3709.0,553751.021,3709.0,3708.75
1255,1218102542.0,3708.5,34027.825,3709.0,594444.95,3709.0,3708.75
1256,1218102543.0,3708.5,28487.417,3709.0,623700.25,3709.0,3708.75
1257,1218102544.0,3708.394,44709.152,3708.909,560343.515,3709.0,3708.75
1258,1218102545.0,3708.0,218101.692,3708.5,273667.985,3708.5,3708.25
1259,1218102546.0,3708.0,161487.219,3708.5,482456.141,3708.5,3708.25
1260,1218102547.0,3708.0,149562.8,3708.5,580265.1,3708.5,3708.25
1261,1218102548.0,3708.0,144820.211,3708.5,649432.842,3708.5,3708.25
1262,1218102549.0,3708.0,140551.433,3708.5,696006.4,3708.5,3708.25
1263,1218102550.0,3708.0,138462.667,3708.5,741053.4,3708.5,3708.25
1264,1218102551.0,3707.947,118873.526,3708.447,672304.684,3708.5,3708.25
1265,1218102552.0,3707.5,24287.364,3708.0,96017.364,3708.0,3707.75
1266,1218102553.0,3707.5,24918.419,3708.0,342063.058,3708.0,3707.75
1267,1218102554.0,3707.136,63369.364,3707.642,303909.716,3708.0,3707.75
1268,1218102555.0,3707.0,11365.784,3707.5,463278.135,3707.5,3707.25
1269,1218102556.0,3706.571,42798.464,3707.089,165904.607,3707.5,3707.25
1270,1218102557.0,3706.5,31759.222,3707.0,158735.556,3707.0,3706.75
1271,1218102558.0,3706.5,45032.787,3707.0,360225.085,3707.0,3706.75
1272,1218102559.0,3706.5,63005.774,3707.0,384237.258,3707.0,3706.75
1273,1218102600.0,3706.5,60859.0,3707.0,372516.0,3707.0,3706.75
1274,1218102601.0,3705.667,233335.667,3706.25,125700.333,3707.0,3706.75
1275,1218102602.0,3705.5,230862.452,3706.0,169987.677,3706.0,3705.75
1276,1218102603.0,3705.5,212285.851,3706.0,352503.446,3706.0,3705.75
1277,1218102604.0,3705.5,295742.08,3706.0,467707.96,3706.0,3705.75
1278,1218102605.0,3705.5,358621.855,3706.0,446528.452,3706.0,3705.75
1279,1218102606.0,3705.5,268236.096,3706.0,457159.154,3706.0,3705.75
1280,1218102607.0,3705.5,176316.0,3706.0,548621.812,3706.0,3705.75
1281,1218102609.0,3705.5,116714.605,3706.0,540567.605,3706.0,3705.75
1282,1218102610.0,3705.5,126939.059,3706.0,546002.853,3706.0,3705.75
1283,1218102611.0,3705.488,50113.78,3706.0,604244.537,3706.0,3705.75
1284,1218102612.0,3705.041,22030.405,3705.676,488962.811,3706.0,3705.75
1285,1218102613.0,3704.024,63234.548,3704.548,216882.333,3705.0,3704.75
1286,1218102614.0,3703.5,75225.414,3704.0,224940.671,3704.0,3703.75
1287,1218102615.0,3703.5,43765.377,3704.0,363526.679,3704.0,3703.75
1288,1218102616.0,3703.461,38859.395,3703.987,370747.211,3704.0,3703.75
1289,1218102617.0,3703.0,198355.444,3703.5,45177.778,3703.5,3703.25
1290,1218102618.0,3703.0,215905.732,3703.5,220640.696,3703.5,3703.25
1291,1218102619.0,3703.0,237884.103,3703.5,314984.897,3703.5,3703.25
1292,1218102620.0,3703.0,226530.571,3703.5,324241.714,3703.5,3703.25
1293,1218102621.0,3703.0,252263.105,3703.5,345616.632,3703.5,3703.25
1294,1218102622.0,3703.0,257306.63,3703.5,519893.0,3703.5,3703.25
1295,1218102623.0,3703.0,272255.0,3703.5,746592.625,3703.5,3703.25
1296,1218102624.0,3703.0,269046.267,3703.5,749606.867,3703.5,3703.25
1297,1218102625.0,3702.636,100990.182,3703.364,547971.909,3703.5,3703.25
1298,1218102626.0,3702.5,46483.271,3703.0,438234.047,3703.0,3702.75
1299,1218102627.0,3702.5,82225.525,3703.0,782545.325,3703.0,3702.75
1300,1218102628.0,3702.5,59803.5,3703.0,805612.065,3703.0,3702.75
1301,1218102629.0,3701.599,60269.122,3702.099,975574.031,3703.0,3702.75
1302,1218102630.0,3701.5,59660.0,3702.0,1258745.8,3702.0,3701.75
1303,1218102631.0,3701.5,46912.536,3702.0,1472953.375,3702.0,3701.75
1304,1218102632.0,3701.243,34386.243,3701.757,885825.297,3702.0,3701.75
1305,1218102633.0,3700.258,68257.419,3700.871,70324.774,3701.5,3701.25
1306,1218102634.0,3700.0,99464.492,3700.5,237220.27,3700.5,3700.25
1307,1218102635.0,3700.0,136006.474,3700.5,541294.658,3700.5,3700.25
1308,1218102636.0,3700.0,190583.577,3700.5,707672.673,3700.5,3700.25
1309,1218102637.0,3699.0,162648.714,3699.643,138220.786,3700.5,3699.75
1310,1218102638.0,3699.0,162729.667,3699.5,29705.0,3699.5,3699.25
1311,1218102639.0,3699.0,81703.0,3699.5,42556.84,3699.5,3699.25
1312,1218102640.0,3699.0,81563.0,3699.5,83630.75,3699.5,3699.25
1313,1218102641.0,3699.0,99955.103,3699.5,281454.588,3699.5,3699.25
1314,1218102642.0,3699.0,141873.233,3699.5,627759.917,3699.5,3699.25
1315,1218102643.0,3699.0,169630.979,3699.5,725696.553,3699.5,3699.25
1316,1218102644.0,3699.0,576090.652,3699.5,829957.522,3699.5,3699.25
1317,1218102645.0,3699.0,799082.0,3699.5,717956.815,3699.5,3699.25
1318,1218102646.0,3699.0,1046870.323,3699.5,542645.613,3699.5,3699.25
1319,1218102647.0,3699.0,1076078.84,3699.5,362966.0,3699.5,3699.25
1320,1218102648.0,3699.0,1159610.788,3699.5,293798.394,3699.5,3699.25
1321,1218102649.0,3699.543,684065.891,3700.043,92091.717,3699.5,3699.25
1322,1218102648.0,3699.0,1159610.788,3699.5,293798.394,3699.5,3699.25
1323,1218102649.0,3699.543,684065.891,3700.043,92091.717,3699.5,3699.25
1324,1218102650.0,3700.0,445044.415,3700.5,25545.634,3700.5,3700.25
1325,1218102651.0,3700.226,356882.516,3700.726,24126.903,3700.5,3700.25
1326,1218102652.0,3701.0,169086.286,3701.5,9703.179,3701.5,3701.25
1327,1218102653.0,3701.0,331325.202,3701.5,27974.685,3701.5,3701.25
1328,1218102654.0,3701.0,494231.697,3701.5,153504.868,3701.5,3701.25
1329,1218102655.0,3701.0,495948.074,3701.5,253743.63,3701.5,3701.25
1330,1218102656.0,3701.0,367749.556,3701.5,341992.028,3701.5,3701.25
1331,1218102657.0,3701.0,246019.6,3701.5,434976.6,3701.5,3701.25
1332,1218102658.0,3701.0,178154.429,3701.5,514079.786,3701.5,3701.25
1333,1218102659.0,3701.0,23385.273,3701.5,567676.727,3701.5,3701.25
1334,1218102701.0,3701.0,57302.625,3701.5,598717.188,3701.5,3701.25
1335,1218102702.0,3700.881,44675.381,3701.429,572550.524,3701.5,3701.25
1336,1218102703.0,3700.5,26541.224,3701.0,287208.707,3701.0,3700.75
1337,1218102704.0,3700.5,19275.809,3701.0,620297.596,3701.0,3700.75
1338,1218102705.0,3700.5,6590.35,3701.0,665623.8,3701.0,3700.75
1339,1218102706.0,3700.5,3269.333,3701.0,696242.222,3701.0,3700.75
1340,1218102707.0,3700.5,4394.923,3701.0,772348.769,3701.0,3700.75
1341,1218102708.0,3700.01,50171.765,3700.515,352229.204,3701.0,3700.75
1342,1218102709.0,3699.571,24612.859,3700.076,364003.685,3700.5,3700.25
1343,1218102710.0,3699.5,74764.571,3700.0,632947.612,3700.0,3699.75
1344,1218102711.0,3699.5,151504.55,3700.0,674721.65,3700.0,3699.75
1345,1218102712.0,3699.5,118312.536,3700.0,701528.143,3700.0,3699.75
1346,1218102713.0,3699.5,50002.222,3700.0,733564.778,3700.0,3699.75
1347,1218102714.0,3699.5,44797.263,3700.0,736552.368,3700.0,3699.75
1348,1218102715.0,3699.5,44077.333,3700.0,736759.0,3700.0,3699.75
1349,1218102716.0,3699.5,43106.913,3700.0,726566.913,3700.0,3699.75
1350,1218102717.0,3699.5,42799.364,3700.0,708215.818,3700.0,3699.75
1351,1218102718.0,3699.5,47070.214,3700.0,707641.857,3700.0,3699.75
1352,1218102719.0,3699.5,43794.889,3700.0,713331.778,3700.0,3699.75
1353,1218102720.0,3699.5,32890.667,3700.0,727827.333,3700.0,3699.75
1354,1218102721.0,3699.5,28678.812,3700.0,733056.5,3700.0,3699.75
1355,1218102722.0,3699.5,36770.556,3700.0,725771.778,3700.0,3699.75
1356,1218102723.0,3699.5,46084.111,3700.0,734630.333,3700.0,3699.75
1357,1218102724.0,3699.5,46432.167,3700.0,720035.75,3700.0,3699.75
1358,1218102725.0,3699.5,23522.429,3700.0,722098.429,3700.0,3699.75
1359,1218102726.0,3699.5,37749.818,3700.0,732752.455,3700.0,3699.75
1360,1218102727.0,3699.5,37701.143,3700.0,732058.429,3700.0,3699.75
1361,1218102728.0,3699.5,36996.6,3700.0,744698.0,3700.0,3699.75
1362,1218102729.0,3699.5,365061.05,3700.0,751050.8,3700.0,3699.75
1363,1218102730.0,3699.5,633573.0,3700.0,718094.5,3700.0,3699.75
1364,1218102731.0,3699.5,632703.333,3700.0,718496.5,3700.0,3699.75
1365,1218102732.0,3699.5,631991.7,3700.0,663745.2,3700.0,3699.75
1366,1218102733.0,3699.5,599624.8,3700.0,672013.6,3700.0,3699.75
1367,1218102734.0,3699.5,604574.75,3700.0,666811.125,3700.0,3699.75
1368,1218102735.0,3699.5,651097.0,3700.0,641682.0,3700.0,3699.75
1369,1218102736.0,3699.5,696598.583,3700.0,635013.0,3700.0,3699.75
1370,1218102737.0,3699.5,703987.6,3700.0,674713.0,3700.0,3699.75
1371,1218102738.0,3699.5,751808.75,3700.0,509311.0,3700.0,3699.75
1372,1218102739.0,3699.5,808445.333,3700.0,352093.533,3700.0,3699.75
1373,1218102740.0,3699.5,842456.25,3700.0,240974.625,3700.0,3699.75
1374,1218102741.0,3699.5,939391.0,3700.0,149811.448,3700.0,3699.75
1375,1218102742.0,3700.0,343318.341,3700.523,21209.932,3700.0,3699.75
1376,1218102743.0,3700.799,161890.444,3701.316,84636.325,3701.0,3700.75
1377,1218102744.0,3701.0,321912.5,3701.5,262879.917,3701.5,3701.25
1378,1218102745.0,3701.0,323054.375,3701.5,274029.083,3701.5,3701.25
1379,1218102746.0,3701.0,217939.857,3701.5,331141.571,3701.5,3701.25
1380,1218102747.0,3701.0,197228.718,3701.5,443508.615,3701.5,3701.25
1381,1218102748.0,3701.0,158118.474,3701.5,472745.632,3701.5,3701.25
1382,1218102749.0,3701.0,161354.4,3701.5,490849.2,3701.5,3701.25
1383,1218102750.0,3701.0,151341.125,3701.5,491803.75,3701.5,3701.25
1384,1218102751.0,3701.0,150027.286,3701.5,486690.714,3701.5,3701.25
1385,1218102752.0,3701.0,143429.214,3701.5,510500.429,3701.5,3701.25
1386,1218102753.0,3701.0,139299.429,3701.5,504646.571,3701.5,3701.25
1387,1218102754.0,3701.0,128200.062,3701.5,515676.0,3701.5,3701.25
1388,1218102755.0,3701.0,107586.214,3701.5,530155.143,3701.5,3701.25
1389,1218102756.0,3701.0,107316.091,3701.5,527757.5,3701.5,3701.25
1390,1218102757.0,3701.0,94844.294,3701.5,530373.824,3701.5,3701.25
1391,1218102758.0,3701.0,87597.419,3701.5,531866.097,3701.5,3701.25
1392,1218102759.0,3701.0,181546.941,3701.5,523529.118,3701.5,3701.25
1393,1218102800.0,3701.0,205108.333,3701.5,575036.889,3701.5,3701.25
1394,1218102801.0,3701.0,220169.812,3701.5,580473.125,3701.5,3701.25
1395,1218102802.0,3701.0,187461.667,3701.5,535974.048,3701.5,3701.25
1396,1218102803.0,3701.0,162664.237,3701.5,519174.458,3701.5,3701.25
1397,1218102804.0,3699.851,443879.468,3700.489,195664.34,3700.0,3699.75
1398,1218102803.0,3701.0,162664.237,3701.5,519174.458,3701.5,3701.25
1399,1218102804.0,3699.851,443879.468,3700.489,195664.34,3700.0,3699.75
1400,1218102805.0,3699.5,553106.25,3700.0,321647.562,3700.0,3699.75
1401,1218102806.0,3699.5,624631.087,3700.0,427271.696,3700.0,3699.75
1402,1218102807.0,3699.5,627362.103,3700.0,465846.586,3700.0,3699.75
1403,1218102808.0,3699.5,631582.611,3700.0,527531.333,3700.0,3699.75
1404,1218102809.0,3699.5,562224.75,3700.0,546583.5,3700.0,3699.75
1405,1218102810.0,3699.5,547621.0,3700.0,585275.0,3700.0,3699.75
1406,1218102811.0,3699.5,545229.889,3700.0,571432.778,3700.0,3699.75
1407,1218102812.0,3699.5,504194.704,3700.0,640582.481,3700.0,3699.75
1408,1218102813.0,3699.5,403300.538,3700.0,640696.692,3700.0,3699.75
1409,1218102814.0,3699.5,482753.25,3700.0,646951.5,3700.0,3699.75
1410,1218102815.0,3699.5,431235.286,3700.0,655829.0,3700.0,3699.75
1411,1218102816.0,3699.5,382604.1,3700.0,577166.4,3700.0,3699.75
1412,1218102817.0,3699.5,356320.143,3700.0,556141.762,3700.0,3699.75
1413,1218102818.0,3699.5,364684.667,3700.0,572479.0,3700.0,3699.75
1414,1218102819.0,3699.5,357833.786,3700.0,580123.214,3700.0,3699.75
1415,1218102820.0,3699.5,357592.0,3700.0,601962.5,3700.0,3699.75
1416,1218102821.0,3699.5,358912.0,3700.0,601270.7,3700.0,3699.75
1417,1218102822.0,3699.5,362303.667,3700.0,566139.667,3700.0,3699.75
1418,1218102823.0,3699.5,361076.2,3700.0,568797.0,3700.0,3699.75
1419,1218102824.0,3699.5,360305.0,3700.0,593857.0,3700.0,3699.75
1420,1218102825.0,3699.5,355305.0,3700.0,589557.0,3700.0,3699.75
1421,1218102826.0,3699.5,355223.5,3700.0,589797.0,3700.0,3699.75
1422,1218102827.0,3699.5,356032.0,3700.0,576467.0,3700.0,3699.75
1423,1218102828.0,3699.5,357208.75,3700.0,588717.0,3700.0,3699.75
1424,1218102829.0,3699.5,357210.25,3700.0,589779.5,3700.0,3699.75
1425,1218102830.0,3699.5,354794.333,3700.0,612034.708,3700.0,3699.75
1426,1218102831.0,3699.5,363000.25,3700.0,576585.75,3700.0,3699.75
1427,1218102832.0,3699.5,514174.357,3700.0,554427.714,3700.0,3699.75
1428,1218102833.0,3699.5,507722.0,3700.0,565765.556,3700.0,3699.75
1429,1218102834.0,3699.5,487938.444,3700.0,561003.556,3700.0,3699.75
1430,1218102835.0,3699.5,486448.5,3700.0,561435.125,3700.0,3699.75
1431,1218102836.0,3699.5,486462.8,3700.0,559195.0,3700.0,3699.75
1432,1218102837.0,3699.5,491831.235,3700.0,564079.471,3700.0,3699.75
1433,1218102838.0,3699.5,483125.55,3700.0,582103.0,3700.0,3699.75
1434,1218102839.0,3699.5,496202.19,3700.0,558651.81,3700.0,3699.75
1435,1218102840.0,3699.5,509000.875,3700.0,555815.0,3700.0,3699.75
1436,1218102841.0,3699.5,499729.583,3700.0,551581.417,3700.0,3699.75
1437,1218102842.0,3699.5,500079.1,3700.0,532626.0,3700.0,3699.75
1438,1218102843.0,3699.5,496590.0,3700.0,562219.167,3700.0,3699.75
1439,1218102844.0,3699.5,364891.182,3700.0,564214.545,3700.0,3699.75
1440,1218102845.0,3699.5,364825.556,3700.0,545407.333,3700.0,3699.75
1441,1218102846.0,3699.5,349628.333,3700.0,601387.333,3700.0,3699.75
1442,1218102847.0,3699.5,342603.8,3700.0,611094.0,3700.0,3699.75
1443,1218102848.0,3699.5,344626.375,3700.0,609134.0,3700.0,3699.75
1444,1218102849.0,3699.5,350089.154,3700.0,579091.692,3700.0,3699.75
1445,1218102850.0,3699.5,342305.0,3700.0,580433.75,3700.0,3699.75
1446,1218102851.0,3699.5,339040.667,3700.0,578684.5,3700.0,3699.75
1447,1218102852.0,3699.5,335921.3,3700.0,568848.0,3700.0,3699.75
1448,1218102853.0,3699.5,334406.636,3700.0,577723.455,3700.0,3699.75
1449,1218102854.0,3699.5,335310.933,3700.0,582028.467,3700.0,3699.75
1450,1218102855.0,3699.5,526625.833,3700.0,181115.0,3700.0,3699.75
1451,1218102856.0,3699.5,709343.469,3700.0,184096.625,3700.0,3699.75
1452,1218102857.0,3699.5,704387.0,3700.0,193023.304,3700.0,3699.75
1453,1218102858.0,3699.5,754380.947,3700.0,175179.158,3700.0,3699.75
1454,1218102859.0,3699.5,1337332.684,3700.0,116310.237,3700.0,3699.75
1455,1218102900.0,3699.5,1970422.636,3700.0,108669.636,3700.0,3699.75
1456,1218102901.0,3699.804,1080200.286,3700.375,42717.036,3700.0,3699.75
1457,1218102902.0,3700.5,248370.81,3701.0,20073.714,3701.0,3700.75
1458,1218102903.0,3700.5,579598.167,3701.0,63922.972,3701.0,3700.75
1459,1218102904.0,3700.5,562102.296,3701.0,195483.79,3701.0,3700.75
1460,1218102905.0,3700.5,472417.077,3701.0,214292.754,3701.0,3700.75
1461,1218102906.0,3700.537,481402.488,3701.037,215879.366,3701.0,3700.75
1462,1218102907.0,3702.0,763937.786,3702.571,28646.5,3702.5,3702.25
1463,1218102908.0,3702.0,977216.0,3702.5,23423.425,3702.5,3702.25
1464,1218102909.0,3702.0,1085517.0,3702.5,61075.019,3702.5,3702.25
1465,1218102910.0,3702.0,1089303.267,3702.5,8289.2,3702.5,3702.25
1466,1218102911.0,3702.0,1106863.881,3702.5,13964.452,3702.5,3702.25
1467,1218102912.0,3702.0,1090109.462,3702.5,35090.481,3702.5,3702.25
1468,1218102913.0,3702.0,1060607.371,3702.5,93025.257,3702.5,3702.25
1469,1218102914.0,3702.0,1096680.0,3702.5,75663.0,3702.5,3702.25
1470,1218102916.0,3702.0,1060498.317,3702.5,80689.927,3702.5,3702.25
1471,1218102917.0,3702.0,1047508.628,3702.5,127914.953,3702.5,3702.25
1472,1218102918.0,3702.0,986257.0,3702.5,270940.235,3702.5,3702.25
1473,1218102919.0,3702.0,910591.0,3702.5,330323.85,3702.5,3702.25
1474,1218102920.0,3702.0,904759.059,3702.5,333406.235,3702.5,3702.25
1475,1218102921.0,3702.0,873220.4,3702.5,339465.491,3702.5,3702.25
1476,1218102922.0,3702.0,865252.403,3702.5,391562.836,3702.5,3702.25
1477,1218102923.0,3702.0,858888.129,3702.5,397068.0,3702.5,3702.25
1478,1218102924.0,3702.0,988419.032,3702.5,399077.258,3702.5,3702.25
1479,1218102925.0,3702.0,1062643.897,3702.5,399548.793,3702.5,3702.25
1480,1218102926.0,3702.0,646021.817,3702.5,399980.5,3702.5,3702.25
1481,1218102927.0,3702.0,441876.286,3702.5,428678.964,3702.5,3702.25
1482,1218102928.0,3702.0,446629.846,3702.5,449554.615,3702.5,3702.25
1483,1218102929.0,3702.0,425372.538,3702.5,435089.103,3702.5,3702.25
