timestamp,reformattedDate,hour,symbol,side,size,price,tickDirection,trdMatchID,volTime,tickTime
2018-12-14 06:53:17.108,181218225150933,18121406,XBTUSD,Buy,10000,3267,PlusTick,bc0b91bc-8e2e-850d-9963-ecc599026cf5,10000,1
2018-12-14 06:53:27.945,181218225150933,18121406,XBTUSD,Buy,16886,3270,PlusTick,081e0735-00d8-1bd9-3f88-fc590309d422,26886,2
2018-12-14 06:55:53.388,181218225150933,18121406,XBTUSD,Buy,800,3268,PlusTick,396605eb-808c-433e-1304-0ebe879eddf6,27686,3
2018-12-14 06:57:06.235,181218225150933,18121406,XBTUSD,Buy,7000,3266,PlusTick,f28c7b22-a03b-d857-b688-0b9b408d10f9,34686,4
2018-12-14 06:58:35.891,181218225150933,18121406,XBTUSD,Buy,9000,3272,PlusTick,acd02b86-c25c-a970-f041-00917a548db8,43686,5
2018-12-14 06:00:02.322,181218225150933,18121406,XBTUSD,Buy,53,3248.5,PlusTick,0b3f3d28-38f3-693e-d062-c4bfcd03980a,43739,6
2018-12-14 06:00:14.870,181218225150933,18121406,XBTUSD,Sell,1224,3248,ZeroMinusTick,016b9640-d6c6-b9ee-43c4-4f1e8cdd1165,44963,7
2018-12-14 06:00:04.178,181218225150933,18121406,XBTUSD,Sell,1,3248,ZeroMinusTick,a61daa45-cdc1-f05b-34a6-bcdc7a5df87c,44964,8
2018-12-14 06:00:15.542,181218225150933,18121406,XBTUSD,Buy,14,3248.5,ZeroPlusTick,78cc4454-e3dd-af28-18a1-504f7124c39e,44978,9
2018-12-14 06:00:15.974,181218225150933,18121406,XBTUSD,Sell,114,3248,MinusTick,6c6ad323-74cf-b8aa-7aa9-ad991a8b42b8,45092,10
2018-12-14 06:00:29.619,181218225150933,18121406,XBTUSD,Sell,5000,3248,MinusTick,4453c812-04a1-024e-1e80-6a2999697bc8,50092,11
2018-12-14 06:00:41.303,181218225150933,18121406,XBTUSD,Sell,100,3248,ZeroMinusTick,871a0112-9658-e04a-29ba-08c0247b846d,50192,12
2018-12-14 06:00:41.303,181218225150933,18121406,XBTUSD,Sell,10,3248,ZeroMinusTick,7020327e-69ce-545a-b83f-a49331723801,50202,13
2018-12-14 06:00:41.303,181218225150933,18121406,XBTUSD,Sell,8,3248,ZeroMinusTick,73712b09-cf27-256f-d929-596bbf743356,50210,14
2018-12-14 06:00:41.303,181218225150933,18121406,XBTUSD,Sell,6,3248,ZeroMinusTick,c3d5e60f-e94b-d6f4-86a9-bdd4b9b2a11b,50216,15
2018-12-14 06:00:41.303,181218225150933,18121406,XBTUSD,Sell,17,3248,ZeroMinusTick,efd04749-d4b5-f675-a203-3ceb91a0267e,50233,16
2018-12-14 06:00:41.303,181218225150933,18121406,XBTUSD,Sell,60,3248,ZeroMinusTick,8e8ee73a-8460-503e-6768-0ab0b2e440f7,50293,17
2018-12-14 06:00:41.303,181218225150933,18121406,XBTUSD,Sell,7646,3248,ZeroMinusTick,13fd9b9e-d050-a96d-8266-c963d2aa4d3b,57939,18
2018-12-14 06:00:41.838,181218225150933,18121406,XBTUSD,Sell,1,3248,ZeroMinusTick,946eb27a-df1d-52af-0f6e-d84de4867ed0,57940,19
2018-12-14 06:00:11.479,181218225150933,18121406,XBTUSD,Sell,1006,3248,MinusTick,7d4f68b6-4e38-7166-3502-3efb073e3726,58946,20
2018-12-14 06:00:14.870,181218225150933,18121406,XBTUSD,Sell,500,3248,ZeroMinusTick,c8116498-8a70-48ed-02ec-7e28886b8801,59446,21
2018-12-14 06:00:24.929,181218225150933,18121406,XBTUSD,Buy,1014,3248.5,ZeroPlusTick,5901c469-97ee-19b3-8ed9-eac0e7110125,60460,22
2018-12-14 06:00:26.824,181218225150933,18121406,XBTUSD,Sell,2,3248,MinusTick,1baff714-e21e-5601-b8a2-1af8fb316a63,60462,23
2018-12-14 06:00:26.995,181218225150933,18121406,XBTUSD,Buy,20,3248.5,PlusTick,3f28be5f-97fe-8a64-3de4-9c12fc46b39a,60482,24
2018-12-14 06:00:35.382,181218225150933,18121406,XBTUSD,Sell,1414,3248,MinusTick,745692e2-25f2-445e-4ee1-b369e1fe983f,61896,25
2018-12-14 06:00:41.303,181218225150933,18121406,XBTUSD,Sell,913,3248,ZeroMinusTick,fe6f1ff1-51b9-9d8b-122e-691b8684d39c,62809,26
2018-12-14 06:00:41.303,181218225150933,18121406,XBTUSD,Sell,25,3248,ZeroMinusTick,96e5f1a2-8ef4-d5a1-6e7f-478c8b2969d4,62834,27
2018-12-14 06:00:41.303,181218225150933,18121406,XBTUSD,Sell,1042,3248,ZeroMinusTick,b08fd06f-dc4a-7943-37b4-b4fbbf6fe3a2,63876,28
2018-12-14 06:00:41.303,181218225150933,18121406,XBTUSD,Sell,9,3248,ZeroMinusTick,bb6649f3-9145-fd22-877f-02334bd78f1f,63885,29
2018-12-14 06:00:41.303,181218225150933,18121406,XBTUSD,Sell,50000,3248,ZeroMinusTick,f0f1c7d2-937b-b6d7-6312-8c50e1f21b43,113885,30
2018-12-14 06:00:41.303,181218225150933,18121406,XBTUSD,Sell,1000,3248,ZeroMinusTick,7d927cfe-c104-1f80-8c6a-458c0e9593a0,114885,31
2018-12-14 06:00:54.518,181218225150933,18121406,XBTUSD,Sell,1000,3248,ZeroMinusTick,41c884b2-b97d-5306-d016-bfac8823e84d,115885,32
2018-12-14 06:01:20.723,181218225150933,18121406,XBTUSD,Buy,4000,3248.5,ZeroPlusTick,39e53157-2450-c9c3-3522-a08e934411ee,119885,33
2018-12-14 06:01:33.668,181218225150933,18121406,XBTUSD,Buy,36,3248.5,ZeroPlusTick,4a850e7a-9c00-6803-5cfd-822aea543e91,119921,34
2018-12-14 06:01:33.668,181218225150933,18121406,XBTUSD,Buy,16,3248.5,ZeroPlusTick,6cd46c4f-7b22-ecd1-c8a2-9906f8972c3b,119937,35
2018-12-14 06:01:47.414,181218225150933,18121406,XBTUSD,Sell,100,3248,ZeroMinusTick,8c391232-b889-0b24-4e69-c2143362e7b7,120037,36
2018-12-14 06:00:02.541,181218225150934,18121406,XBTUSD,Sell,270,3248,MinusTick,c7749283-dc29-e290-d35c-ead66fbfb417,120307,37
2018-12-14 06:00:04.171,181218225150934,18121406,XBTUSD,Sell,100,3248,ZeroMinusTick,4b7c5a60-7f9e-a444-d363-9e9d780f86ac,120407,38
2018-12-14 06:00:14.870,181218225150934,18121406,XBTUSD,Sell,50,3248,ZeroMinusTick,2bb0400e-6ce7-d040-220a-5a9d30b6794e,120457,39
2018-12-14 06:00:38.916,181218225150934,18121406,XBTUSD,Sell,1,3248,ZeroMinusTick,8e77afed-eb3c-536c-466c-1fa49b0ad2fd,120458,40
2018-12-14 06:00:41.303,181218225150934,18121406,XBTUSD,Sell,49,3248,ZeroMinusTick,ded66e35-2d18-cded-1417-38f7e4b41c6c,120507,41
2018-12-14 06:00:41.303,181218225150934,18121406,XBTUSD,Sell,24,3248,ZeroMinusTick,2f57170d-6137-52aa-42ec-0403d5efb8dc,120531,42
2018-12-14 06:00:41.303,181218225150934,18121406,XBTUSD,Sell,10,3248,ZeroMinusTick,0f007bd0-aa28-ad27-2431-900b6b3e72d4,120541,43
2018-12-14 06:00:41.303,181218225150934,18121406,XBTUSD,Sell,151,3248,ZeroMinusTick,10428b6e-d132-d3b8-7519-e6bc85009842,120692,44
2018-12-14 06:00:41.303,181218225150934,18121406,XBTUSD,Sell,10000,3248,ZeroMinusTick,d9eb855e-7a33-fa0f-e7b2-dc6253203f55,130692,45
2018-12-14 06:00:57.782,181218225150934,18121406,XBTUSD,Sell,1000,3248,ZeroMinusTick,16a5d86b-c0d1-b62a-5739-7c21cceef493,131692,46
2018-12-14 06:01:09.156,181218225150934,18121406,XBTUSD,Sell,1000,3248,ZeroMinusTick,35c81dc6-b34e-b29d-edc0-c33dad2df05d,132692,47
2018-12-14 06:01:09.515,181218225150934,18121406,XBTUSD,Sell,39,3248,ZeroMinusTick,9105ca88-4398-5af8-77e8-13ca0159e31d,132731,48
2018-12-14 06:01:13.297,181218225150934,18121406,XBTUSD,Buy,600,3248.5,PlusTick,915a0f50-a531-2053-70ba-4945a2f0d5a9,133331,49
2018-12-14 06:01:13.637,181218225150934,18121406,XBTUSD,Buy,8400,3248.5,ZeroPlusTick,6c239241-bdd9-0930-cac2-aee8ed56766a,141731,50
2018-12-14 06:01:13.687,181218225150934,18121406,XBTUSD,Sell,39,3248,MinusTick,acad746c-7969-2e2a-833b-0c6ae887b756,141770,51
2018-12-14 06:01:33.668,181218225150934,18121406,XBTUSD,Buy,1000,3248.5,ZeroPlusTick,fb82815e-8eaf-fd7e-59d4-149b07e2d622,142770,52
2018-12-14 06:01:33.668,181218225150934,18121406,XBTUSD,Buy,385,3248.5,ZeroPlusTick,e8f0038b-fcc2-fe40-ea18-99d6aefa6a39,143155,53
2018-12-14 06:01:33.668,181218225150934,18121406,XBTUSD,Buy,6,3248.5,ZeroPlusTick,513deca1-d468-4754-17cb-76dcfaddf0fb,143161,54
2018-12-14 06:00:06.976,181218225150934,18121406,XBTUSD,Sell,6500,3248,MinusTick,c214f091-8a90-ca3d-d3ec-2d4aa2db50df,149661,55
2018-12-14 06:00:14.870,181218225150934,18121406,XBTUSD,Sell,240,3248,ZeroMinusTick,520ba037-2913-7dd1-ec35-a55b0367d9dc,149901,56
2018-12-14 06:00:18.412,181218225150934,18121406,XBTUSD,Buy,14,3248.5,ZeroPlusTick,fd745976-c5c4-bdc3-b17b-47db5b43894e,149915,57
2018-12-14 06:00:35.382,181218225150934,18121406,XBTUSD,Sell,500,3248,ZeroMinusTick,316af8d0-51db-9759-7acc-d0245c7eda4b,150415,58
2018-12-14 06:00:41.303,181218225150934,18121406,XBTUSD,Sell,79,3248,ZeroMinusTick,61867797-22a6-964d-885b-f78721f813e0,150494,59
2018-12-14 06:00:41.303,181218225150934,18121406,XBTUSD,Sell,8507,3248,ZeroMinusTick,d0264153-5d20-59b6-b995-7709b368ac38,159001,60
2018-12-14 06:00:41.303,181218225150934,18121406,XBTUSD,Sell,200,3248,ZeroMinusTick,2ec17947-7012-4191-0f98-fa4bc0a37a1b,159201,61
2018-12-14 06:00:41.303,181218225150934,18121406,XBTUSD,Sell,26,3248,ZeroMinusTick,1f74211b-9004-f9f4-e5ec-6e99d0a64e58,159227,62
2018-12-14 06:00:41.303,181218225150934,18121406,XBTUSD,Sell,10000,3248,ZeroMinusTick,e88e5a1a-c047-5c8a-4013-998eb597cdda,169227,63
2018-12-14 06:01:18.701,181218225150934,18121406,XBTUSD,Sell,100,3248,MinusTick,139a6cb9-b660-39d7-3127-f9bee0bf89dd,169327,64
2018-12-14 06:01:20.723,181218225150934,18121406,XBTUSD,Buy,2000,3248.5,ZeroPlusTick,2dce64d7-a6ca-b9b4-80f0-61a9a85fbb6e,171327,65
2018-12-14 06:01:25.524,181218225150934,18121406,XBTUSD,Sell,25,3248,MinusTick,10f73106-81b9-8555-2b82-0be763a2c023,171352,66
2018-12-14 06:01:33.668,181218225150934,18121406,XBTUSD,Buy,3094,3248.5,ZeroPlusTick,c5ee70a7-12ba-03bb-3453-aec25b6bdc22,174446,67
2018-12-14 06:01:33.668,181218225150934,18121406,XBTUSD,Buy,5000,3248.5,ZeroPlusTick,89af1baa-0177-2a40-86a6-2f518fce79e0,179446,68
2018-12-14 06:01:41.375,181218225150934,18121406,XBTUSD,Sell,1,3248,ZeroMinusTick,b07a9ef6-3598-d784-4230-4df76e4a8409,179447,69
2018-12-14 06:02:04.169,181218225150934,18121406,XBTUSD,Sell,25,3248,ZeroMinusTick,7d777fb1-30a8-bd88-d1cf-a5c98145cfd1,179472,70
2018-12-14 06:02:15.190,181218225150934,18121406,XBTUSD,Buy,1,3248.5,ZeroPlusTick,ab8de6f8-fe45-49b1-497a-585309401a13,179473,71
2018-12-14 06:02:19.221,181218225150934,18121406,XBTUSD,Buy,1776,3248.5,ZeroPlusTick,1223f3c7-79f6-bde0-7125-4fee02dd2dad,181249,72
2018-12-14 06:02:19.825,181218225150934,18121406,XBTUSD,Buy,25000,3248.5,ZeroPlusTick,155c9053-a0c0-009e-4a0b-23fd08f87bdc,206249,73
2018-12-14 06:02:19.825,181218225150934,18121406,XBTUSD,Buy,5000,3248.5,ZeroPlusTick,3e76e882-7b0c-7d4c-eaa8-1df98dc80aa8,211249,74
2018-12-14 06:02:19.825,181218225150934,18121406,XBTUSD,Buy,162,3248.5,ZeroPlusTick,7d6154aa-89d5-3c7c-964b-b11486ddae52,211411,75
2018-12-14 06:02:21.252,181218225150934,18121406,XBTUSD,Buy,50,3248.5,ZeroPlusTick,ca38ae8a-adfe-141d-a8f3-6f7b725aee20,211461,76
2018-12-14 06:02:22.560,181218225150934,18121406,XBTUSD,Buy,12000,3248.5,ZeroPlusTick,0d9755c8-b8cd-7a29-fcc2-0c14400f5210,223461,77
2018-12-14 06:02:22.560,181218225150934,18121406,XBTUSD,Buy,30,3249,ZeroPlusTick,66e7649a-e64c-97ab-6e2b-06a87fbb41ab,223491,78
2018-12-14 06:02:22.560,181218225150934,18121406,XBTUSD,Buy,10,3249,ZeroPlusTick,7c8e2609-ff72-3e76-d2d0-976435cda274,223501,79
2018-12-14 06:02:24.329,181218225150934,18121406,XBTUSD,Buy,885,3249,ZeroPlusTick,a0fbec1e-6b9f-66fb-8c58-478e891fefd8,224386,80
2018-12-14 06:02:27.199,181218225150934,18121406,XBTUSD,Buy,162,3249,ZeroPlusTick,d4661411-1221-f172-de5d-7bbe75124991,224548,81
2018-12-14 06:02:27.199,181218225150934,18121406,XBTUSD,Buy,100,3249.5,ZeroPlusTick,af868824-28fa-e393-7d41-b66cc5e9124a,224648,82
2018-12-14 06:02:27.199,181218225150934,18121406,XBTUSD,Buy,2841,3249.5,ZeroPlusTick,4054b9fc-7c0c-ba46-e4e5-da30ad3250d1,227489,83
2018-12-14 06:02:28.540,181218225150934,18121406,XBTUSD,Buy,25,3249.5,ZeroPlusTick,e22711aa-434e-5855-e4d1-07e1be04036c,227514,84
2018-12-14 06:02:29.945,181218225150934,18121406,XBTUSD,Buy,2911,3250,ZeroPlusTick,a352fb43-1595-db76-426b-2c1692b9181b,230425,85
2018-12-14 06:02:43.743,181218225150934,18121406,XBTUSD,Buy,1000,3250,ZeroPlusTick,ac304096-8a7d-4abd-7e04-1b98dbfddafd,231425,86
2018-12-14 06:00:10.197,181218225150934,18121406,XBTUSD,Buy,50,3248.5,PlusTick,1a9c3120-8ff4-25c8-8fb1-55f9dbd9c384,231475,87
2018-12-14 06:00:12.198,181218225150934,18121406,XBTUSD,Buy,5,3248.5,PlusTick,3e1d0321-0036-30be-08e8-4f1454c1b02f,231480,88
2018-12-14 06:00:12.808,181218225150934,18121406,XBTUSD,Sell,500,3248,MinusTick,d321e884-177e-1a68-7aba-a39dc1c49492,231980,89
2018-12-14 06:00:14.364,181218225150934,18121406,XBTUSD,Sell,300,3248,ZeroMinusTick,a12364c2-5c4a-492c-896e-99a73c15bce6,232280,90
2018-12-14 06:00:14.870,181218225150934,18121406,XBTUSD,Sell,400,3248,ZeroMinusTick,a7b91215-09eb-65fd-cd1b-4fca9efe57f9,232680,91
2018-12-14 06:00:31.478,181218225150934,18121406,XBTUSD,Sell,230,3248,ZeroMinusTick,2f6980ee-16f1-123a-c377-ec7727018e10,232910,92
2018-12-14 06:00:32.034,181218225150934,18121406,XBTUSD,Buy,2000,3248.5,PlusTick,35f6ceec-f691-ca8d-7f24-6f4dc7498382,234910,93
2018-12-14 06:00:41.303,181218225150934,18121406,XBTUSD,Sell,50,3248,ZeroMinusTick,d38b11d6-1fa6-7fc4-178a-d880d09e70c7,234960,94
2018-12-14 06:00:41.303,181218225150934,18121406,XBTUSD,Sell,25,3248,ZeroMinusTick,94555b30-6c79-158f-4191-e49aa94b3a18,234985,95
2018-12-14 06:00:41.303,181218225150934,18121406,XBTUSD,Sell,50,3248,ZeroMinusTick,76ec6d7e-0164-823c-42c7-a338176cfd0c,235035,96
2018-12-14 06:00:41.303,181218225150934,18121406,XBTUSD,Sell,1831,3248,ZeroMinusTick,5c7183e3-75d7-9526-b271-7423cd6e58e0,236866,97
2018-12-14 06:00:41.303,181218225150934,18121406,XBTUSD,Sell,50,3248,ZeroMinusTick,a3856bdb-e07d-7789-b4ba-95cdd2b2a86f,236916,98
2018-12-14 06:00:53.287,181218225150934,18121406,XBTUSD,Sell,3000,3248,MinusTick,eacc57b6-bb43-caf2-b884-b59b1adc3236,239916,99
2018-12-14 06:01:11.048,181218225150934,18121406,XBTUSD,Buy,200,3248.5,PlusTick,47222037-ec35-841a-2a6b-3d3fef07fa4e,240116,100
2018-12-14 06:01:20.723,181218225150934,18121406,XBTUSD,Buy,200,3248.5,ZeroPlusTick,ca8acff2-8dcd-1365-2ef0-c3add4daff2d,240316,101
2018-12-14 06:01:21.492,181218225150934,18121406,XBTUSD,Buy,4,3248.5,PlusTick,b8c272b7-6830-6795-fbc5-ba9ebb8d910e,240320,102
2018-12-14 06:01:33.668,181218225150934,18121406,XBTUSD,Buy,30,3248.5,ZeroPlusTick,82c64101-b4d2-5027-c546-85206f35ba3c,240350,103
2018-12-14 06:01:33.668,181218225150934,18121406,XBTUSD,Buy,20,3248.5,ZeroPlusTick,37f188a5-09b0-2b85-10bb-032c59055a08,240370,104
2018-12-14 06:01:33.668,181218225150934,18121406,XBTUSD,Buy,1000,3248.5,ZeroPlusTick,e7f1ccd1-27ff-ca5a-a0a8-335314b82203,241370,105
2018-12-14 06:01:48.750,181218225150934,18121406,XBTUSD,Sell,10000,3248,ZeroMinusTick,f80f4100-0af7-1eeb-82f3-724f79e8633a,251370,106
2018-12-14 06:02:04.169,181218225150934,18121406,XBTUSD,Sell,1573,3248,ZeroMinusTick,4c558353-e680-4f6b-4d43-83a277394394,252943,107
2018-12-14 06:02:19.221,181218225150934,18121406,XBTUSD,Buy,11245,3248.5,ZeroPlusTick,0c044963-0eb4-6ffc-7c19-883134102e5f,264188,108
2018-12-14 06:02:19.825,181218225150934,18121406,XBTUSD,Buy,200,3248.5,ZeroPlusTick,133e1c2f-5dd0-2c58-1c9c-9f04faa9f486,264388,109
2018-12-14 06:02:19.825,181218225150934,18121406,XBTUSD,Buy,5000,3248.5,ZeroPlusTick,3f681564-0003-0567-a20c-8249733f6f80,269388,110
2018-12-14 06:02:19.825,181218225150934,18121406,XBTUSD,Buy,35,3248.5,ZeroPlusTick,5781bd22-0a6a-80ce-a602-18c600555434,269423,111
2018-12-14 06:02:21.252,181218225150934,18121406,XBTUSD,Buy,287,3248.5,ZeroPlusTick,c6e13d39-5bd3-cf52-722c-3187ad49cf31,269710,112
2018-12-14 06:02:21.252,181218225150934,18121406,XBTUSD,Buy,52000,3248.5,ZeroPlusTick,f0615c6d-6e77-0e20-4681-6f43adaa9c2a,321710,113
2018-12-14 06:02:22.560,181218225150934,18121406,XBTUSD,Buy,35,3249,ZeroPlusTick,5355a3d0-2f67-e370-1f30-cc7207a05a15,321745,114
2018-12-14 06:02:22.560,181218225150934,18121406,XBTUSD,Buy,20,3249,ZeroPlusTick,50eb08d2-a58d-4d1b-31a2-10f9373cf636,321765,115
2018-12-14 06:02:24.329,181218225150935,18121406,XBTUSD,Buy,50,3249,ZeroPlusTick,8a626924-6795-e08b-40f5-6a73084d6145,321815,116
2018-12-14 06:02:27.199,181218225150935,18121406,XBTUSD,Buy,50,3249,ZeroPlusTick,d4c2e2c5-51dd-1670-d284-a6c8692a50eb,321865,117
2018-12-14 06:02:27.199,181218225150935,18121406,XBTUSD,Buy,20,3249.5,ZeroPlusTick,f7e573ad-7e89-f338-89aa-836d93e6dbba,321885,118
2018-12-14 06:02:28.540,181218225150935,18121406,XBTUSD,Buy,1159,3249.5,ZeroPlusTick,359c6ddf-7f77-8e54-973c-470c025ad228,323044,119
2018-12-14 06:00:06.587,181218225150935,18121406,XBTUSD,Buy,10,3248.5,PlusTick,c1a846f2-47ab-28bf-891e-1270db2f3783,323054,120
2018-12-14 06:00:07.380,181218225150935,18121406,XBTUSD,Sell,77,3248,ZeroMinusTick,5a9a5cdb-3dea-a900-740b-0fd1968c862f,323131,121
2018-12-14 06:00:08.887,181218225150935,18121406,XBTUSD,Sell,100,3248,ZeroMinusTick,4dc34943-df32-450a-5415-422c39b0dd4c,323231,122
2018-12-14 06:00:08.985,181218225150935,18121406,XBTUSD,Sell,5000,3248,ZeroMinusTick,92bcda22-59ea-5144-9ac5-e2a87d1c3b8b,328231,123
2018-12-14 06:00:09.360,181218225150935,18121406,XBTUSD,Sell,2098,3248,ZeroMinusTick,7c761ed7-7efc-c831-ea7b-616479faded7,330329,124
2018-12-14 06:00:09.754,181218225150935,18121406,XBTUSD,Sell,1500,3248,ZeroMinusTick,03d27bc5-d78b-5fa9-deb6-5d57c8ffb084,331829,125
2018-12-14 06:00:09.828,181218225150935,18121406,XBTUSD,Sell,200,3248,ZeroMinusTick,ccbe5d99-cb7c-dc88-d7b5-bf3876bf8b03,332029,126
2018-12-14 06:00:14.870,181218225150935,18121406,XBTUSD,Sell,26,3248,ZeroMinusTick,dc850171-eb36-a165-3490-c87e55575cb9,332055,127
2018-12-14 06:00:21.855,181218225150935,18121406,XBTUSD,Sell,2000,3248,MinusTick,1efaf3f2-bb92-f2e3-2241-4e27edce947f,334055,128
2018-12-14 06:00:24.929,181218225150935,18121406,XBTUSD,Buy,1986,3248.5,PlusTick,ad5b70b1-3a18-dd54-4e87-bd8207a3641f,336041,129
2018-12-14 06:00:32.890,181218225150935,18121406,XBTUSD,Sell,1000,3248,MinusTick,62b42e69-224e-1309-2be8-20a4e5643e56,337041,130
2018-12-14 06:00:41.303,181218225150935,18121406,XBTUSD,Sell,20,3248,ZeroMinusTick,853b2cf1-6d32-2b2d-69a0-af3ea9e4423f,337061,131
2018-12-14 06:00:41.303,181218225150935,18121406,XBTUSD,Sell,30000,3248,ZeroMinusTick,4ced09f0-0533-f5ef-bd90-e4c213f7e0b6,367061,132
2018-12-14 06:00:41.303,181218225150935,18121406,XBTUSD,Sell,904,3248,ZeroMinusTick,df58e3b4-98ce-1a06-e837-b4863e214583,367965,133
2018-12-14 06:00:41.303,181218225150935,18121406,XBTUSD,Sell,3,3248,ZeroMinusTick,53d7fb8f-c839-e66e-a4f9-8e2d1eebcdcd,367968,134
2018-12-14 06:00:41.303,181218225150935,18121406,XBTUSD,Sell,500,3248,ZeroMinusTick,a0958ed5-72ad-98f4-b888-cf4a2339e1a8,368468,135
2018-12-14 06:01:05.389,181218225150935,18121406,XBTUSD,Sell,6,3248,ZeroMinusTick,6024e3a8-f6c2-283f-dd3a-adc69c0895f0,368474,136
2018-12-14 06:01:20.723,181218225150935,18121406,XBTUSD,Buy,5000,3248.5,ZeroPlusTick,55a96d85-653b-0090-125c-445bf0c11f00,373474,137
2018-12-14 06:01:32.634,181218225150935,18121406,XBTUSD,Sell,25,3248,ZeroMinusTick,8a1f72c4-c0c5-3ff6-a954-a7de20e167cd,373499,138
2018-12-14 06:01:33.668,181218225150935,18121406,XBTUSD,Buy,38,3248.5,ZeroPlusTick,2020a29a-add8-b3ae-e20c-a5ae230e39d4,373537,139
2018-12-14 06:01:33.668,181218225150935,18121406,XBTUSD,Buy,30,3248.5,ZeroPlusTick,3135be25-c806-a45f-1cdd-8e8f9cc231f7,373567,140
2018-12-14 06:01:33.668,181218225150935,18121406,XBTUSD,Buy,7791,3248.5,ZeroPlusTick,902ce197-8f7f-0ddd-ed02-015019db1bdd,381358,141
2018-12-14 06:01:45.616,181218225150935,18121406,XBTUSD,Sell,1200,3248,MinusTick,0a2361cf-6bd6-0a1d-0f4d-16fe946967a7,382558,142
2018-12-14 06:01:45.975,181218225150935,18121406,XBTUSD,Sell,10000,3248,ZeroMinusTick,dcb272e0-3914-b756-f018-abff8e700d3e,392558,143
2018-12-14 06:01:53.743,181218225150935,18121406,XBTUSD,Sell,10000,3248,ZeroMinusTick,0d4a5a34-40cb-8b66-5618-8b5cb356db5e,402558,144
2018-12-14 06:02:04.169,181218225150935,18121406,XBTUSD,Sell,882,3248,ZeroMinusTick,fa0dd0af-d3da-686c-c617-d559facd84e5,403440,145
2018-12-14 06:02:15.190,181218225150935,18121406,XBTUSD,Buy,20,3248.5,ZeroPlusTick,84e24fb0-ef0f-acda-e792-00d490165a6f,403460,146
2018-12-14 06:02:19.825,181218225150935,18121406,XBTUSD,Buy,50000,3248.5,ZeroPlusTick,133a8528-f26b-e1f8-93f7-24bb95ad288e,453460,147
2018-12-14 06:02:19.825,181218225150935,18121406,XBTUSD,Buy,100,3248.5,ZeroPlusTick,615b5a5e-0917-afa0-e9c1-008d2355a42f,453560,148
2018-12-14 06:02:19.825,181218225150935,18121406,XBTUSD,Buy,88,3248.5,ZeroPlusTick,2224d026-189a-c668-6cc1-1b6f12242dfd,453648,149
2018-12-14 06:02:20.583,181218225150935,18121406,XBTUSD,Buy,20,3248.5,ZeroPlusTick,c87d41df-f307-d87f-7c10-886def10e6b4,453668,150
2018-12-14 06:02:21.252,181218225150935,18121406,XBTUSD,Buy,2000,3248.5,ZeroPlusTick,86ed828b-fb1c-06ba-adf1-28fb05dc57ec,455668,151
2018-12-14 06:02:22.560,181218225150935,18121406,XBTUSD,Buy,30,3249,PlusTick,5e2880cb-8d95-2aab-2655-0547f3289b51,455698,152
2018-12-14 06:00:03.698,181218225150935,18121406,XBTUSD,Sell,100,3248,ZeroMinusTick,626b8342-ec94-dd65-3e2f-2a3d47e0b0ef,455798,153
2018-12-14 06:00:14.870,181218225150935,18121406,XBTUSD,Sell,500,3248,ZeroMinusTick,53c1cdbb-7441-4dbb-5961-858ccad335dc,456298,154
2018-12-14 06:00:35.382,181218225150935,18121406,XBTUSD,Sell,86,3248,ZeroMinusTick,e9dc2ed1-84e1-a7d6-eccd-7e70b01fc47c,456384,155
2018-12-14 06:00:41.303,181218225150935,18121406,XBTUSD,Sell,25,3248,ZeroMinusTick,73a97de4-16aa-ab85-6a59-0784d71b4662,456409,156
2018-12-14 06:00:41.303,181218225150935,18121406,XBTUSD,Sell,12,3248,ZeroMinusTick,0fd3e303-712b-1368-48b3-fc616ec2112b,456421,157
2018-12-14 06:00:41.303,181218225150935,18121406,XBTUSD,Sell,10,3248,ZeroMinusTick,ea47b8c3-d092-cbcd-c0d4-aa065224d1cf,456431,158
2018-12-14 06:00:41.303,181218225150935,18121406,XBTUSD,Sell,20,3248,ZeroMinusTick,4acd1798-8e81-fccf-c288-276435ec5279,456451,159
2018-12-14 06:00:41.303,181218225150935,18121406,XBTUSD,Sell,2856,3248,ZeroMinusTick,e780e0bf-4da3-dcf1-7739-785f0aaca730,459307,160
2018-12-14 06:00:43.311,181218225150935,18121406,XBTUSD,Buy,200,3248.5,PlusTick,6afd38d7-a052-b6f5-9ad7-0da1d192f0e8,459507,161
2018-12-14 06:01:04.613,181218225150935,18121406,XBTUSD,Sell,12,3248,MinusTick,1d75e1d8-349a-c7a0-6a88-f65b7ac79872,459519,162
2018-12-14 06:01:11.656,181218225150935,18121406,XBTUSD,Sell,1000,3248,MinusTick,98a519f7-c37d-a8c4-6bcc-4bb4fa45b291,460519,163
2018-12-14 06:01:20.723,181218225150935,18121406,XBTUSD,Buy,1800,3248.5,PlusTick,072addb8-3e23-7e3a-eb02-f6451e35e532,462319,164
2018-12-14 06:01:31.448,181218225150935,18121406,XBTUSD,Buy,20000,3248.5,PlusTick,146aaaf3-9dae-54b7-329c-e7fa95ab2940,482319,165
2018-12-14 06:01:31.570,181218225150935,18121406,XBTUSD,Sell,500,3248,MinusTick,93026e7c-7a3d-9427-d592-e5c17231406d,482819,166
2018-12-14 06:01:33.668,181218225150935,18121406,XBTUSD,Buy,1950,3248.5,ZeroPlusTick,7a00e57d-0286-a4ea-c16c-48c41ee7e485,484769,167
2018-12-14 06:01:33.668,181218225150935,18121406,XBTUSD,Buy,162,3248.5,ZeroPlusTick,7ab51344-9347-3c27-c8c1-03fe28525cf5,484931,168
2018-12-14 06:02:15.190,181218225150935,18121406,XBTUSD,Buy,10,3248.5,ZeroPlusTick,599581c3-0208-b9fe-a535-29f8c3e38168,484941,169
2018-12-14 06:02:19.221,181218225150935,18121406,XBTUSD,Buy,2000,3248.5,ZeroPlusTick,e8a6e3dd-33d5-cb13-c7bf-6ecbbe92485b,486941,170
2018-12-14 06:02:19.825,181218225150935,18121406,XBTUSD,Buy,21,3248.5,ZeroPlusTick,00a5af9c-afbe-e7ff-019e-213eafdae49b,486962,171
2018-12-14 06:02:19.825,181218225150935,18121406,XBTUSD,Buy,5000,3248.5,ZeroPlusTick,6849fe46-ed71-a146-397c-15b01a877430,491962,172
2018-12-14 06:02:19.825,181218225150935,18121406,XBTUSD,Buy,162,3248.5,ZeroPlusTick,ba903326-782d-7078-402d-7c7b7db0cca9,492124,173
2018-12-14 06:02:21.252,181218225150935,18121406,XBTUSD,Buy,50,3248.5,ZeroPlusTick,9b3d9260-e4df-c82c-2b60-8214ee0c95a2,492174,174
2018-12-14 06:02:22.560,181218225150935,18121406,XBTUSD,Buy,162,3248.5,ZeroPlusTick,6e865891-6218-a496-8c8f-415b722aa352,492336,175
2018-12-14 06:02:22.560,181218225150935,18121406,XBTUSD,Buy,25,3249,ZeroPlusTick,77c1f32d-3a0f-9716-43d3-db4d1e5b912b,492361,176
2018-12-14 06:02:22.560,181218225150935,18121406,XBTUSD,Buy,820,3249,ZeroPlusTick,bf2b29c2-471a-30fb-34ac-3674770fd897,493181,177
2018-12-14 06:02:27.199,181218225150935,18121406,XBTUSD,Buy,8000,3249,ZeroPlusTick,02b722bc-88e4-bf4f-c3cc-778fb48dcbf4,501181,178
2018-12-14 06:02:27.199,181218225150935,18121406,XBTUSD,Buy,3000,3249,ZeroPlusTick,8668d96a-a04e-c5ed-b56e-1292282c828f,504181,179
2018-12-14 06:02:28.540,181218225150935,18121406,XBTUSD,Buy,3337,3249.5,ZeroPlusTick,2e76cfdb-3a99-511f-95de-38e4a576a22c,507518,180
2018-12-14 06:02:35.109,181218225150935,18121406,XBTUSD,Buy,150,3250,ZeroPlusTick,0b1b8908-8ea2-5ac3-cda7-bac4b5aa7cbe,507668,181
2018-12-14 06:02:39.151,181218225150935,18121406,XBTUSD,Buy,61,3250,ZeroPlusTick,fe968233-0fdd-a379-2858-e9b037b92ee4,507729,182
2018-12-14 06:02:39.443,181218225150935,18121406,XBTUSD,Buy,2939,3250,ZeroPlusTick,e1fcad50-d2ac-22ac-14b3-74e7b79dad8f,510668,183
2018-12-14 06:02:43.743,181218225150935,18121406,XBTUSD,Buy,1000,3250,ZeroPlusTick,07c4fdc9-756d-95b2-6768-0e8140e87b33,511668,184
2018-12-14 06:00:14.870,181218225150935,18121406,XBTUSD,Sell,60,3248,ZeroMinusTick,02cdcea6-8ee2-25d7-aed8-456c9988aab1,511728,185
2018-12-14 06:00:41.303,181218225150935,18121406,XBTUSD,Sell,14,3248,ZeroMinusTick,eda69e15-ae23-4f2e-39e8-997a9c31e072,511742,186
2018-12-14 06:00:41.303,181218225150935,18121406,XBTUSD,Sell,9,3248,ZeroMinusTick,b5022ae7-586b-e47d-3e9c-ea64dbe4fe4a,511751,187
2018-12-14 06:00:41.303,181218225150935,18121406,XBTUSD,Sell,1000,3248,ZeroMinusTick,afb14b53-1563-415a-5de5-a5c346369641,512751,188
2018-12-14 06:00:41.303,181218225150935,18121406,XBTUSD,Sell,7,3248,ZeroMinusTick,9cca856e-060c-6a3d-869d-d20e2de1c756,512758,189
2018-12-14 06:00:41.303,181218225150935,18121406,XBTUSD,Sell,13000,3248,ZeroMinusTick,cfc7b672-8432-65bc-2118-2256309e38de,525758,190
2018-12-14 06:00:41.702,181218225150935,18121406,XBTUSD,Sell,627,3248,ZeroMinusTick,62092b85-8de7-7e4d-a3ec-cdf388c4cb7a,526385,191
2018-12-14 06:01:14.807,181218225150935,18121406,XBTUSD,Sell,1000,3248,ZeroMinusTick,c32555b7-1059-9636-5f3f-f12a26e0a44b,527385,192
2018-12-14 06:01:20.723,181218225150935,18121406,XBTUSD,Buy,2000,3248.5,ZeroPlusTick,64eaf033-43ad-cbb6-50b7-8f469658c4c7,529385,193
2018-12-14 06:01:26.848,181218225150935,18121406,XBTUSD,Sell,25000,3248,MinusTick,9e234c86-098e-8257-98e2-145082869149,554385,194
2018-12-14 06:01:26.958,181218225150935,18121406,XBTUSD,Sell,25,3248,ZeroMinusTick,5a9d0b58-f8d0-a6d5-b748-c03295fc4549,554410,195
2018-12-14 06:01:33.668,181218225150935,18121406,XBTUSD,Buy,162,3248.5,ZeroPlusTick,b6ca688a-3234-9696-4d33-99716624b3fc,554572,196
2018-12-14 06:01:33.668,181218225150936,18121406,XBTUSD,Buy,20000,3248.5,ZeroPlusTick,357ac508-4dd8-2e8a-a0c7-d091685d421c,574572,197
2018-12-14 06:01:46.205,181218225150936,18121406,XBTUSD,Sell,306,3248,ZeroMinusTick,b28f39c5-fbbb-c431-e787-a518d1d5c007,574878,198
2018-12-14 06:02:19.221,181218225150936,18121406,XBTUSD,Buy,2000,3248.5,ZeroPlusTick,a5735f2c-c67b-e4d0-a3f1-8b06ee36d954,576878,199
2018-12-14 06:02:19.825,181218225150936,18121406,XBTUSD,Buy,60000,3248.5,ZeroPlusTick,2fd46665-1057-d661-47cf-f9b91948518e,636878,200
2018-12-14 06:02:19.825,181218225150936,18121406,XBTUSD,Buy,35,3248.5,ZeroPlusTick,ff8aae92-b03e-c759-2ddd-5d15477dca45,636913,201
2018-12-14 06:02:19.825,181218225150936,18121406,XBTUSD,Buy,9,3248.5,ZeroPlusTick,8e22ba6d-3fcd-5bc5-2d67-38606fc44c66,636922,202
2018-12-14 06:02:21.252,181218225150936,18121406,XBTUSD,Buy,5000,3248.5,ZeroPlusTick,dd5410fa-4efa-83a3-aea3-ca4d1fff17e4,641922,203
2018-12-14 06:02:22.560,181218225150936,18121406,XBTUSD,Buy,27,3248.5,ZeroPlusTick,8e79f1dc-90d4-0d38-62ee-f7c90185ede5,641949,204
2018-12-14 06:02:22.560,181218225150936,18121406,XBTUSD,Buy,30,3249,ZeroPlusTick,9d5d712c-8f62-f42a-6600-26f7f21ed0d6,641979,205
2018-12-14 06:02:22.560,181218225150936,18121406,XBTUSD,Buy,100,3249,ZeroPlusTick,ead7302f-7cad-7b9c-0d5a-1179b6e13e90,642079,206
2018-12-14 06:02:24.329,181218225150936,18121406,XBTUSD,Buy,1465,3249,ZeroPlusTick,dc85e445-e811-a711-442d-ec542bc2c19e,643544,207
2018-12-14 06:02:27.199,181218225150936,18121406,XBTUSD,Buy,72,3249,ZeroPlusTick,4b1bfff4-1615-5471-5fa2-a8457abdd651,643616,208
2018-12-14 06:02:27.199,181218225150936,18121406,XBTUSD,Buy,10,3249.5,ZeroPlusTick,6ce91085-5295-06e3-bc55-85c8c35b9d8e,643626,209
2018-12-14 06:02:35.109,181218225150936,18121406,XBTUSD,Buy,3339,3250,PlusTick,b1321c28-097a-238f-bca6-fb7b44a4b15a,646965,210
2018-12-14 06:02:43.743,181218225150936,18121406,XBTUSD,Buy,1000,3250,ZeroPlusTick,ab373714-296d-c2c9-1a62-f9eb1be2f04a,647965,211
2018-12-14 06:02:43.743,181218225150936,18121406,XBTUSD,Buy,1000,3250,ZeroPlusTick,827478d6-fb2e-97bf-7070-eafde7cf0d31,648965,212
2018-12-14 06:02:43.743,181218225150936,18121406,XBTUSD,Buy,15,3250,ZeroPlusTick,b4fdfec5-d7a6-cf1e-de32-978233c75091,648980,213
2018-12-14 06:00:15.542,181218225150936,18121406,XBTUSD,Buy,480,3248.5,PlusTick,c875d9a0-35be-1d4b-e90e-a1790e93689d,649460,214
2018-12-14 06:00:18.412,181218225150936,18121406,XBTUSD,Buy,1986,3248.5,PlusTick,7f13e457-86e1-7da1-3a23-d9bd111c1949,651446,215
2018-12-14 06:00:41.303,181218225150936,18121406,XBTUSD,Sell,11,3248,ZeroMinusTick,88680863-20e8-155f-b566-7a0751d6ade6,651457,216
2018-12-14 06:00:41.303,181218225150936,18121406,XBTUSD,Sell,3000,3248,ZeroMinusTick,59911bdb-ab00-6038-5c1f-f99aeff4eebf,654457,217
2018-12-14 06:00:41.303,181218225150936,18121406,XBTUSD,Sell,11,3248,ZeroMinusTick,5f9e0b5d-c6a8-1969-5f0d-bd5f0b56cecf,654468,218
2018-12-14 06:00:41.303,181218225150936,18121406,XBTUSD,Sell,20,3248,ZeroMinusTick,4fd448a2-c91e-b156-20cf-247a7482ab89,654488,219
2018-12-14 06:00:41.303,181218225150936,18121406,XBTUSD,Sell,5000,3248,ZeroMinusTick,4c408dcc-901e-4ec1-a9fe-619c34d3d420,659488,220
2018-12-14 06:01:18.115,181218225150936,18121406,XBTUSD,Buy,200,3248.5,PlusTick,037ae58e-a1f9-7aba-d229-a56c30c2dec8,659688,221
2018-12-14 06:01:20.723,181218225150936,18121406,XBTUSD,Buy,2000,3248.5,ZeroPlusTick,8e163ffa-a6fa-4d52-11be-bf9e2750c4ba,661688,222
2018-12-14 06:01:26.480,181218225150936,18121406,XBTUSD,Buy,100,3248.5,PlusTick,87a80862-27b8-bef2-7964-3aa764aeb8bf,661788,223
2018-12-14 06:01:33.668,181218225150936,18121406,XBTUSD,Buy,162,3248.5,ZeroPlusTick,f7517f95-2f31-a34f-334f-30ae72bf9c9e,661950,224
2018-12-14 06:01:33.668,181218225150936,18121406,XBTUSD,Buy,584,3248.5,ZeroPlusTick,54d75309-e75b-fc92-541d-9e0e7e3bb831,662534,225
2018-12-14 06:01:44.962,181218225150936,18121406,XBTUSD,Buy,10,3248.5,PlusTick,c0e54ffe-1856-8f26-9ab6-1cd0c5433c31,662544,226
2018-12-14 06:01:51.237,181218225150936,18121406,XBTUSD,Sell,10000,3248,MinusTick,1bb8db5f-4905-2d02-61cf-886ac3550233,672544,227
2018-12-14 06:01:56.182,181218225150936,18121406,XBTUSD,Sell,10000,3248,ZeroMinusTick,9df8c3b7-3ad1-c45b-6882-0d4bf769194c,682544,228
2018-12-14 06:02:15.190,181218225150936,18121406,XBTUSD,Buy,20,3248.5,ZeroPlusTick,6082dcde-2834-017a-4f60-201803c1f329,682564,229
2018-12-14 06:02:19.221,181218225150936,18121406,XBTUSD,Buy,1979,3248.5,ZeroPlusTick,2d4b38eb-8a07-a170-c62b-b946f2d36a51,684543,230
2018-12-14 06:02:19.825,181218225150936,18121406,XBTUSD,Buy,300,3248.5,ZeroPlusTick,be962158-2d23-d105-7775-7024d94838f5,684843,231
2018-12-14 06:02:19.825,181218225150936,18121406,XBTUSD,Buy,39,3248.5,ZeroPlusTick,efcce74b-1887-1d39-c9ff-b6e7ea09dd89,684882,232
2018-12-14 06:02:19.825,181218225150936,18121406,XBTUSD,Buy,10,3248.5,ZeroPlusTick,06d973eb-d3ab-df7b-8b9f-48c3a10c68de,684892,233
2018-12-14 06:02:21.252,181218225150936,18121406,XBTUSD,Buy,1554,3248.5,ZeroPlusTick,a46050a9-5251-7af2-2bf0-8c73c5e534ad,686446,234
2018-12-14 06:02:22.560,181218225150936,18121406,XBTUSD,Buy,21,3248.5,ZeroPlusTick,c9172210-5889-a63f-0802-308439f8975b,686467,235
2018-12-14 06:02:22.560,181218225150936,18121406,XBTUSD,Buy,8000,3249,ZeroPlusTick,bcd7baa6-3fdb-777b-f0f8-dcf137a7e138,694467,236
2018-12-14 06:02:22.560,181218225150936,18121406,XBTUSD,Buy,1615,3249,ZeroPlusTick,9b65b94d-6e60-3f42-4852-afc7fc80257c,696082,237
2018-12-14 06:02:24.329,181218225150936,18121406,XBTUSD,Buy,2600,3249,ZeroPlusTick,226949ba-492f-50f2-b0d9-e5cbfc339df9,698682,238
2018-12-14 06:02:27.199,181218225150936,18121406,XBTUSD,Buy,100,3249,ZeroPlusTick,4990b0c1-fc18-f88c-61de-fabe2c0b0f44,698782,239
2018-12-14 06:02:27.199,181218225150936,18121406,XBTUSD,Buy,20,3249.5,ZeroPlusTick,86b859d3-e667-91e6-8e8e-b198e97ca9b2,698802,240
2018-12-14 06:02:28.540,181218225150936,18121406,XBTUSD,Buy,4000,3249.5,ZeroPlusTick,44bd0fe5-f8d5-2d7a-7be1-abed34530ef0,702802,241
2018-12-14 06:02:39.443,181218225150936,18121406,XBTUSD,Buy,435,3250,ZeroPlusTick,57ecbf06-81b5-b38c-393f-3969aa89bf87,703237,242
2018-12-14 06:02:43.623,181218225150936,18121406,XBTUSD,Buy,1000,3250,ZeroPlusTick,cc746075-ed86-fba7-2418-29584f889397,704237,243
2018-12-14 06:00:33.223,181218225150936,18121406,XBTUSD,Buy,200,3248.5,PlusTick,62eb8826-1d78-6969-b6b7-cd61dd4d8ba8,704437,244
2018-12-14 06:00:41.303,181218225150936,18121406,XBTUSD,Sell,9,3248,ZeroMinusTick,bf9530f9-550d-1f6c-b191-4855f9f086b7,704446,245
2018-12-14 06:00:41.303,181218225150936,18121406,XBTUSD,Sell,20,3248,ZeroMinusTick,9d073f71-7784-22fb-47f1-d36091f435f4,704466,246
2018-12-14 06:00:41.303,181218225150936,18121406,XBTUSD,Sell,50,3248,ZeroMinusTick,1ce97f51-6198-5052-5664-c9f0ba08df00,704516,247
2018-12-14 06:00:41.303,181218225150936,18121406,XBTUSD,Sell,228,3248,ZeroMinusTick,23b509ec-c450-592d-0007-a72e2f46142c,704744,248
2018-12-14 06:00:41.303,181218225150936,18121406,XBTUSD,Sell,1383,3248,ZeroMinusTick,317e2b0f-520f-287b-4958-f60b05915f8d,706127,249
2018-12-14 06:00:41.702,181218225150936,18121406,XBTUSD,Sell,200,3248,ZeroMinusTick,bf5391e5-5a97-19cc-20ff-c04791a3e2e0,706327,250
2018-12-14 06:00:50.631,181218225150936,18121406,XBTUSD,Buy,1000,3248.5,ZeroPlusTick,07ca418f-d91f-0c82-4d81-bb67cf7e0f05,707327,251
2018-12-14 06:01:01.172,181218225150936,18121406,XBTUSD,Buy,500,3248.5,PlusTick,d64582db-1b60-8d98-9e7d-a85dc58ff63f,707827,252
2018-12-14 06:01:20.723,181218225150936,18121406,XBTUSD,Buy,3000,3248.5,ZeroPlusTick,379c9caf-4a17-eee0-08ae-ad84e598d739,710827,253
2018-12-14 06:01:20.892,181218225150936,18121406,XBTUSD,Buy,525,3248.5,ZeroPlusTick,4e79e78d-857e-5c8a-e108-c8cf106f1407,711352,254
2018-12-14 06:01:21.492,181218225150936,18121406,XBTUSD,Buy,496,3248.5,ZeroPlusTick,d0a203e3-ede7-72d4-c774-d0c2e327275f,711848,255
2018-12-14 06:01:23.205,181218225150936,18121406,XBTUSD,Buy,1000,3248.5,ZeroPlusTick,1cdc0919-567d-e4a0-54eb-a34baca49d10,712848,256
2018-12-14 06:01:33.668,181218225150936,18121406,XBTUSD,Buy,13,3248.5,ZeroPlusTick,3e8b3d99-dab6-8c75-5ee6-dd4c98e3f418,712861,257
2018-12-14 06:01:33.668,181218225150936,18121406,XBTUSD,Buy,20,3248.5,ZeroPlusTick,b9d105f2-6036-759e-9a77-83560f8b1e85,712881,258
2018-12-14 06:01:42.503,181218225150936,18121406,XBTUSD,Buy,20,3248.5,PlusTick,25d6f3ca-b12a-793a-21f8-1d7e099ce12a,712901,259
2018-12-14 06:01:42.924,181218225150936,18121406,XBTUSD,Sell,10000,3248,MinusTick,b0092062-b944-d887-7912-f26eb0eee3ed,722901,260
2018-12-14 06:02:15.190,181218225150936,18121406,XBTUSD,Buy,50,3248.5,ZeroPlusTick,669aaea4-7635-2476-4823-a9112fc5f690,722951,261
2018-12-14 06:02:19.221,181218225150936,18121406,XBTUSD,Buy,1000,3248.5,ZeroPlusTick,be80b2e0-763e-de78-3cec-cef1e74bac51,723951,262
2018-12-14 06:02:19.825,181218225150936,18121406,XBTUSD,Buy,1624,3248.5,ZeroPlusTick,99b53e2d-efd9-ceea-90a6-0348dba8afbd,725575,263
2018-12-14 06:02:19.825,181218225150936,18121406,XBTUSD,Buy,5000,3248.5,ZeroPlusTick,7468a018-5593-6b78-4065-c7a1774c8c8e,730575,264
2018-12-14 06:02:19.825,181218225150936,18121406,XBTUSD,Buy,3094,3248.5,ZeroPlusTick,a2f20ad5-775b-bd2f-d461-b25c5fa3f03f,733669,265
2018-12-14 06:02:21.252,181218225150936,18121406,XBTUSD,Buy,385,3248.5,ZeroPlusTick,8cb23fa7-972c-6a1b-3a6a-d23c5f1a9921,734054,266
2018-12-14 06:02:22.560,181218225150936,18121406,XBTUSD,Buy,26,3248.5,ZeroPlusTick,ffc9d08a-6fe2-e217-2a54-003a510779d7,734080,267
2018-12-14 06:02:22.560,181218225150936,18121406,XBTUSD,Buy,100,3249,ZeroPlusTick,9c415551-0c36-3b79-c53d-1417683a97fb,734180,268
2018-12-14 06:02:22.560,181218225150936,18121406,XBTUSD,Buy,36,3249,ZeroPlusTick,e74bb749-d326-f699-c9e8-7baf79bf4c80,734216,269
2018-12-14 06:02:25.642,181218225150936,18121406,XBTUSD,Buy,40000,3249,ZeroPlusTick,b4725899-9517-ea94-113c-7a0aca710b40,774216,270
2018-12-14 06:02:27.199,181218225150936,18121406,XBTUSD,Buy,8,3249,ZeroPlusTick,7db830e8-fbfb-c6c5-1b93-3001a59f41ec,774224,271
2018-12-14 06:02:27.199,181218225150936,18121406,XBTUSD,Buy,100,3249.5,ZeroPlusTick,c66e9911-3401-29b1-adb6-bec36464dd8c,774324,272
2018-12-14 06:02:28.540,181218225150936,18121406,XBTUSD,Buy,31,3249.5,ZeroPlusTick,f57a02f1-ef90-6523-75c6-61dc5e2ac007,774355,273
2018-12-14 06:02:39.151,181218225150936,18121406,XBTUSD,Buy,439,3250,ZeroPlusTick,1b0d81b1-8caf-c3c6-5927-1c9a07d29b65,774794,274
2018-12-14 06:02:39.443,181218225150936,18121406,XBTUSD,Buy,600,3250,ZeroPlusTick,5f8485c0-0183-9917-ab5a-5b2a6b3ba39c,775394,275
2018-12-14 06:02:43.743,181218225150936,18121406,XBTUSD,Buy,1000,3250,ZeroPlusTick,d450f92e-2144-abe2-8366-a242a6ed4ff4,776394,276
2018-12-14 06:02:43.743,181218225150936,18121406,XBTUSD,Buy,100,3250,ZeroPlusTick,a192e09b-73e2-4d31-355e-83e0c22c8ae1,776494,277
2018-12-14 06:02:43.743,181218225150936,18121406,XBTUSD,Buy,162,3250,ZeroPlusTick,5c40f38b-3286-dd92-4dad-97dbeb5ac753,776656,278
2018-12-14 06:02:43.743,181218225150936,18121406,XBTUSD,Buy,30,3250.5,ZeroPlusTick,6f7e6f72-120e-f9c2-5a74-ae48fdfb5a1d,776686,279
2018-12-14 06:02:43.743,181218225150936,18121406,XBTUSD,Buy,6097,3250.5,ZeroPlusTick,c37f96e2-2653-a6c0-f782-e7e3068e6bd6,782783,280
2018-12-14 06:02:43.743,181218225150936,18121406,XBTUSD,Buy,16,3250.5,ZeroPlusTick,2b4ac4d0-d124-2d66-afbb-39aecc8a04bf,782799,281
2018-12-14 06:02:43.743,181218225150936,18121406,XBTUSD,Buy,1800,3250.5,ZeroPlusTick,5e556507-8863-f5e3-f261-a853f6e27f50,784599,282
2018-12-14 06:02:46.815,181218225150937,18121406,XBTUSD,Buy,3000,3251,ZeroPlusTick,00d96740-9813-8cea-1aeb-c01781990f42,787599,283
2018-12-14 06:00:58.264,181218225150937,18121406,XBTUSD,Buy,800,3248.5,PlusTick,8d322e3a-2f7b-beed-9266-bf83751b73ff,788399,284
2018-12-14 06:00:58.703,181218225150937,18121406,XBTUSD,Sell,1800,3248,MinusTick,e50062d0-ebf5-61da-ae1b-5597eb7d0d5d,790199,285
2018-12-14 06:01:20.723,181218225150937,18121406,XBTUSD,Buy,5000,3248.5,ZeroPlusTick,495433b0-1482-fcf4-6635-c09e9ab7f2a6,795199,286
2018-12-14 06:01:21.447,181218225150937,18121406,XBTUSD,Sell,100,3248,MinusTick,402c6fc7-8285-93c5-c750-cb29dbccb7c3,795299,287
2018-12-14 06:01:33.414,181218225150937,18121406,XBTUSD,Sell,25,3248,ZeroMinusTick,7c3b29a1-0b90-21a4-c615-723c70195847,795324,288
2018-12-14 06:01:33.668,181218225150937,18121406,XBTUSD,Buy,2206,3248.5,PlusTick,e4a47de0-ec07-5080-0a2f-721f4d71244e,797530,289
2018-12-14 06:01:33.668,181218225150937,18121406,XBTUSD,Buy,6275,3248.5,ZeroPlusTick,60153e30-9522-e702-6f92-f63b2f2689f9,803805,290
2018-12-14 06:01:33.668,181218225150937,18121406,XBTUSD,Buy,20,3248.5,ZeroPlusTick,6e13b7ec-b736-1a23-8628-328be75c4f4b,803825,291
2018-12-14 06:02:04.169,181218225150937,18121406,XBTUSD,Sell,20,3248,ZeroMinusTick,ac9127db-889d-a126-8292-a9e3e47f1b86,803845,292
2018-12-14 06:02:19.825,181218225150937,18121406,XBTUSD,Buy,1296,3248.5,ZeroPlusTick,e6e92519-5a28-906a-5e78-3fc3755cf3c0,805141,293
2018-12-14 06:02:19.825,181218225150937,18121406,XBTUSD,Buy,21,3248.5,ZeroPlusTick,83e4bb26-143f-663c-036d-af3b43f4d90c,805162,294
2018-12-14 06:02:19.825,181218225150937,18121406,XBTUSD,Buy,199,3248.5,ZeroPlusTick,6691a610-7479-e8ac-2fd4-8c740b4af5ee,805361,295
2018-12-14 06:02:21.252,181218225150937,18121406,XBTUSD,Buy,8,3248.5,ZeroPlusTick,6b3c9acc-4858-38ef-1857-6211bfdf24c8,805369,296
2018-12-14 06:02:22.560,181218225150937,18121406,XBTUSD,Buy,162,3248.5,ZeroPlusTick,903a398a-a1dd-de27-6558-07886f7a5cd1,805531,297
2018-12-14 06:02:22.560,181218225150937,18121406,XBTUSD,Buy,30,3249,ZeroPlusTick,117c10ee-d275-c803-b35f-53934cfa2d1f,805561,298
2018-12-14 06:02:22.560,181218225150937,18121406,XBTUSD,Buy,5000,3249,ZeroPlusTick,15ca75c8-48ec-237a-00be-6f39e5a06d43,810561,299
2018-12-14 06:02:27.199,181218225150937,18121406,XBTUSD,Buy,162,3249,ZeroPlusTick,f7295477-09d3-b9b6-5674-3145d6182c58,810723,300
2018-12-14 06:02:27.199,181218225150937,18121406,XBTUSD,Buy,30,3249.5,PlusTick,e8dab84e-a0e4-6c1a-1f6e-b4c27b22bb2a,810753,301
2018-12-14 06:02:27.199,181218225150937,18121406,XBTUSD,Buy,30,3249.5,ZeroPlusTick,c5998658-de11-7eeb-9c73-9da8a8cd3cfd,810783,302
2018-12-14 06:02:28.540,181218225150937,18121406,XBTUSD,Buy,162,3249.5,ZeroPlusTick,06a92b7c-2d77-915a-7cba-84fb7b4f3a9c,810945,303
2018-12-14 06:02:29.945,181218225150937,18121406,XBTUSD,Buy,30,3250,ZeroPlusTick,3a42bb28-51c9-495b-8021-eb974bafe1b2,810975,304
2018-12-14 06:02:34.234,181218225150937,18121406,XBTUSD,Sell,500,3249.5,MinusTick,a10b1951-3fb7-f08a-e180-2f2aa4fea70b,811475,305
2018-12-14 06:02:35.109,181218225150937,18121406,XBTUSD,Buy,861,3250,ZeroPlusTick,14ac1cb3-d471-bf74-83b9-60b733ea3b78,812336,306
2018-12-14 06:02:43.743,181218225150937,18121406,XBTUSD,Buy,50,3250,ZeroPlusTick,6701205b-5cdf-507c-22f5-3730f823affc,812386,307
2018-12-14 06:02:43.743,181218225150937,18121406,XBTUSD,Buy,100,3250,ZeroPlusTick,ba39269b-f113-bf8e-2b31-dc53ea24c275,812486,308
2018-12-14 06:02:43.743,181218225150937,18121406,XBTUSD,Buy,25000,3250,ZeroPlusTick,0350ae2a-c712-45cd-2a5e-601948ee2bdc,837486,309
2018-12-14 06:02:43.743,181218225150937,18121406,XBTUSD,Buy,29,3250.5,PlusTick,c94bdf01-e5c3-587d-60ea-26eacdb34ab0,837515,310
2018-12-14 06:02:43.743,181218225150937,18121406,XBTUSD,Buy,8000,3250.5,ZeroPlusTick,451cd83b-c3e7-4d78-b3c6-57c997498bc8,845515,311
2018-12-14 06:02:43.743,181218225150937,18121406,XBTUSD,Buy,1800,3250.5,ZeroPlusTick,9ea29520-5e12-1792-0a9e-d0ed2b24b8dc,847315,312
2018-12-14 06:02:43.743,181218225150937,18121406,XBTUSD,Buy,46533,3251,PlusTick,1f4678ae-9f6f-e66e-f26e-c13e48f6b88b,893848,313
2018-12-14 06:02:57.863,181218225150937,18121406,XBTUSD,Buy,2000,3251,PlusTick,44c03953-3bd4-7a4e-3ea9-fcfeaa11a081,895848,314
2018-12-14 06:02:58.982,181218225150937,18121406,XBTUSD,Sell,1000,3250.5,ZeroMinusTick,d98023a8-8bd1-76bc-d3a0-3e0b7d2dbee6,896848,315
2018-12-14 06:02:58.982,181218225150937,18121406,XBTUSD,Sell,23802,3250.5,ZeroMinusTick,b638b5da-18b7-d807-13d7-f832399a256c,920650,316
2018-12-14 06:03:04.530,181218225150937,18121406,XBTUSD,Sell,644,3250.5,ZeroMinusTick,53d024c3-9ccf-3073-f7c1-c4ac35605e5d,921294,317
2018-12-14 06:03:04.530,181218225150937,18121406,XBTUSD,Sell,28,3250.5,ZeroMinusTick,a94b9ac4-03f3-aac9-b7d7-a1c5eeb5cb10,921322,318
2018-12-14 06:03:04.530,181218225150937,18121406,XBTUSD,Sell,11,3250.5,ZeroMinusTick,b21201e3-6d9a-0cda-3215-f9ae0a76214f,921333,319
2018-12-14 06:03:05.972,181218225150937,18121406,XBTUSD,Sell,10,3250,ZeroMinusTick,b93f8d27-9aa7-86ca-a08d-458708308bbd,921343,320
2018-12-14 06:03:06.223,181218225150937,18121406,XBTUSD,Sell,71,3250,ZeroMinusTick,bdfed751-0d5e-21ff-0738-b362058656bb,921414,321
2018-12-14 06:03:06.223,181218225150937,18121406,XBTUSD,Sell,500,3250,ZeroMinusTick,1a32c83f-b1ec-33b1-126b-e581a2a2e27a,921914,322
2018-12-14 06:03:11.433,181218225150937,18121406,XBTUSD,Sell,4000,3249.5,MinusTick,c1e9d0ea-bad5-de68-53e6-8367a3e6e35f,925914,323
2018-12-14 06:01:40.553,181218225150937,18121406,XBTUSD,Sell,496,3248,MinusTick,ea7f8564-03fe-b31c-1156-1fae14d1e7ea,926410,324
2018-12-14 06:02:14.363,181218225150937,18121406,XBTUSD,Sell,4000,3248,ZeroMinusTick,2e8bf345-db16-0ded-aa2c-cab167779211,930410,325
2018-12-14 06:02:15.028,181218225150937,18121406,XBTUSD,Sell,20,3248,ZeroMinusTick,c27a1137-7d87-2649-c7a6-a67f66ad59e4,930430,326
2018-12-14 06:02:15.190,181218225150937,18121406,XBTUSD,Buy,1021,3248.5,ZeroPlusTick,633d47f2-f375-c866-cc5e-b330258866e3,931451,327
2018-12-14 06:02:19.825,181218225150937,18121406,XBTUSD,Buy,10,3248.5,ZeroPlusTick,9f03ce41-15b5-564a-8e55-65021cc25cf5,931461,328
2018-12-14 06:02:19.825,181218225150937,18121406,XBTUSD,Buy,162,3248.5,ZeroPlusTick,e0c4ac76-1609-cb73-f310-34f16fc0a56f,931623,329
2018-12-14 06:02:19.825,181218225150937,18121406,XBTUSD,Buy,5000,3248.5,ZeroPlusTick,f9f6a316-ab87-f13c-456b-9e9bd3882ed6,936623,330
2018-12-14 06:02:21.252,181218225150937,18121406,XBTUSD,Buy,242,3248.5,ZeroPlusTick,d322e624-619a-55de-e0cd-ad1566c060b1,936865,331
2018-12-14 06:02:21.252,181218225150937,18121406,XBTUSD,Buy,18323,3248.5,ZeroPlusTick,68967bd7-e6a4-0a97-2f95-a70cfaa5b375,955188,332
2018-12-14 06:02:22.560,181218225150937,18121406,XBTUSD,Buy,162,3248.5,ZeroPlusTick,f7b477eb-d038-e8f9-b4d2-fb84da1fec47,955350,333
2018-12-14 06:02:22.560,181218225150937,18121406,XBTUSD,Buy,15,3249,ZeroPlusTick,081a906c-3f97-a698-d684-53396a302789,955365,334
2018-12-14 06:02:22.560,181218225150937,18121406,XBTUSD,Buy,9,3249,ZeroPlusTick,bf191b18-e171-1c39-6223-153ae7f9d4c2,955374,335
2018-12-14 06:02:27.199,181218225150937,18121406,XBTUSD,Buy,162,3249,ZeroPlusTick,58dc6412-91f0-f91c-d40f-81fc532c4031,955536,336
2018-12-14 06:02:27.199,181218225150937,18121406,XBTUSD,Buy,20,3249.5,ZeroPlusTick,8cfdb5be-f4c3-0532-e339-a1bfc25e4045,955556,337
2018-12-14 06:02:28.540,181218225150937,18121406,XBTUSD,Buy,162,3249.5,ZeroPlusTick,b26e2fef-3664-74a3-4733-80d1b68bb449,955718,338
2018-12-14 06:02:35.109,181218225150937,18121406,XBTUSD,Buy,110,3250,ZeroPlusTick,217c8744-bb04-e040-88be-88c2ccbb606e,955828,339
2018-12-14 06:02:39.443,181218225150937,18121406,XBTUSD,Buy,300,3250,ZeroPlusTick,7d92b258-df1a-95cd-ec87-2554210925c7,956128,340
2018-12-14 06:02:43.743,181218225150937,18121406,XBTUSD,Buy,6600,3250,ZeroPlusTick,332270c5-80bf-f002-64e1-d0a3d8fbf831,962728,341
2018-12-14 06:02:43.743,181218225150937,18121406,XBTUSD,Buy,100,3250,ZeroPlusTick,d8266548-665c-7ebc-8bce-8458d0a678f8,962828,342
2018-12-14 06:02:43.743,181218225150937,18121406,XBTUSD,Buy,162,3250,ZeroPlusTick,3c2ef385-4f1b-17e3-632f-fe5f70e848bf,962990,343
2018-12-14 06:02:43.743,181218225150937,18121406,XBTUSD,Buy,35,3250,ZeroPlusTick,1acb7be1-ff9e-29d7-78a1-02cf2b713181,963025,344
2018-12-14 06:02:43.743,181218225150937,18121406,XBTUSD,Buy,10000,3250.5,ZeroPlusTick,856c7c5b-e681-6580-ae99-08ad0dbeb5c0,973025,345
2018-12-14 06:02:43.743,181218225150937,18121406,XBTUSD,Buy,1800,3250.5,ZeroPlusTick,4c5bebfa-df75-2386-c3e8-e6414f2f01b3,974825,346
2018-12-14 06:02:43.743,181218225150937,18121406,XBTUSD,Buy,12,3250.5,ZeroPlusTick,c64b48a3-3610-f0a5-b0e9-8b6b732b9ea9,974837,347
2018-12-14 06:02:58.982,181218225150937,18121406,XBTUSD,Sell,4074,3250.5,ZeroMinusTick,5086a97f-a503-1ab9-7466-add340bd5f8a,978911,348
2018-12-14 06:03:00.899,181218225150937,18121406,XBTUSD,Buy,3000,3251,ZeroPlusTick,cfa0207d-bfe7-a6c9-dad1-ab5bc66fe33a,981911,349
2018-12-14 06:03:01.805,181218225150937,18121406,XBTUSD,Sell,3000,3250.5,MinusTick,b474aa1d-a7d9-0301-3dce-f72ad75ce18f,984911,350
2018-12-14 06:03:04.530,181218225150937,18121406,XBTUSD,Sell,5,3250.5,ZeroMinusTick,7f5b1ec0-dd56-3ef6-31ac-cd4b2b4dfdf1,984916,351
2018-12-14 06:03:04.530,181218225150937,18121406,XBTUSD,Sell,10,3250.5,ZeroMinusTick,805781ab-f391-b772-f825-ce5d96d5349a,984926,352
2018-12-14 06:03:04.530,181218225150937,18121406,XBTUSD,Sell,25,3250.5,ZeroMinusTick,51de1b19-13dd-35f1-ff84-e6cc688666f2,984951,353
2018-12-14 06:03:04.530,181218225150937,18121406,XBTUSD,Sell,4939,3250,MinusTick,32d6168f-c9b9-3d40-a43f-bcf947ee5852,989890,354
2018-12-14 06:03:04.898,181218225150937,18121406,XBTUSD,Buy,50,3250.5,PlusTick,d5c71f44-18da-e6ad-62ee-c3d986861363,989940,355
2018-12-14 06:03:06.223,181218225150937,18121406,XBTUSD,Sell,77,3250,ZeroMinusTick,54455a21-5ac5-9574-2a5b-edb3542ff85d,990017,356
2018-12-14 06:03:06.223,181218225150937,18121406,XBTUSD,Sell,79,3250,ZeroMinusTick,130f3a44-35ed-13c6-b3a2-4714160bdbb0,990096,357
2018-12-14 06:03:06.248,181218225150937,18121406,XBTUSD,Buy,20,3250,ZeroMinusTick,4b96db0a-b88f-47ca-c762-3eeda96f88a0,990116,358
2018-12-14 06:03:16.599,181218225150937,18121406,XBTUSD,Sell,10,3249.5,ZeroMinusTick,983641c6-11ca-0126-4eda-3f96dfc34725,990126,359
2018-12-14 06:03:28.859,181218225150938,18121406,XBTUSD,Sell,2000,3249.5,MinusTick,b32e8ba7-5798-7d33-0372-c8ccc79c139b,992126,360
2018-12-14 06:03:33.132,181218225150938,18121406,XBTUSD,Buy,200,3250,ZeroPlusTick,69e1329f-6c28-a9e1-a967-1ef8eaa59923,992326,361
2018-12-14 06:03:40.694,181218225150938,18121406,XBTUSD,Sell,150,3249.5,ZeroMinusTick,92216b69-97a9-7b91-6852-ea16145f0b58,992476,362
2018-12-14 06:03:40.694,181218225150938,18121406,XBTUSD,Sell,1000,3249.5,ZeroMinusTick,7670d83b-3f85-7058-93fc-b2678844e5d9,993476,363
2018-12-14 06:03:40.694,181218225150938,18121406,XBTUSD,Sell,207,3249.5,ZeroMinusTick,2505cfa4-66cc-2868-49c5-6095f3d4217f,993683,364
2018-12-14 06:01:51.158,181218225150938,18121406,XBTUSD,Buy,1,3248.5,PlusTick,3f4d4a3d-2580-b4da-c73e-6616622b350b,993684,365
2018-12-14 06:02:04.169,181218225150938,18121406,XBTUSD,Sell,500,3248,ZeroMinusTick,6437a6ef-57ba-7021-6614-203e0e77fd8d,994184,366
2018-12-14 06:02:05.199,181218225150938,18121406,XBTUSD,Sell,173,3248,ZeroMinusTick,fdc77e90-d0bb-3d75-edc7-87b7a57b8178,994357,367
2018-12-14 06:02:13.812,181218225150938,18121406,XBTUSD,Sell,1800,3248,ZeroMinusTick,7febaca9-7297-c1c7-4ec0-dfddf89525e1,996157,368
2018-12-14 06:02:15.190,181218225150938,18121406,XBTUSD,Buy,2178,3248.5,PlusTick,e4d62847-3d88-ec21-157c-f0d1fba9922e,998335,369
2018-12-14 06:02:19.825,181218225150938,18121406,XBTUSD,Buy,3233,3248.5,ZeroPlusTick,8f40f937-5d76-5255-cb7c-353ef2a1de83,1001568,370
2018-12-14 06:02:19.825,181218225150938,18121406,XBTUSD,Buy,125000,3248.5,ZeroPlusTick,3262ce19-0273-5e90-9897-1c25160fec49,1126568,371
2018-12-14 06:02:19.825,181218225150938,18121406,XBTUSD,Buy,4200,3248.5,ZeroPlusTick,c0662166-e8a5-5a02-b864-87d011f7b278,1130768,372
2018-12-14 06:02:21.252,181218225150938,18121406,XBTUSD,Buy,1,3248.5,ZeroPlusTick,45602a2a-cc07-5307-3152-d4c8741715a3,1130769,373
2018-12-14 06:02:21.252,181218225150938,18121406,XBTUSD,Buy,100,3248.5,ZeroPlusTick,91c70660-3032-7fda-d005-4144c9beea09,1130869,374
2018-12-14 06:02:22.560,181218225150938,18121406,XBTUSD,Buy,11000,3248.5,ZeroPlusTick,36c51cfc-2d7f-1f4e-3a42-ee080eb1b0b5,1141869,375
2018-12-14 06:02:22.560,181218225150938,18121406,XBTUSD,Buy,15,3249,ZeroPlusTick,67f9aca2-2346-9784-70c1-b2ad4326cda8,1141884,376
2018-12-14 06:02:22.560,181218225150938,18121406,XBTUSD,Buy,500,3249,ZeroPlusTick,bc076577-4ae3-6ee7-3f45-770f1d1c5cca,1142384,377
2018-12-14 06:02:26.541,181218225150938,18121406,XBTUSD,Buy,2000,3249,ZeroPlusTick,fa30f5f1-5bbd-3f86-e31b-5408f2fc2ff6,1144384,378
2018-12-14 06:02:27.199,181218225150938,18121406,XBTUSD,Buy,24,3249,ZeroPlusTick,b8be1118-8a1d-239d-822b-ee30bd2c424a,1144408,379
2018-12-14 06:02:27.199,181218225150938,18121406,XBTUSD,Buy,9,3249.5,ZeroPlusTick,7c16823f-f407-c57c-6d3a-a0203f1202a8,1144417,380
2018-12-14 06:02:29.945,181218225150938,18121406,XBTUSD,Buy,29,3250,PlusTick,afaf0661-f1ef-7cb2-9011-972be71e9e35,1144446,381
2018-12-14 06:02:30.456,181218225150938,18121406,XBTUSD,Buy,300,3250,ZeroPlusTick,8ae3894e-66dc-28b3-5e02-b527e9ad4d7e,1144746,382
2018-12-14 06:02:35.109,181218225150938,18121406,XBTUSD,Buy,10,3250,ZeroPlusTick,a604d54f-c306-d1f9-3770-c1330b1d1557,1144756,383
2018-12-14 06:02:36.452,181218225150938,18121406,XBTUSD,Buy,200,3250,ZeroPlusTick,194bca23-b085-4279-a0fb-42f0b78678ef,1144956,384
2018-12-14 06:02:39.443,181218225150938,18121406,XBTUSD,Buy,25726,3250,ZeroPlusTick,a505a4ad-12e4-9ae8-2c33-1d6964441bf0,1170682,385
2018-12-14 06:02:43.743,181218225150938,18121406,XBTUSD,Buy,2000,3250,ZeroPlusTick,899240ce-9261-fcbc-df91-b4b77caa6f03,1172682,386
2018-12-14 06:02:43.743,181218225150938,18121406,XBTUSD,Buy,100,3250,ZeroPlusTick,65960aa7-e8bf-b841-ce91-b2d2151914b0,1172782,387
2018-12-14 06:02:43.743,181218225150938,18121406,XBTUSD,Buy,162,3250,ZeroPlusTick,c8d8d409-c485-a656-caa0-a1efdd9fe909,1172944,388
2018-12-14 06:02:43.743,181218225150938,18121406,XBTUSD,Buy,4000,3250,ZeroPlusTick,0c108339-af7a-d84f-1835-09603249bba0,1176944,389
2018-12-14 06:02:43.743,181218225150938,18121406,XBTUSD,Buy,10,3250.5,ZeroPlusTick,32897ffa-05b1-71b1-3ed5-a7e4fec7971c,1176954,390
2018-12-14 06:02:43.743,181218225150938,18121406,XBTUSD,Buy,208,3250.5,ZeroPlusTick,8ad4811e-4868-ac66-e080-c1eda4a2134e,1177162,391
2018-12-14 06:02:43.743,181218225150938,18121406,XBTUSD,Buy,1100,3250.5,ZeroPlusTick,19833a1b-3df4-f22c-1125-9e9e657e2808,1178262,392
2018-12-14 06:02:58.982,181218225150938,18121406,XBTUSD,Sell,4381,3250.5,ZeroMinusTick,23c05fa8-ead0-05cd-e579-0746f1ee861c,1182643,393
2018-12-14 06:03:04.530,181218225150938,18121406,XBTUSD,Sell,3000,3250.5,MinusTick,58f6bb88-1b43-5250-199e-c35e3e504abb,1185643,394
2018-12-14 06:03:04.530,181218225150938,18121406,XBTUSD,Sell,60,3250.5,ZeroMinusTick,32c550a7-a773-77b3-5904-30ea94d1ec72,1185703,395
2018-12-14 06:03:04.530,181218225150938,18121406,XBTUSD,Sell,9,3250.5,ZeroMinusTick,9f57fad8-1014-5ed7-11bd-f3afd2c02854,1185712,396
2018-12-14 06:03:04.530,181218225150938,18121406,XBTUSD,Sell,20,3250.5,ZeroMinusTick,627a1a5e-0046-5cad-9d01-d10f4a82846e,1185732,397
2018-12-14 06:03:06.223,181218225150938,18121406,XBTUSD,Sell,24,3250,ZeroMinusTick,86a177b2-962a-6e8e-3d7f-caafc27c320a,1185756,398
2018-12-14 06:03:06.223,181218225150938,18121406,XBTUSD,Sell,9,3250,ZeroMinusTick,90a743c5-0bc0-3efc-7533-b4c44f471e7c,1185765,399
2018-12-14 06:03:06.223,181218225150938,18121406,XBTUSD,Sell,28,3250,ZeroMinusTick,cb95b818-e761-cbfe-54eb-34bf239d0e3c,1185793,400
2018-12-14 06:03:10.441,181218225150938,18121406,XBTUSD,Buy,1250,3250,PlusTick,6904a8c5-eb4f-fd09-a63c-45d8d36def89,1187043,401
2018-12-14 06:03:10.839,181218225150938,18121406,XBTUSD,Buy,800,3250,ZeroPlusTick,8ca55cc7-0a2e-b1d7-984c-0e78258c6a97,1187843,402
2018-12-14 06:03:15.558,181218225150938,18121406,XBTUSD,Buy,1250,3250,PlusTick,d0ac1f5b-2212-cfdc-1726-4d342b362440,1189093,403
2018-12-14 06:03:16.027,181218225150938,18121406,XBTUSD,Buy,75,3250,ZeroPlusTick,27d0259a-0fd3-3350-db47-dfeb6890b45b,1189168,404
2018-12-14 06:03:27.377,181218225150938,18121406,XBTUSD,Buy,3000,3250,PlusTick,748c81a7-0faa-0b8f-4365-003aa525b11a,1192168,405
2018-12-14 06:03:31.951,181218225150938,18121406,XBTUSD,Buy,10,3250,ZeroPlusTick,ee28c4a6-2be1-7605-ad2a-79fbe8e1b537,1192178,406
2018-12-14 06:03:35.265,181218225150938,18121406,XBTUSD,Buy,3000,3250,ZeroPlusTick,938a036a-45bc-dcb1-9fd9-09ef65af057f,1195178,407
2018-12-14 06:02:22.560,181218225150938,18121406,XBTUSD,Buy,20,3249,ZeroPlusTick,8f8fb86c-9d24-8e37-7e86-92e66e8538d1,1195198,408
2018-12-14 06:02:27.199,181218225150938,18121406,XBTUSD,Buy,30,3249,ZeroPlusTick,03b5acb0-396f-6f60-8789-3061bc021613,1195228,409
2018-12-14 06:02:27.199,181218225150938,18121406,XBTUSD,Buy,50,3249.5,ZeroPlusTick,bcfd391b-c2b7-2799-50be-5ad0788b4e6b,1195278,410
2018-12-14 06:02:28.540,181218225150938,18121406,XBTUSD,Buy,162,3249.5,ZeroPlusTick,a8abab41-54aa-4477-6561-ef4f583c4e7c,1195440,411
2018-12-14 06:02:29.945,181218225150938,18121406,XBTUSD,Buy,30,3250,ZeroPlusTick,03d765f6-6c0b-abfd-ce54-20c683d738d2,1195470,412
2018-12-14 06:02:33.058,181218225150938,18121406,XBTUSD,Buy,50,3250,ZeroPlusTick,a8cd65c1-b567-9b49-0c1f-abcd3c18a8b4,1195520,413
2018-12-14 06:02:42.822,181218225150938,18121406,XBTUSD,Buy,20000,3250,ZeroPlusTick,71295872-ddde-609b-711e-e0fa86a6853d,1215520,414
2018-12-14 06:02:43.743,181218225150938,18121406,XBTUSD,Buy,10,3250,ZeroPlusTick,d0562840-d32f-58d2-c8bb-48eaa26b2f0e,1215530,415
2018-12-14 06:02:43.743,181218225150938,18121406,XBTUSD,Buy,100,3250,ZeroPlusTick,9cbc0eef-a39f-1150-bda8-d3ede894b568,1215630,416
2018-12-14 06:02:43.743,181218225150938,18121406,XBTUSD,Buy,3497,3250,ZeroPlusTick,398fbea7-b883-85b2-d6a0-2c670debc075,1219127,417
2018-12-14 06:02:43.743,181218225150938,18121406,XBTUSD,Buy,20,3250,ZeroPlusTick,359adf52-aac2-22c8-7a7b-b16497277e4d,1219147,418
2018-12-14 06:02:43.743,181218225150938,18121406,XBTUSD,Buy,200,3250.5,ZeroPlusTick,f12deb2a-3e78-84da-fe93-59f866d4c467,1219347,419
2018-12-14 06:02:43.743,181218225150938,18121406,XBTUSD,Buy,2250,3250.5,ZeroPlusTick,d83a9e8d-6f7d-5072-d99c-b332437ce7bb,1221597,420
2018-12-14 06:02:58.982,181218225150938,18121406,XBTUSD,Sell,3035,3250.5,MinusTick,1f252b28-3c46-5617-f264-ef08eaca3127,1224632,421
2018-12-14 06:02:58.982,181218225150938,18121406,XBTUSD,Sell,5000,3250.5,ZeroMinusTick,5b1e8036-1087-70c6-569d-ae82f8d34ee9,1229632,422
2018-12-14 06:03:04.530,181218225150938,18121406,XBTUSD,Sell,125,3250.5,ZeroMinusTick,cc5c23c1-2801-8263-fd65-455d610d6f49,1229757,423
2018-12-14 06:03:04.530,181218225150938,18121406,XBTUSD,Sell,17,3250.5,ZeroMinusTick,202e7b4b-3156-8c77-fb61-00f31c586fee,1229774,424
2018-12-14 06:03:04.530,181218225150938,18121406,XBTUSD,Sell,14,3250.5,ZeroMinusTick,d316b8e7-9ad9-5cfd-6422-722d0453ae52,1229788,425
2018-12-14 06:03:05.365,181218225150938,18121406,XBTUSD,Buy,400,3250.5,ZeroPlusTick,8aaaef19-422f-389e-77ff-99732a6c01d3,1230188,426
2018-12-14 06:03:05.972,181218225150938,18121406,XBTUSD,Sell,30,3250,ZeroMinusTick,6659513a-11e1-25e6-dd13-1256e1e035ef,1230218,427
2018-12-14 06:03:06.223,181218225150938,18121406,XBTUSD,Sell,16,3250,ZeroMinusTick,b1fed39f-e83a-1d73-741e-0de16e4c44df,1230234,428
2018-12-14 06:03:06.223,181218225150938,18121406,XBTUSD,Sell,12,3250,ZeroMinusTick,b6f5741e-a8a3-d527-fc57-8b37b3937b0e,1230246,429
2018-12-14 06:03:09.103,181218225150938,18121406,XBTUSD,Sell,1000,3249.5,MinusTick,c84c0de4-0fe7-58f5-c663-bca1569182a0,1231246,430
2018-12-14 06:03:15.175,181218225150938,18121406,XBTUSD,Sell,1,3249.5,MinusTick,16b1ad86-dc74-60ce-63dd-58f1086182f1,1231247,431
2018-12-14 06:03:36.449,181218225150938,18121406,XBTUSD,Buy,150,3250,ZeroPlusTick,33a3c5e5-051c-2c1a-634c-a9fda2f81429,1231397,432
2018-12-14 06:03:40.694,181218225150938,18121406,XBTUSD,Sell,106,3249.5,ZeroMinusTick,9bbe8620-6f01-4d3c-0a01-ee1d850fa248,1231503,433
2018-12-14 06:03:40.694,181218225150938,18121406,XBTUSD,Sell,9,3249.5,ZeroMinusTick,f851fc03-c288-bb76-23df-f2e47f723b4a,1231512,434
2018-12-14 06:03:40.694,181218225150938,18121406,XBTUSD,Sell,382,3249.5,ZeroMinusTick,452611e0-f3f5-07e5-7258-445e2d13166b,1231894,435
2018-12-14 06:03:41.457,181218225150938,18121406,XBTUSD,Buy,2005,3250,PlusTick,4b15781f-ba38-f196-f99b-998a64e3e63d,1233899,436
2018-12-14 06:04:05.610,181218225150938,18121406,XBTUSD,Sell,134,3249.5,ZeroMinusTick,28c65de2-bd0b-ad2f-7d8f-a65d4908fbe3,1234033,437
2018-12-14 06:04:14.182,181218225150938,18121406,XBTUSD,Buy,1297,3250,PlusTick,79b5b2fb-4edc-29e6-375e-cc04b2b78239,1235330,438
2018-12-14 06:05:03.942,181218225150938,18121406,XBTUSD,Buy,5000,3250,ZeroPlusTick,7ccf5ffd-20c3-6d8a-fcf2-a2a5570c885d,1240330,439
2018-12-14 06:05:03.942,181218225150938,18121406,XBTUSD,Buy,162,3250,ZeroPlusTick,5a338f85-ceb3-82a5-7a92-a94d8253ae47,1240492,440
2018-12-14 06:05:03.942,181218225150939,18121406,XBTUSD,Buy,2000,3250,ZeroPlusTick,a1c5aaa5-49f7-44a4-1773-57fd1b855835,1242492,441
2018-12-14 06:05:11.728,181218225150939,18121406,XBTUSD,Buy,877,3250,ZeroPlusTick,6a6139c3-0aa0-057c-e1d9-2d1c44c86b24,1243369,442
2018-12-14 06:05:25.963,181218225150939,18121406,XBTUSD,Buy,180,3250,ZeroPlusTick,2c59bcba-a302-ebe5-6e7d-b9e619479333,1243549,443
2018-12-14 06:02:35.109,181218225150939,18121406,XBTUSD,Buy,100,3250,ZeroPlusTick,4234cfa4-9a68-063a-7ada-6e89dabed95e,1243649,444
2018-12-14 06:02:43.743,181218225150939,18121406,XBTUSD,Buy,1000,3250,ZeroPlusTick,e490d626-74b5-7cd2-0b94-c42a46772041,1244649,445
2018-12-14 06:02:43.743,181218225150939,18121406,XBTUSD,Buy,100,3250,ZeroPlusTick,8354784a-8171-1c18-86d5-7ecd0c7d4736,1244749,446
2018-12-14 06:02:43.743,181218225150939,18121406,XBTUSD,Buy,1000,3250,ZeroPlusTick,0c635f55-bb5c-7b80-a437-9b12b8540d1a,1245749,447
2018-12-14 06:02:43.743,181218225150939,18121406,XBTUSD,Buy,1500,3250,ZeroPlusTick,70142c8e-2848-1e70-1d82-812ce1aa2810,1247249,448
2018-12-14 06:02:43.743,181218225150939,18121406,XBTUSD,Buy,1,3250.5,ZeroPlusTick,ecb34d75-49d3-1a74-3a2e-d5802888dbe8,1247250,449
2018-12-14 06:02:43.743,181218225150939,18121406,XBTUSD,Buy,50,3250.5,ZeroPlusTick,a82c24a8-16ff-ca91-23c7-b3caff12a825,1247300,450
2018-12-14 06:02:43.743,181218225150939,18121406,XBTUSD,Buy,1958,3250.5,ZeroPlusTick,140c9f5c-e647-bbf6-315f-f2960f397094,1249258,451
2018-12-14 06:02:48.199,181218225150939,18121406,XBTUSD,Buy,96768,3251,ZeroPlusTick,6f733b39-aa74-aab7-d410-02154b5a6d25,1346026,452
2018-12-14 06:02:56.492,181218225150939,18121406,XBTUSD,Sell,10000,3250.5,MinusTick,8a3abb52-484b-8244-9446-fd67ed9a6a1d,1356026,453
2018-12-14 06:02:58.982,181218225150939,18121406,XBTUSD,Sell,1105,3250.5,ZeroMinusTick,cab2773a-c05c-e6fa-1bad-5069e99358bf,1357131,454
2018-12-14 06:02:59.605,181218225150939,18121406,XBTUSD,Buy,400,3251,PlusTick,7007802f-5f0b-d2d8-bb89-ed288f2f8493,1357531,455
2018-12-14 06:03:04.530,181218225150939,18121406,XBTUSD,Sell,49,3250.5,ZeroMinusTick,bb0e87bb-a2d1-e062-abd2-a9f703d117dc,1357580,456
2018-12-14 06:03:04.530,181218225150939,18121406,XBTUSD,Sell,32,3250.5,ZeroMinusTick,4dcd3eb4-b970-6a24-3308-27f5e6a08991,1357612,457
2018-12-14 06:03:04.530,181218225150939,18121406,XBTUSD,Sell,50,3250.5,ZeroMinusTick,07956b3f-1aa1-a0bb-0e9d-66189f14adcb,1357662,458
2018-12-14 06:03:05.676,181218225150939,18121406,XBTUSD,Buy,10,3250.5,ZeroPlusTick,12a14d97-8286-bfdb-ddc0-b0e601d8251a,1357672,459
2018-12-14 06:03:05.972,181218225150939,18121406,XBTUSD,Sell,30,3250,MinusTick,d04b18fb-11d4-f9dc-2200-c53fdf907474,1357702,460
2018-12-14 06:03:06.223,181218225150939,18121406,XBTUSD,Sell,21,3250,ZeroMinusTick,f34ef36d-bf42-5832-5f2b-1e64059ab40c,1357723,461
2018-12-14 06:03:06.223,181218225150939,18121406,XBTUSD,Sell,8508,3250,ZeroMinusTick,083cf8cf-2b1f-0912-ed8f-02eb9fd0fe8d,1366231,462
2018-12-14 06:03:11.500,181218225150939,18121406,XBTUSD,Buy,17,3250,PlusTick,e972cab8-3fde-0dde-3fcd-92cbba9a241c,1366248,463
2018-12-14 06:03:16.599,181218225150939,18121406,XBTUSD,Sell,29,3249.5,MinusTick,065b0335-071e-74f0-3065-7bfd3fc716af,1366277,464
2018-12-14 06:03:40.694,181218225150939,18121406,XBTUSD,Sell,69,3249.5,ZeroMinusTick,d93754fb-13ce-6c7e-46a7-122879a2b3d6,1366346,465
2018-12-14 06:03:40.694,181218225150939,18121406,XBTUSD,Sell,60,3249.5,ZeroMinusTick,f9be5923-42e3-61b9-1345-b9ac5b067350,1366406,466
2018-12-14 06:03:52.561,181218225150939,18121406,XBTUSD,Sell,3,3249.5,ZeroMinusTick,e7284256-f035-bd86-3c86-2dc490697612,1366409,467
2018-12-14 06:03:54.385,181218225150939,18121406,XBTUSD,Buy,1,3250,PlusTick,9a0e3d06-46b9-a801-e20d-6d318355a496,1366410,468
2018-12-14 06:04:05.610,181218225150939,18121406,XBTUSD,Sell,6058,3249.5,ZeroMinusTick,838d10c6-a34b-1248-ce5b-1c1f261924ab,1372468,469
2018-12-14 06:04:12.521,181218225150939,18121406,XBTUSD,Sell,50,3249.5,ZeroMinusTick,6b7e4c25-61ef-2335-0877-65903fa46627,1372518,470
2018-12-14 06:04:14.182,181218225150939,18121406,XBTUSD,Buy,1000,3250,ZeroPlusTick,56f8fa79-9923-3cac-053a-6aa95789a27d,1373518,471
2018-12-14 06:04:23.428,181218225150939,18121406,XBTUSD,Buy,1000,3250,PlusTick,083edb91-20af-0b16-098b-ca8ce918496b,1374518,472
2018-12-14 06:04:23.435,181218225150939,18121406,XBTUSD,Sell,18300,3249.5,MinusTick,34397ebf-c826-c384-36de-0090863fe45a,1392818,473
2018-12-14 06:04:25.101,181218225150939,18121406,XBTUSD,Buy,500,3250,PlusTick,b8b17b37-dc05-e074-902d-2c0f9c9efa3a,1393318,474
2018-12-14 06:04:41.979,181218225150939,18121406,XBTUSD,Buy,200,3250,ZeroPlusTick,47f33e5e-1a94-e695-f1a6-7f10fd39a688,1393518,475
2018-12-14 06:05:03.942,181218225150939,18121406,XBTUSD,Buy,2034,3250,ZeroPlusTick,d4b63af1-b635-08d3-17bf-5b96f00f5e52,1395552,476
2018-12-14 06:05:03.942,181218225150939,18121406,XBTUSD,Buy,30,3250,ZeroPlusTick,bc59ff8f-6174-6e00-f5fc-595e862abfc2,1395582,477
2018-12-14 06:05:03.942,181218225150939,18121406,XBTUSD,Buy,30,3250,ZeroPlusTick,4f7021b5-3df2-8556-e87f-bab208ab181f,1395612,478
2018-12-14 06:05:11.728,181218225150939,18121406,XBTUSD,Buy,1000,3250,ZeroPlusTick,fd81674c-66e6-99af-9307-da4038cf789c,1396612,479
2018-12-14 06:05:13.210,181218225150939,18121406,XBTUSD,Buy,1377,3250,ZeroPlusTick,e2594e81-8913-df43-80a9-688f5dfdf177,1397989,480
2018-12-14 06:02:43.743,181218225150939,18121406,XBTUSD,Buy,3274,3250,ZeroPlusTick,0803bac9-0f5c-4166-85df-74f2d85042eb,1401263,481
2018-12-14 06:02:43.743,181218225150939,18121406,XBTUSD,Buy,1000,3250,ZeroPlusTick,61258d41-6a72-1b5d-64c7-0d85acc6da16,1402263,482
2018-12-14 06:02:43.743,181218225150939,18121406,XBTUSD,Buy,3000,3250,ZeroPlusTick,114191fd-6a34-24ac-ff6e-cd6915783016,1405263,483
2018-12-14 06:02:43.743,181218225150939,18121406,XBTUSD,Buy,15,3250,ZeroPlusTick,e83f7ae3-369f-023f-6d96-2478cafb4faa,1405278,484
2018-12-14 06:02:43.743,181218225150939,18121406,XBTUSD,Buy,500,3250.5,ZeroPlusTick,e5562ea5-c9de-5f27-adac-25f3408162a0,1405778,485
2018-12-14 06:02:43.743,181218225150939,18121406,XBTUSD,Buy,18,3250.5,ZeroPlusTick,09f38745-b27e-2de7-6086-ad48cc605da1,1405796,486
2018-12-14 06:02:43.743,181218225150939,18121406,XBTUSD,Buy,1247,3250.5,ZeroPlusTick,0452581e-61db-175c-d62a-8dc62123c7f3,1407043,487
2018-12-14 06:02:44.043,181218225150939,18121406,XBTUSD,Buy,100,3251,ZeroPlusTick,118e5bf1-2331-2c32-f513-32dc0f48cf8c,1407143,488
2018-12-14 06:02:52.290,181218225150939,18121406,XBTUSD,Sell,1500,3250.5,MinusTick,97d90e15-fb4c-4ade-33ec-3ad814d72ecd,1408643,489
2018-12-14 06:02:53.073,181218225150939,18121406,XBTUSD,Sell,6418,3250.5,ZeroMinusTick,4cbd6312-0cf9-2041-bd4f-7fc077ddd388,1415061,490
2018-12-14 06:02:58.982,181218225150939,18121406,XBTUSD,Sell,1000,3250.5,ZeroMinusTick,92e4e603-4c8e-6c6a-877e-7f68459b1f88,1416061,491
2018-12-14 06:03:04.530,181218225150939,18121406,XBTUSD,Sell,1306,3250.5,ZeroMinusTick,d6c3038d-4cd1-e6ba-8965-e1574c6ab704,1417367,492
2018-12-14 06:03:04.530,181218225150939,18121406,XBTUSD,Sell,22,3250.5,ZeroMinusTick,9f29bf82-a8ad-d019-ee3f-11e0123e8885,1417389,493
2018-12-14 06:03:04.530,181218225150939,18121406,XBTUSD,Sell,49,3250.5,ZeroMinusTick,f2a43d67-0bd8-a8d4-bdb2-24f366c4b971,1417438,494
2018-12-14 06:03:05.972,181218225150939,18121406,XBTUSD,Sell,9,3250,ZeroMinusTick,c4d14a1d-0363-4a2a-8dfc-e0084195bbbb,1417447,495
2018-12-14 06:03:06.223,181218225150939,18121406,XBTUSD,Sell,23,3250,ZeroMinusTick,592bbe33-0215-0089-8828-304e45e0f85e,1417470,496
2018-12-14 06:03:06.223,181218225150939,18121406,XBTUSD,Sell,50,3250,ZeroMinusTick,4bd8828d-d746-7f67-9828-ea32f5525cbc,1417520,497
2018-12-14 06:03:06.824,181218225150939,18121406,XBTUSD,Buy,20000,3250,ZeroMinusTick,4ea5b61b-d701-f122-978a-7bf4b199288a,1437520,498
2018-12-14 06:03:16.599,181218225150939,18121406,XBTUSD,Sell,250,3249.5,ZeroMinusTick,a56be08e-5cf7-e7ae-5092-57fdf0dc583b,1437770,499
2018-12-14 06:03:30.599,181218225150939,18121406,XBTUSD,Buy,1500,3250,PlusTick,a89848d9-81dd-6c28-3da8-decee67ddbcf,1439270,500
2018-12-14 06:03:30.934,181218225150939,18121406,XBTUSD,Buy,300,3250,ZeroPlusTick,04b21e27-f3c6-aaf9-d4ce-ca1ce4d0b0fb,1439570,501
2018-12-14 06:03:40.694,181218225150939,18121406,XBTUSD,Sell,1000,3249.5,ZeroMinusTick,e5f954ea-75f1-b0dd-32b7-5f71f12d056d,1440570,502
2018-12-14 06:03:40.694,181218225150939,18121406,XBTUSD,Sell,31,3249.5,ZeroMinusTick,68c01076-c6b0-dbef-b896-6cd30d9a99fe,1440601,503
2018-12-14 06:03:52.561,181218225150939,18121406,XBTUSD,Sell,1,3249.5,ZeroMinusTick,9344f3c2-b4d0-0c04-1583-e5d6e2ed35f6,1440602,504
2018-12-14 06:03:57.846,181218225150939,18121406,XBTUSD,Buy,3203,3250,ZeroPlusTick,e897a8af-730f-7ada-a96f-209f0e1f5ebf,1443805,505
2018-12-14 06:03:57.954,181218225150939,18121406,XBTUSD,Buy,500,3250,ZeroPlusTick,63dcb415-f129-4ea9-d83d-3c5d056f1d5d,1444305,506
2018-12-14 06:04:05.610,181218225150939,18121406,XBTUSD,Sell,10,3249.5,ZeroMinusTick,17595083-1828-5a3c-f82f-fdaa83d8d093,1444315,507
2018-12-14 06:04:12.521,181218225150939,18121406,XBTUSD,Sell,9,3249.5,ZeroMinusTick,83dd25f4-7e11-385c-3728-b1dcfe9f9e48,1444324,508
2018-12-14 06:04:14.182,181218225150939,18121406,XBTUSD,Buy,1055,3250,ZeroPlusTick,1fc50307-6839-1ad7-a496-9edd04fb243f,1445379,509
2018-12-14 06:04:18.402,181218225150939,18121406,XBTUSD,Buy,80,3250,PlusTick,25a49080-a86e-c825-95b1-8e47f45a8e4e,1445459,510
2018-12-14 06:04:18.493,181218225150939,18121406,XBTUSD,Sell,111,3249.5,MinusTick,3883dda8-1a5a-4be9-2a68-043fdf213e9c,1445570,511
2018-12-14 06:04:19.099,181218225150939,18121406,XBTUSD,Sell,5000,3249.5,ZeroMinusTick,77f28527-dc7c-1332-586f-1650cbfd4555,1450570,512
2018-12-14 06:05:03.942,181218225150939,18121406,XBTUSD,Buy,1000,3250,ZeroPlusTick,bfbed0ad-c7f7-b685-930c-b299fe636f75,1451570,513
2018-12-14 06:05:03.942,181218225150939,18121406,XBTUSD,Buy,162,3250,ZeroPlusTick,06d5a3e6-4e46-04ab-e286-bee6ef0566e4,1451732,514
2018-12-14 06:05:03.942,181218225150939,18121406,XBTUSD,Buy,20,3250,ZeroPlusTick,289d1e4d-4930-a501-fa37-2ea863e7cbdb,1451752,515
2018-12-14 06:05:11.728,181218225150939,18121406,XBTUSD,Buy,100,3250,ZeroPlusTick,2e1d983c-43f7-3ce3-f39e-ca15d9610910,1451852,516
2018-12-14 06:05:22.764,181218225150939,18121406,XBTUSD,Buy,3198,3250,ZeroPlusTick,c6b33bf9-ee61-43dc-c0df-1294e586a257,1455050,517
2018-12-14 06:05:25.800,181218225150939,18121406,XBTUSD,Buy,20,3250,ZeroPlusTick,25666fba-843c-0513-4e1d-3806ff8cb317,1455070,518
2018-12-14 06:05:25.963,181218225150939,18121406,XBTUSD,Buy,2682,3250,ZeroPlusTick,8df25f61-127b-96dd-3ea4-73792d692afd,1457752,519
2018-12-14 06:02:43.743,181218225150939,18121406,XBTUSD,Buy,100,3250,ZeroPlusTick,80223fa0-4bd4-11a9-e9e2-5e421ed9ed77,1457852,520
2018-12-14 06:02:43.743,181218225150939,18121406,XBTUSD,Buy,23,3250,ZeroPlusTick,09db7ec8-c801-f04a-a97a-892d4d8b77e7,1457875,521
2018-12-14 06:02:43.743,181218225150939,18121406,XBTUSD,Buy,5,3250.5,ZeroPlusTick,040dead2-766e-8832-73cc-c2b0467413bc,1457880,522
2018-12-14 06:02:43.743,181218225150939,18121406,XBTUSD,Buy,1050,3250.5,ZeroPlusTick,d82972a2-824a-b639-1ee0-4967d6517f8d,1458930,523
2018-12-14 06:02:43.743,181218225150939,18121406,XBTUSD,Buy,61,3250.5,ZeroPlusTick,a5cee93b-3bde-9cce-31cd-c79f59c22bed,1458991,524
2018-12-14 06:02:43.743,181218225150939,18121406,XBTUSD,Buy,1800,3250.5,ZeroPlusTick,be27e231-1782-4c9a-1afc-4f25da077114,1460791,525
2018-12-14 06:02:58.982,181218225150939,18121406,XBTUSD,Sell,5400,3250.5,ZeroMinusTick,3c91458a-3ed7-7608-435f-66260e529c24,1466191,526
2018-12-14 06:02:58.982,181218225150939,18121406,XBTUSD,Sell,10000,3250.5,ZeroMinusTick,e202ed47-fcdc-360d-8af7-b9f3d153540e,1476191,527
2018-12-14 06:03:01.805,181218225150940,18121406,XBTUSD,Sell,2000,3250.5,ZeroMinusTick,d50585ab-102a-b67a-9a86-6715ad3778fc,1478191,528
2018-12-14 06:03:02.725,181218225150940,18121406,XBTUSD,Buy,50,3251,PlusTick,f51c4247-5b4a-8760-6426-91afac6becc8,1478241,529
2018-12-14 06:03:04.530,181218225150940,18121406,XBTUSD,Sell,22,3250.5,ZeroMinusTick,7f1c57a2-29a7-8011-a37a-1489d9121383,1478263,530
2018-12-14 06:03:04.530,181218225150940,18121406,XBTUSD,Sell,10,3250.5,ZeroMinusTick,12ec8474-d3b2-2472-c6d4-7e52fdd211f6,1478273,531
2018-12-14 06:03:04.530,181218225150940,18121406,XBTUSD,Sell,20,3250.5,ZeroMinusTick,ca5530eb-200e-2ffe-9041-f235e1e0a5cf,1478293,532
2018-12-14 06:03:04.530,181218225150940,18121406,XBTUSD,Sell,27,3250.5,ZeroMinusTick,60e16a23-c5c0-39ac-7659-5bc7d26d7955,1478320,533
2018-12-14 06:03:06.223,181218225150940,18121406,XBTUSD,Sell,2989,3250,ZeroMinusTick,ef465268-1d98-9aed-8b8a-024f3777da0d,1481309,534
2018-12-14 06:03:06.223,181218225150940,18121406,XBTUSD,Sell,16,3250,ZeroMinusTick,798b4eae-1dd6-2865-5efd-bb5f2e1cc3ac,1481325,535
2018-12-14 06:03:06.223,181218225150940,18121406,XBTUSD,Sell,21,3250,ZeroMinusTick,37d3bfa1-7c44-7017-c388-2ef8bf2116b8,1481346,536
2018-12-14 06:03:08.562,181218225150940,18121406,XBTUSD,Buy,400,3250,ZeroMinusTick,32923d26-876d-950e-574c-afe045c300a0,1481746,537
2018-12-14 06:03:18.274,181218225150940,18121406,XBTUSD,Sell,15000,3249.5,ZeroMinusTick,eecc4057-8826-a82d-c972-206b65dfe109,1496746,538
2018-12-14 06:03:40.694,181218225150940,18121406,XBTUSD,Sell,24,3249.5,ZeroMinusTick,12f867dd-1778-36d5-5215-0a509c3660ec,1496770,539
2018-12-14 06:03:40.694,181218225150940,18121406,XBTUSD,Sell,20,3249.5,ZeroMinusTick,4fb73d12-18e8-dc1a-d849-86ce3f631c24,1496790,540
2018-12-14 06:03:40.694,181218225150940,18121406,XBTUSD,Sell,20,3249.5,ZeroMinusTick,ff9bd30d-779b-356a-084a-8967337d1ac3,1496810,541
2018-12-14 06:03:50.169,181218225150940,18121406,XBTUSD,Sell,7,3249.5,ZeroMinusTick,8b7eb1a6-50a8-5131-c19b-41288aa07b2e,1496817,542
2018-12-14 06:03:52.561,181218225150940,18121406,XBTUSD,Sell,800,3249.5,ZeroMinusTick,a046f544-5613-60a3-46a2-46292fdfdfa9,1497617,543
2018-12-14 06:03:57.846,181218225150940,18121406,XBTUSD,Buy,6397,3250,PlusTick,3126b89f-0798-2181-ad76-a2e0d18d498b,1504014,544
2018-12-14 06:04:05.610,181218225150940,18121406,XBTUSD,Sell,5329,3249.5,ZeroMinusTick,cf398063-46b1-411b-c099-caf5b0bc397f,1509343,545
2018-12-14 06:04:05.743,181218225150940,18121406,XBTUSD,Sell,1,3249.5,ZeroMinusTick,9f7400cb-1ff7-6172-b7d3-4cec0f77b1eb,1509344,546
2018-12-14 06:04:12.521,181218225150940,18121406,XBTUSD,Sell,2467,3249.5,ZeroMinusTick,6bc2bf34-3d24-5f37-7636-b843d452b465,1511811,547
2018-12-14 06:05:03.942,181218225150940,18121406,XBTUSD,Buy,4801,3250,ZeroPlusTick,d67fd432-23b0-0b27-0cc0-2f50207c4d69,1516612,548
2018-12-14 06:05:03.942,181218225150940,18121406,XBTUSD,Buy,100,3250,ZeroPlusTick,6fcd8e42-9195-a98b-bc9b-dc7dd43b04ae,1516712,549
2018-12-14 06:05:03.942,181218225150940,18121406,XBTUSD,Buy,2000,3250,ZeroPlusTick,dfea6c50-f576-0548-126b-6b874c8283e3,1518712,550
2018-12-14 06:05:03.942,181218225150940,18121406,XBTUSD,Buy,572,3250,ZeroPlusTick,c60ff877-172a-ed41-8575-e29d1f23e206,1519284,551
2018-12-14 06:05:06.197,181218225150940,18121406,XBTUSD,Buy,10,3250,ZeroPlusTick,d6552a56-b88c-993a-1361-5c4996aecaf7,1519294,552
2018-12-14 06:05:11.728,181218225150940,18121406,XBTUSD,Buy,1408,3250,ZeroPlusTick,4552f95b-b09d-9721-987d-d1eacffaabf2,1520702,553
2018-12-14 06:05:29.468,181218225150940,18121406,XBTUSD,Buy,1510,3250,ZeroPlusTick,a493e0d0-4d37-382e-9d7e-ccea408ebe27,1522212,554
2018-12-14 06:05:29.966,181218225150940,18121406,XBTUSD,Buy,3000,3250,ZeroPlusTick,6a5f1428-61e3-d809-84ae-34a0b3dfe1fa,1525212,555
2018-12-14 06:02:43.743,181218225150940,18121406,XBTUSD,Buy,100,3250,ZeroPlusTick,b24ba5a5-428f-5304-6ae5-7cd378d44c80,1525312,556
2018-12-14 06:02:43.743,181218225150940,18121406,XBTUSD,Buy,30,3250,ZeroPlusTick,c0b77ef9-4212-3fb7-18f3-9425838c1311,1525342,557
2018-12-14 06:02:43.743,181218225150940,18121406,XBTUSD,Buy,10,3250.5,ZeroPlusTick,07b28037-1fac-982d-9574-a752d65b37f0,1525352,558
2018-12-14 06:02:43.743,181218225150940,18121406,XBTUSD,Buy,1200,3250.5,ZeroPlusTick,6e545ab3-da8c-bb7f-50b7-dff8af4f84cb,1526552,559
2018-12-14 06:02:43.743,181218225150940,18121406,XBTUSD,Buy,20,3250.5,ZeroPlusTick,9324febc-e2c3-f5ed-ab0c-19d43ded7c94,1526572,560
2018-12-14 06:02:43.743,181218225150940,18121406,XBTUSD,Buy,1649,3250.5,ZeroPlusTick,f1a91f38-3720-13b8-dd49-734fe98b01ae,1528221,561
2018-12-14 06:02:47.366,181218225150940,18121406,XBTUSD,Buy,4,3251,ZeroPlusTick,7f3a1d94-c609-fe33-f141-bb86ff830790,1528225,562
2018-12-14 06:02:48.476,181218225150940,18121406,XBTUSD,Sell,103,3250.5,MinusTick,a91a7042-8fbf-d7a4-02fe-a9b13c214d4b,1528328,563
2018-12-14 06:02:52.258,181218225150940,18121406,XBTUSD,Buy,2500,3251,PlusTick,a0654131-66c6-77f4-c9ff-97504d1bd687,1530828,564
2018-12-14 06:02:55.111,181218225150940,18121406,XBTUSD,Sell,100,3250.5,ZeroMinusTick,46f574fd-28f2-0958-dddf-aaba92a56361,1530928,565
2018-12-14 06:02:55.238,181218225150940,18121406,XBTUSD,Buy,1000,3251,PlusTick,90e2f357-d42f-0b05-7a28-2073430ff83a,1531928,566
2018-12-14 06:02:55.879,181218225150940,18121406,XBTUSD,Buy,4000,3251,ZeroPlusTick,f0d683e1-5dcd-dc77-18d6-7268e7af5f3a,1535928,567
2018-12-14 06:02:58.982,181218225150940,18121406,XBTUSD,Sell,1000,3250.5,ZeroMinusTick,8a92a5d9-a99d-5329-0fa3-d11dfd3909e2,1536928,568
2018-12-14 06:02:58.982,181218225150940,18121406,XBTUSD,Sell,76045,3250.5,ZeroMinusTick,4d9bf0a9-15ad-85bb-37ff-6919b9fad9e5,1612973,569
2018-12-14 06:03:04.530,181218225150940,18121406,XBTUSD,Sell,133,3250.5,ZeroMinusTick,cc32cea6-cabd-24b4-1399-dc80103cdaff,1613106,570
2018-12-14 06:03:04.530,181218225150940,18121406,XBTUSD,Sell,36,3250.5,ZeroMinusTick,71f7e766-df72-9365-a623-57936da7fb97,1613142,571
2018-12-14 06:03:04.530,181218225150940,18121406,XBTUSD,Sell,50,3250.5,ZeroMinusTick,8de1a967-053f-cac3-834d-53283f1c7da8,1613192,572
2018-12-14 06:03:04.530,181218225150940,18121406,XBTUSD,Sell,9,3250.5,ZeroMinusTick,91f3109d-18e7-e7a9-650a-58f8091defbb,1613201,573
2018-12-14 06:03:05.972,181218225150940,18121406,XBTUSD,Sell,10,3250,ZeroMinusTick,adafb434-0e5d-ba47-a018-05298f8b83cb,1613211,574
2018-12-14 06:03:06.223,181218225150940,18121406,XBTUSD,Sell,13,3250,ZeroMinusTick,922bacb1-e4ab-4ca5-371b-65f066baabc6,1613224,575
2018-12-14 06:03:06.223,181218225150940,18121406,XBTUSD,Sell,50,3250,ZeroMinusTick,d2f04437-35c1-e830-b420-55ae51a5736c,1613274,576
2018-12-14 06:03:06.359,181218225150940,18121406,XBTUSD,Buy,20,3250,ZeroMinusTick,b9cd70fd-e417-d91f-c107-f8aee038af55,1613294,577
2018-12-14 06:03:16.599,181218225150940,18121406,XBTUSD,Sell,3651,3249.5,ZeroMinusTick,2fd30166-5e15-e387-619b-a5a52e1a540d,1616945,578
2018-12-14 06:03:40.694,181218225150940,18121406,XBTUSD,Sell,10,3249.5,ZeroMinusTick,13af98a8-0e00-7b1d-7608-8ea6e4e8df40,1616955,579
2018-12-14 06:03:40.694,181218225150940,18121406,XBTUSD,Sell,1000,3249.5,ZeroMinusTick,08073c5a-a798-8f1a-1e60-8e874d673988,1617955,580
2018-12-14 06:03:40.694,181218225150940,18121406,XBTUSD,Sell,9,3249.5,ZeroMinusTick,780c83d4-fdc3-5b5b-7c70-34209444dda8,1617964,581
2018-12-14 06:03:41.614,181218225150940,18121406,XBTUSD,Sell,100,3249.5,MinusTick,8bf7e6ac-53a3-b7ba-edff-97e6ebf442ed,1618064,582
2018-12-14 06:03:47.533,181218225150940,18121406,XBTUSD,Buy,1000,3250,PlusTick,969c776c-7c1a-70c7-c259-1f0ae61f3807,1619064,583
2018-12-14 06:03:52.561,181218225150940,18121406,XBTUSD,Sell,10,3249.5,ZeroMinusTick,34017ca2-54bd-11c3-9422-a1ed407a1275,1619074,584
2018-12-14 06:03:55.128,181218225150940,18121406,XBTUSD,Buy,1657,3250,ZeroPlusTick,3ffc5e6f-480e-85ae-c86b-5fa36c6269d4,1620731,585
2018-12-14 06:04:11.483,181218225150940,18121406,XBTUSD,Sell,111,3249.5,ZeroMinusTick,14e8bea2-0e16-29e7-1ef8-9e3b6ec334d6,1620842,586
2018-12-14 06:04:12.521,181218225150940,18121406,XBTUSD,Sell,2947,3249.5,ZeroMinusTick,61ae4ada-6c31-933e-a529-6ed5232f6a8d,1623789,587
2018-12-14 06:04:14.182,181218225150940,18121406,XBTUSD,Buy,10000,3250,ZeroPlusTick,802d07b9-746a-4ff4-bf08-c60ced120727,1633789,588
2018-12-14 06:04:17.523,181218225150940,18121406,XBTUSD,Sell,50,3249.5,MinusTick,49430ff2-de3d-3ef8-db1b-f9396ea72a63,1633839,589
2018-12-14 06:04:46.463,181218225150940,18121406,XBTUSD,Sell,335,3249.5,MinusTick,1c032d1b-4ca1-e5a6-9a30-41536d78ce13,1634174,590
2018-12-14 06:04:47.003,181218225150940,18121406,XBTUSD,Sell,20000,3249.5,ZeroMinusTick,583798be-1061-45ed-33c4-d08c985c2847,1654174,591
2018-12-14 06:05:03.942,181218225150940,18121406,XBTUSD,Buy,3000,3250,PlusTick,e09f6bc7-3337-d717-d95d-ad27f9b868a3,1657174,592
2018-12-14 06:05:03.942,181218225150940,18121406,XBTUSD,Buy,20,3250,ZeroPlusTick,c81af86e-fe29-9969-bb9a-5a9ef8877bce,1657194,593
2018-12-14 06:05:03.942,181218225150940,18121406,XBTUSD,Buy,500,3250,ZeroPlusTick,a4ead2c9-3f6b-151e-22fe-769814d45ef9,1657694,594
2018-12-14 06:05:03.942,181218225150940,18121406,XBTUSD,Buy,30000,3250,ZeroPlusTick,81ba6cad-9f9a-075f-e9fe-b34b478906f2,1687694,595
2018-12-14 06:05:11.728,181218225150940,18121406,XBTUSD,Buy,9,3250,ZeroPlusTick,3044c961-716f-6d8d-0acc-de88bb9dd552,1687703,596
2018-12-14 06:02:43.743,181218225150941,18121406,XBTUSD,Buy,30,3250.5,ZeroPlusTick,6d135a71-9003-6378-5682-8c50da3f550d,1687733,597
2018-12-14 06:02:43.743,181218225150941,18121406,XBTUSD,Buy,2141,3250.5,ZeroPlusTick,62e04064-d7ef-7e33-d0fa-3b37df823ff4,1689874,598
2018-12-14 06:02:43.743,181218225150941,18121406,XBTUSD,Buy,20,3250.5,ZeroPlusTick,d5081637-3c10-c24b-2d7d-a55185706977,1689894,599
2018-12-14 06:02:58.982,181218225150941,18121406,XBTUSD,Sell,2158,3250.5,ZeroMinusTick,b57736d8-14fe-6569-20ff-6484c8bf78c8,1692052,600
2018-12-14 06:03:04.530,181218225150941,18121406,XBTUSD,Sell,500,3250.5,ZeroMinusTick,a31ba210-2252-1bf5-37fe-74c1be91d722,1692552,601
2018-12-14 06:03:04.530,181218225150941,18121406,XBTUSD,Sell,10,3250.5,ZeroMinusTick,2f632dc3-bce9-c8a8-fd8d-212842cdbf64,1692562,602
2018-12-14 06:03:04.530,181218225150941,18121406,XBTUSD,Sell,25,3250.5,ZeroMinusTick,f774093e-214d-d8c1-7040-96242fd8dfce,1692587,603
2018-12-14 06:03:06.223,181218225150941,18121406,XBTUSD,Sell,36,3250,ZeroMinusTick,3d71fc7a-ce31-2c39-7a03-6c78ce7f8c44,1692623,604
2018-12-14 06:03:06.223,181218225150941,18121406,XBTUSD,Sell,23,3250,ZeroMinusTick,f7a7fbc1-ed0e-6721-32a6-ac10b99f64a9,1692646,605
2018-12-14 06:03:06.223,181218225150941,18121406,XBTUSD,Sell,106,3250,ZeroMinusTick,40eb056d-440d-e5ee-ddfd-6c09b4c60f24,1692752,606
2018-12-14 06:03:16.599,181218225150941,18121406,XBTUSD,Sell,30,3249.5,ZeroMinusTick,7a9903bf-d988-ff6a-f743-57bec6ec0a3e,1692782,607
2018-12-14 06:03:40.694,181218225150941,18121406,XBTUSD,Sell,50,3249.5,ZeroMinusTick,c10905d6-f0fe-2911-ad4d-8c9215da1ae5,1692832,608
2018-12-14 06:03:40.694,181218225150941,18121406,XBTUSD,Sell,1000,3249.5,ZeroMinusTick,69f19a10-8e28-8c9c-aec2-c9fe8375bfe8,1693832,609
2018-12-14 06:03:52.561,181218225150941,18121406,XBTUSD,Sell,100,3249.5,ZeroMinusTick,18cf9e65-1e75-87d1-4106-b1197bdacb8f,1693932,610
2018-12-14 06:03:56.625,181218225150941,18121406,XBTUSD,Sell,2000,3249.5,MinusTick,2fd6d7f1-e7ff-2855-035d-d4f53929fd43,1695932,611
2018-12-14 06:04:05.610,181218225150941,18121406,XBTUSD,Sell,500,3249.5,ZeroMinusTick,39b4c6e6-16ea-d087-5f5c-7e36fb174b86,1696432,612
2018-12-14 06:04:14.182,181218225150941,18121406,XBTUSD,Buy,24440,3250,ZeroPlusTick,77ba14f9-62d4-377f-d65d-10aa35115308,1720872,613
2018-12-14 06:05:03.942,181218225150941,18121406,XBTUSD,Buy,1000,3250,ZeroPlusTick,96fd099c-ad75-de6b-b659-137632eda45a,1721872,614
2018-12-14 06:05:03.942,181218225150941,18121406,XBTUSD,Buy,15,3250,ZeroPlusTick,ff77c639-085f-b086-7503-c75eaa2c991b,1721887,615
2018-12-14 06:05:03.942,181218225150941,18121406,XBTUSD,Buy,152,3250,ZeroPlusTick,0c048e7d-00c6-e9eb-1ce1-64192137182f,1722039,616
2018-12-14 06:05:03.942,181218225150941,18121406,XBTUSD,Buy,280,3250,ZeroPlusTick,339629cf-a407-5790-8164-8b9869b06f12,1722319,617
2018-12-14 06:05:11.728,181218225150941,18121406,XBTUSD,Buy,21,3250,ZeroPlusTick,7815fcaf-60a0-67f7-e563-84cc9c01b3ad,1722340,618
2018-12-14 06:05:20.230,181218225150941,18121406,XBTUSD,Buy,220,3250,ZeroPlusTick,2eb1b19c-e31a-3948-9aa9-c50782238b28,1722560,619
2018-12-14 06:05:25.963,181218225150941,18121406,XBTUSD,Buy,3000,3250,ZeroPlusTick,43307259-777a-daec-71dc-def7f2eaa90f,1725560,620
2018-12-14 06:05:41.615,181218225150941,18121406,XBTUSD,Sell,25,3249.5,ZeroMinusTick,df8fad0f-3525-162a-1446-deab7868cb75,1725585,621
2018-12-14 06:05:45.128,181218225150941,18121406,XBTUSD,Buy,2000,3250,PlusTick,bd17a1b2-1721-762a-b5a7-2a2fa6ef2e10,1727585,622
2018-12-14 06:05:49.340,181218225150941,18121406,XBTUSD,Sell,2729,3249.5,MinusTick,55568a6c-787e-ee4f-366d-d8e59c07aef2,1730314,623
2018-12-14 06:05:51.181,181218225150941,18121406,XBTUSD,Buy,3500,3250,PlusTick,44d35b84-0dc6-cbdb-16ac-eca04501c83c,1733814,624
2018-12-14 06:05:51.397,181218225150941,18121406,XBTUSD,Buy,2500,3250,ZeroPlusTick,f984bae6-c6d4-eba6-65c6-8a2800d8c39e,1736314,625
2018-12-14 06:05:51.490,181218225150941,18121406,XBTUSD,Buy,44,3250,ZeroPlusTick,fa13b9d3-3fc3-733c-2c43-9af2603b4343,1736358,626
2018-12-14 06:06:06.406,181218225150941,18121406,XBTUSD,Buy,10000,3250,ZeroPlusTick,66004912-051f-19fd-ac0f-91e945f63eeb,1746358,627
2018-12-14 06:06:06.406,181218225150941,18121406,XBTUSD,Buy,6548,3250,ZeroPlusTick,3215e28c-dd56-0267-e298-4baf7baade4f,1752906,628
2018-12-14 06:02:58.982,181218225150941,18121406,XBTUSD,Sell,1000,3250.5,ZeroMinusTick,d97982d6-bd79-d39a-87da-8ca99f55c2a1,1753906,629
2018-12-14 06:03:04.530,181218225150941,18121406,XBTUSD,Sell,8509,3250.5,ZeroMinusTick,0b4f1ad9-efc5-fd3b-654a-3d65ed13dcf7,1762415,630
2018-12-14 06:03:04.530,181218225150941,18121406,XBTUSD,Sell,100,3250.5,ZeroMinusTick,da2910d9-1cde-4b5d-3e1c-35ee61045db8,1762515,631
2018-12-14 06:03:04.530,181218225150941,18121406,XBTUSD,Sell,100,3250.5,ZeroMinusTick,fa220482-e251-aff2-3b6c-1e43ed0a34f0,1762615,632
2018-12-14 06:03:04.530,181218225150941,18121406,XBTUSD,Sell,34,3250.5,ZeroMinusTick,ab8b1e11-696f-524f-2cad-4ab2594418ed,1762649,633
2018-12-14 06:03:05.972,181218225150941,18121406,XBTUSD,Sell,11,3250,ZeroMinusTick,73bdde3f-44cc-db84-48a1-dad19a4e5bfd,1762660,634
2018-12-14 06:03:06.223,181218225150941,18121406,XBTUSD,Sell,15,3250,ZeroMinusTick,4adb3770-1fd0-912b-eabf-c6ad492ec9be,1762675,635
2018-12-14 06:03:06.223,181218225150941,18121406,XBTUSD,Sell,25,3250,ZeroMinusTick,75ad6bc3-6e5e-70b6-04c6-2c422f13f64a,1762700,636
2018-12-14 06:03:06.223,181218225150941,18121406,XBTUSD,Sell,133,3250,ZeroMinusTick,f995783f-632a-8f9c-217a-74caf43be4a1,1762833,637
2018-12-14 06:03:16.599,181218225150941,18121406,XBTUSD,Sell,30,3249.5,ZeroMinusTick,8a34797d-2868-a0a9-ee8a-67d9fb9aee7a,1762863,638
2018-12-14 06:03:40.694,181218225150941,18121406,XBTUSD,Sell,10,3249.5,ZeroMinusTick,e2447059-bd6c-9ae0-fbbb-9df14d7e17e8,1762873,639
2018-12-14 06:03:40.694,181218225150941,18121406,XBTUSD,Sell,90,3249.5,ZeroMinusTick,dfdf6b69-8202-cde7-1d92-8c9ec0972e4a,1762963,640
2018-12-14 06:03:40.694,181218225150941,18121406,XBTUSD,Sell,16,3249.5,ZeroMinusTick,1f34cc08-2dfe-63a3-60ca-91b8cfc3a39f,1762979,641
2018-12-14 06:03:52.561,181218225150941,18121406,XBTUSD,Sell,942,3249.5,ZeroMinusTick,7fbd6eaa-4313-2809-fc8a-8ca10a5c9607,1763921,642
2018-12-14 06:03:52.892,181218225150941,18121406,XBTUSD,Sell,3000,3249.5,ZeroMinusTick,9cf5e5d8-ed8c-0cda-851b-45a9451e4db8,1766921,643
2018-12-14 06:03:55.128,181218225150941,18121406,XBTUSD,Buy,1103,3250,ZeroPlusTick,5a67398b-2803-33a2-e308-7485ced91358,1768024,644
2018-12-14 06:04:12.521,181218225150941,18121406,XBTUSD,Sell,17,3249.5,ZeroMinusTick,35e9071d-4f75-3e11-bd82-ce0248a93810,1768041,645
2018-12-14 06:04:49.091,181218225150941,18121406,XBTUSD,Sell,50000,3249.5,MinusTick,96eeaeb3-a2b0-4da4-27c0-f018b3e61f97,1818041,646
2018-12-14 06:05:03.942,181218225150941,18121406,XBTUSD,Buy,1000,3250,ZeroPlusTick,43e4dfaf-15e8-98c5-4183-8dee0e0a4b97,1819041,647
2018-12-14 06:05:03.942,181218225150941,18121406,XBTUSD,Buy,15,3250,ZeroPlusTick,13723897-34e4-8995-94a7-7ebaed1408b2,1819056,648
2018-12-14 06:05:03.942,181218225150941,18121406,XBTUSD,Buy,10,3250,ZeroPlusTick,247e2bdf-6452-33d3-e539-cecd31cca1c0,1819066,649
2018-12-14 06:05:03.942,181218225150941,18121406,XBTUSD,Buy,9,3250,ZeroPlusTick,6af29455-93ed-1a64-84b2-f0de8022e7a8,1819075,650
2018-12-14 06:05:11.728,181218225150941,18121406,XBTUSD,Buy,222,3250,ZeroPlusTick,0a3d00d0-1b04-63c7-34bb-f0ec60b9e99e,1819297,651
2018-12-14 06:05:21.532,181218225150941,18121406,XBTUSD,Buy,200,3250,ZeroPlusTick,7ae78d66-9dcc-fa67-a31e-637f235d422a,1819497,652
2018-12-14 06:05:25.963,181218225150941,18121406,XBTUSD,Buy,10,3250,ZeroPlusTick,2bd42408-f74f-9a9f-76c1-c11ad6ce31e3,1819507,653
2018-12-14 06:05:35.740,181218225150941,18121406,XBTUSD,Sell,11055,3249.5,MinusTick,01997d25-4119-34b7-56d4-7979cfe5f949,1830562,654
2018-12-14 06:05:38.604,181218225150941,18121406,XBTUSD,Buy,2000,3250,ZeroPlusTick,6ab06daf-5445-f34a-b4d2-a0d04a23e7bb,1832562,655
2018-12-14 06:05:41.615,181218225150941,18121406,XBTUSD,Sell,12152,3249.5,MinusTick,680c61a6-207d-0e0e-68dd-9901ddc2afbf,1844714,656
2018-12-14 06:05:55.816,181218225150941,18121406,XBTUSD,Buy,1100,3250,ZeroPlusTick,f22dc0db-d9b7-a75a-6ed6-759ade48205d,1845814,657
2018-12-14 06:06:02.799,181218225150941,18121406,XBTUSD,Buy,9907,3250,ZeroPlusTick,8f2cbe4c-7b0f-a779-ad84-c90050c811a7,1855721,658
2018-12-14 06:06:06.406,181218225150941,18121406,XBTUSD,Buy,15,3250,ZeroPlusTick,399727e9-e3f5-579e-7812-346509d9a61b,1855736,659
2018-12-14 06:06:08.398,181218225150941,18121406,XBTUSD,Buy,2102,3250,ZeroPlusTick,a69446b7-601a-dd8e-d4a6-07507e217613,1857838,660
2018-12-14 06:06:28.164,181218225150941,18121406,XBTUSD,Buy,60,3250,ZeroPlusTick,079c9083-8eb3-0d19-3a1b-8ce0718f8de7,1857898,661
2018-12-14 06:03:21.035,181218225150941,18121406,XBTUSD,Sell,4000,3249.5,ZeroMinusTick,03946dac-bb45-d072-1715-947857f478f5,1861898,662
2018-12-14 06:03:40.694,181218225150941,18121406,XBTUSD,Sell,16,3249.5,ZeroMinusTick,b1b9baa9-0090-36c0-0033-e4958d17f126,1861914,663
2018-12-14 06:03:40.694,181218225150941,18121406,XBTUSD,Sell,8508,3249.5,ZeroMinusTick,21144ea6-fe79-d63f-e798-96ecb113888d,1870422,664
2018-12-14 06:03:40.694,181218225150941,18121406,XBTUSD,Sell,150,3249.5,ZeroMinusTick,4502f891-58c9-c5b8-1ffc-24ebfc7afe19,1870572,665
2018-12-14 06:03:50.169,181218225150941,18121406,XBTUSD,Sell,18,3249.5,MinusTick,a5d668c9-753c-7761-841d-6c5bdb614776,1870590,666
2018-12-14 06:03:52.561,181218225150941,18121406,XBTUSD,Sell,125,3249.5,ZeroMinusTick,41c5bf33-9ca7-2a09-ed3e-6b7f19a60e78,1870715,667
2018-12-14 06:04:12.521,181218225150941,18121406,XBTUSD,Sell,50,3249.5,ZeroMinusTick,68ba8d28-fede-fbfa-9256-d237df36b692,1870765,668
2018-12-14 06:05:03.942,181218225150941,18121406,XBTUSD,Buy,21156,3250,ZeroPlusTick,6d1c54c4-d3b2-cc1b-be9b-6c957dd0fa18,1891921,669
2018-12-14 06:05:03.942,181218225150941,18121406,XBTUSD,Buy,30,3250,ZeroPlusTick,17867bee-ef36-e064-84a9-67e6562026a9,1891951,670
2018-12-14 06:05:03.942,181218225150941,18121406,XBTUSD,Buy,30,3250,ZeroPlusTick,36452106-f59c-3380-921d-6048bc54b1f7,1891981,671
2018-12-14 06:05:03.942,181218225150941,18121406,XBTUSD,Buy,6875,3250,ZeroPlusTick,08f981b4-f90b-30f8-3618-82312a5853fa,1898856,672
2018-12-14 06:05:11.728,181218225150941,18121406,XBTUSD,Buy,300,3250,ZeroPlusTick,9413cdd1-2acf-58b5-803e-7157e6c0a5d3,1899156,673
2018-12-14 06:05:39.282,181218225150941,18121406,XBTUSD,Buy,30,3250,ZeroPlusTick,9e0782ee-f9a7-6033-e795-eb9852305e05,1899186,674
2018-12-14 06:05:39.728,181218225150941,18121406,XBTUSD,Buy,1450,3250,ZeroPlusTick,e63403ed-058c-8b47-172e-b60da5d70228,1900636,675
2018-12-14 06:06:06.406,181218225150941,18121406,XBTUSD,Buy,15,3250,ZeroPlusTick,53959816-7f81-5efe-b35a-4c41816da917,1900651,676
2018-12-14 06:06:08.398,181218225150941,18121406,XBTUSD,Buy,10,3250,ZeroPlusTick,32198b88-d394-fd3b-db3a-cb37506f1a34,1900661,677
2018-12-14 06:06:13.797,181218225150941,18121406,XBTUSD,Buy,50,3250,ZeroPlusTick,cec903c5-bf71-ab08-1dfd-462d4d269af6,1900711,678
2018-12-14 06:06:28.164,181218225150941,18121406,XBTUSD,Buy,50,3250,ZeroPlusTick,9e33acfb-307b-f31a-2dad-a34be58d0fc5,1900761,679
2018-12-14 06:06:29.650,181218225150941,18121406,XBTUSD,Buy,800,3250,ZeroPlusTick,bd6c66dc-fcdf-e924-9d04-e5af959cbf09,1901561,680
2018-12-14 06:06:35.243,181218225150941,18121406,XBTUSD,Buy,162,3250,ZeroPlusTick,f485dc5a-c1b4-8350-1a67-fce8c585c67c,1901723,681
2018-12-14 06:06:36.510,181218225150941,18121406,XBTUSD,Buy,10,3250.5,ZeroPlusTick,545fb836-79c5-8474-fee5-02299c898c33,1901733,682
2018-12-14 06:06:52.258,181218225150941,18121406,XBTUSD,Buy,21,3250.5,ZeroPlusTick,a2d70ea6-c1cb-f285-89ad-ee6dc6e82d42,1901754,683
2018-12-14 06:06:52.258,181218225150942,18121406,XBTUSD,Buy,162,3250.5,ZeroPlusTick,b46ab56f-b195-d1ca-9e4a-bcfe7dae84ad,1901916,684
2018-12-14 06:06:52.258,181218225150942,18121406,XBTUSD,Buy,30000,3250.5,ZeroPlusTick,61e1e179-d416-5ce4-2758-7cae753cadd1,1931916,685
2018-12-14 06:06:52.258,181218225150942,18121406,XBTUSD,Buy,500,3251,ZeroPlusTick,12acc9ae-d0c8-ad29-42d0-8ecac757c00b,1932416,686
2018-12-14 06:06:52.258,181218225150942,18121406,XBTUSD,Buy,25000,3251,ZeroPlusTick,c16655e8-3220-221b-d9d7-01c4a7d2b703,1957416,687
2018-12-14 06:06:52.258,181218225150942,18121406,XBTUSD,Buy,10000,3251,ZeroPlusTick,b459c93c-fa55-9947-c352-0b908d46e66c,1967416,688
2018-12-14 06:06:52.258,181218225150942,18121406,XBTUSD,Buy,2000,3251,ZeroPlusTick,343384cd-2577-9cd4-a067-ea67b942e9b6,1969416,689
2018-12-14 06:03:40.409,181218225150942,18121406,XBTUSD,Buy,500,3250,ZeroPlusTick,dcf5d9f0-6315-a815-7704-c5e910f504be,1969916,690
2018-12-14 06:03:40.694,181218225150942,18121406,XBTUSD,Sell,50,3249.5,MinusTick,b0ce0c0d-acc6-182c-8456-349dd15733d3,1969966,691
2018-12-14 06:03:40.694,181218225150942,18121406,XBTUSD,Sell,1000,3249.5,ZeroMinusTick,a17301c7-ee34-e86c-22be-6a9b29c5e99b,1970966,692
2018-12-14 06:03:40.694,181218225150942,18121406,XBTUSD,Sell,13,3249.5,ZeroMinusTick,75db04f4-dfbc-42e5-f63b-b8b1c034cbe5,1970979,693
2018-12-14 06:03:52.561,181218225150942,18121406,XBTUSD,Sell,15,3249.5,ZeroMinusTick,27eac138-3112-4628-a055-ba04ff8602a7,1970994,694
2018-12-14 06:04:05.610,181218225150942,18121406,XBTUSD,Sell,1306,3249.5,ZeroMinusTick,f8a13089-b37c-d4a7-6c16-576300ac5b0d,1972300,695
2018-12-14 06:04:12.521,181218225150942,18121406,XBTUSD,Sell,60,3249.5,ZeroMinusTick,773723ac-42ee-1d9d-db8f-ff21e01738ba,1972360,696
2018-12-14 06:04:14.182,181218225150942,18121406,XBTUSD,Buy,2208,3250,ZeroPlusTick,9fb2c8a2-a190-a667-5f69-e93e690f0918,1974568,697
2018-12-14 06:04:33.645,181218225150942,18121406,XBTUSD,Buy,350,3250,PlusTick,3ca6e905-787c-38c6-28e3-4dd0af0e652f,1974918,698
2018-12-14 06:04:50.265,181218225150942,18121406,XBTUSD,Buy,2000,3250,PlusTick,4ec44271-4fd5-21b8-9a78-6c55b6062a31,1976918,699
2018-12-14 06:05:03.942,181218225150942,18121406,XBTUSD,Buy,1000,3250,ZeroPlusTick,ede7373a-734b-5205-a345-796fa969a1cb,1977918,700
2018-12-14 06:05:03.942,181218225150942,18121406,XBTUSD,Buy,162,3250,ZeroPlusTick,dbcc2d72-5ffd-e44c-f35f-ec0987b32cfd,1978080,701
2018-12-14 06:05:03.942,181218225150942,18121406,XBTUSD,Buy,50,3250,ZeroPlusTick,0c1a01f0-4f90-801e-d7b9-e309d20450cf,1978130,702
2018-12-14 06:05:09.050,181218225150942,18121406,XBTUSD,Buy,10,3250,ZeroPlusTick,186719c0-24df-f80b-90af-15d5497a5d3c,1978140,703
2018-12-14 06:05:11.728,181218225150942,18121406,XBTUSD,Buy,55,3250,ZeroPlusTick,dc7da5ba-367f-8b62-71a7-4c04405cc3ba,1978195,704
2018-12-14 06:05:18.648,181218225150942,18121406,XBTUSD,Buy,1,3250,ZeroPlusTick,44dacaaf-d6f4-4539-d242-77b0df901d71,1978196,705
2018-12-14 06:05:18.669,181218225150942,18121406,XBTUSD,Buy,6000,3250,ZeroPlusTick,6c2999dc-86a6-ee92-40b9-0ea0bc91a0d8,1984196,706
2018-12-14 06:05:18.715,181218225150942,18121406,XBTUSD,Sell,700,3249.5,MinusTick,c4907e63-4600-cbf7-a361-620a0315faed,1984896,707
2018-12-14 06:05:19.041,181218225150942,18121406,XBTUSD,Buy,400,3250,PlusTick,441ca455-2e75-8db9-233a-249b1fdd6f4a,1985296,708
2018-12-14 06:05:22.764,181218225150942,18121406,XBTUSD,Buy,1802,3250,ZeroPlusTick,6f81253b-390c-be73-5d8b-4b7a6bfe0d9a,1987098,709
2018-12-14 06:05:23.215,181218225150942,18121406,XBTUSD,Buy,1000,3250,ZeroPlusTick,7854b860-8957-35b5-03e8-4c59fa6a64c6,1988098,710
2018-12-14 06:05:23.285,181218225150942,18121406,XBTUSD,Buy,100,3250,ZeroPlusTick,65aaacdf-1a06-32d6-ed32-ae78bdb932d8,1988198,711
2018-12-14 06:05:23.355,181218225150942,18121406,XBTUSD,Buy,702,3250,ZeroPlusTick,8ac78430-192a-3d51-9e34-63bdf0b06e8b,1988900,712
2018-12-14 06:05:25.963,181218225150942,18121406,XBTUSD,Buy,2000,3250,ZeroPlusTick,4c8fd074-d8d5-e607-db0a-3bdf2c81a7c3,1990900,713
2018-12-14 06:05:41.615,181218225150942,18121406,XBTUSD,Sell,10,3249.5,ZeroMinusTick,d4ffc429-f1ef-7fe8-9327-a6e3d7d13c42,1990910,714
2018-12-14 06:06:06.406,181218225150942,18121406,XBTUSD,Buy,40,3250,ZeroPlusTick,b1f9ae71-a690-53e1-74dc-2b5bfac3be13,1990950,715
2018-12-14 06:06:06.406,181218225150942,18121406,XBTUSD,Buy,100,3250,ZeroPlusTick,a0f9eab1-10fb-93d9-8f19-a751a55b3be8,1991050,716
2018-12-14 06:06:08.398,181218225150942,18121406,XBTUSD,Buy,112,3250,ZeroPlusTick,2ab9231e-b277-bf29-7b46-57a050c93bcb,1991162,717
2018-12-14 06:06:13.242,181218225150942,18121406,XBTUSD,Buy,27,3250,ZeroPlusTick,efcbb5a5-483b-e62f-836e-d062386b55a2,1991189,718
2018-12-14 06:06:13.415,181218225150942,18121406,XBTUSD,Buy,1200,3250,ZeroPlusTick,416f4ca8-d7bb-07f7-be9b-cea0f7d2d75f,1992389,719
2018-12-14 06:06:28.164,181218225150942,18121406,XBTUSD,Buy,9115,3250,PlusTick,9fa3a117-23bc-889b-e089-1c58ac89383b,2001504,720
2018-12-14 06:06:35.243,181218225150942,18121406,XBTUSD,Buy,72,3250,ZeroPlusTick,28fd0d31-a144-d7f7-d8bd-dab259763887,2001576,721
2018-12-14 06:06:36.510,181218225150942,18121406,XBTUSD,Buy,20,3250.5,ZeroPlusTick,9e84eae9-bcdf-aa00-2c77-ae693383be38,2001596,722
2018-12-14 06:03:52.561,181218225150942,18121406,XBTUSD,Sell,4,3249.5,ZeroMinusTick,de811061-5e66-fad9-0bd5-4a3e8db150a7,2001600,723
2018-12-14 06:04:03.619,181218225150942,18121406,XBTUSD,Sell,1000,3249.5,MinusTick,2e36980c-60a3-0cd9-e15c-06cd2fb9e5f1,2002600,724
2018-12-14 06:04:05.610,181218225150942,18121406,XBTUSD,Sell,77,3249.5,ZeroMinusTick,1c88c400-376c-c6e3-9200-a4cc5937c0af,2002677,725
2018-12-14 06:04:11.525,181218225150942,18121406,XBTUSD,Sell,600,3249.5,ZeroMinusTick,a867d6ee-f288-ddd7-1814-5f601dfdbc70,2003277,726
2018-12-14 06:04:30.593,181218225150942,18121406,XBTUSD,Sell,350,3249.5,MinusTick,158eaf3f-da5a-9df2-2627-51f6d4b81420,2003627,727
2018-12-14 06:04:47.315,181218225150942,18121406,XBTUSD,Sell,1000,3249.5,ZeroMinusTick,5781a4d2-4367-a6de-76ba-e8283ca5c1c4,2004627,728
2018-12-14 06:04:47.599,181218225150942,18121406,XBTUSD,Buy,5000,3250,PlusTick,3bbb4193-c7cd-b5fd-9ceb-4d324481b380,2009627,729
2018-12-14 06:04:55.850,181218225150942,18121406,XBTUSD,Sell,2000,3249.5,MinusTick,fa694104-66c0-b6ce-fb20-0c2b482587dc,2011627,730
2018-12-14 06:05:03.942,181218225150942,18121406,XBTUSD,Buy,3094,3250,ZeroPlusTick,f04dea53-0518-d87d-f8f4-ee4c18649bb4,2014721,731
2018-12-14 06:05:03.942,181218225150942,18121406,XBTUSD,Buy,3610,3250,ZeroPlusTick,8a1ea49c-6f78-140e-1305-915e04e96a61,2018331,732
2018-12-14 06:05:03.942,181218225150942,18121406,XBTUSD,Buy,10081,3250,ZeroPlusTick,ab20630d-c3f8-8da2-e817-6203d32ce4de,2028412,733
2018-12-14 06:05:11.728,181218225150942,18121406,XBTUSD,Buy,8,3250,ZeroPlusTick,7aa49216-72ed-9c90-cc8c-b71cf708a208,2028420,734
2018-12-14 06:05:13.210,181218225150942,18121406,XBTUSD,Buy,2123,3250,ZeroPlusTick,f2865c76-ad57-88a2-20d9-8c6c14b21ba1,2030543,735
2018-12-14 06:05:25.963,181218225150942,18121406,XBTUSD,Buy,3,3250,ZeroPlusTick,025c30ce-6f85-d811-f525-e84536ff3936,2030546,736
2018-12-14 06:05:41.615,181218225150942,18121406,XBTUSD,Sell,635,3249.5,ZeroMinusTick,0e68076b-0292-3cfb-3449-fb075a40ac03,2031181,737
2018-12-14 06:05:54.333,181218225150942,18121406,XBTUSD,Sell,160,3249.5,ZeroMinusTick,8db8f330-2174-52fe-0083-3e8be50fe48b,2031341,738
2018-12-14 06:05:55.026,181218225150942,18121406,XBTUSD,Buy,300,3250,PlusTick,10f795a3-fd97-be70-ebf0-357a2eb5562f,2031641,739
2018-12-14 06:06:06.406,181218225150942,18121406,XBTUSD,Buy,500,3250,ZeroPlusTick,acd65c2c-9353-dffc-e68a-7c40d46281c1,2032141,740
2018-12-14 06:06:06.406,181218225150942,18121406,XBTUSD,Buy,9,3250,ZeroPlusTick,95c8429e-bb85-128c-8723-a8eceb28ebdf,2032150,741
2018-12-14 06:06:11.761,181218225150942,18121406,XBTUSD,Buy,100,3250,ZeroPlusTick,ff3720e2-2c55-effc-21b5-95adb4b7cb90,2032250,742
2018-12-14 06:06:28.164,181218225150942,18121406,XBTUSD,Buy,4009,3250,ZeroPlusTick,58a908b6-1a3b-779e-a3c2-7e552b75124a,2036259,743
2018-12-14 06:06:35.243,181218225150942,18121406,XBTUSD,Buy,162,3250,ZeroPlusTick,22c9d1bf-1750-9146-6e88-aded5fccc3f3,2036421,744
2018-12-14 06:06:36.510,181218225150942,18121406,XBTUSD,Buy,5,3250.5,ZeroPlusTick,ab128b61-79bb-0552-f0b0-13ab7d1e0f09,2036426,745
2018-12-14 06:06:52.258,181218225150942,18121406,XBTUSD,Buy,15664,3250.5,ZeroPlusTick,99f6c2a0-23ea-5a8d-aa00-99f46ff17db2,2052090,746
2018-12-14 06:06:52.258,181218225150942,18121406,XBTUSD,Buy,3000,3250.5,ZeroPlusTick,3f72523e-9627-0f28-4182-4f012f850010,2055090,747
2018-12-14 06:06:52.258,181218225150942,18121406,XBTUSD,Buy,20,3250.5,ZeroPlusTick,5270eacc-6bad-64fc-4992-9b3871dcf3f5,2055110,748
2018-12-14 06:06:52.258,181218225150942,18121406,XBTUSD,Buy,20000,3250.5,ZeroPlusTick,51ddc435-7951-8458-99c8-78ac309c266f,2075110,749
2018-12-14 06:06:52.258,181218225150942,18121406,XBTUSD,Buy,1800,3251,ZeroPlusTick,3e0a3c1d-6d37-ab20-e022-a1a6393576fa,2076910,750
2018-12-14 06:06:52.258,181218225150942,18121406,XBTUSD,Buy,20,3251,ZeroPlusTick,c08fb85b-1173-c982-cbc2-2ee80a81a464,2076930,751
2018-12-14 06:06:52.258,181218225150942,18121406,XBTUSD,Buy,25,3251,ZeroPlusTick,6e5e4d04-f6a3-062c-cf9a-e370b827f015,2076955,752
2018-12-14 06:06:52.258,181218225150942,18121406,XBTUSD,Buy,100,3251,ZeroPlusTick,a187386f-219b-3c84-90a5-593b9b4719b2,2077055,753
2018-12-14 06:05:22.764,181218225150942,18121406,XBTUSD,Buy,5000,3250,ZeroPlusTick,b6e951c4-c012-1f6c-319c-7537763afbcb,2082055,754
2018-12-14 06:05:23.355,181218225150942,18121406,XBTUSD,Buy,2298,3250,ZeroPlusTick,73f9f37a-8896-526c-037f-fdd248acdf16,2084353,755
2018-12-14 06:05:25.963,181218225150942,18121406,XBTUSD,Buy,62125,3250,ZeroPlusTick,bb686bad-eaff-41bf-e311-7c633aefbff9,2146478,756
2018-12-14 06:05:52.131,181218225150942,18121406,XBTUSD,Buy,333,3250,ZeroPlusTick,ac1beb28-9cd3-8351-59d0-d035eeab4b40,2146811,757
2018-12-14 06:05:52.582,181218225150942,18121406,XBTUSD,Buy,200,3250,ZeroPlusTick,42473ccb-6487-5f9c-d2ba-9c05cff23265,2147011,758
2018-12-14 06:05:53.012,181218225150942,18121406,XBTUSD,Sell,10,3249.5,MinusTick,07b11f13-f572-d4cf-2f1b-bd884378c1da,2147021,759
2018-12-14 06:06:04.640,181218225150942,18121406,XBTUSD,Buy,200,3250,ZeroPlusTick,31c3126b-01a2-6662-ec1b-3cf83f6e1dc8,2147221,760
