timestamp,reformattedDate,hour,symbol,side,size,price,tickDirection,trdMatchID,volTime,tickTime
2018-12-14 05:15:43.649,181219003032974,18121405,XBTUSD,Buy,750,3259,PlusTick,929c92b5-ca1d-1cc5-21b6-e8fe7ef8587c,750,1
2018-12-14 05:20:48.193,181219003032974,18121405,XBTUSD,Buy,4337,3259,PlusTick,1a6a3616-6289-6ea6-c4d7-a52ffb2a8fb8,5087,2
2018-12-14 05:40:27.606,181219003032974,18121405,XBTUSD,Buy,300,3248,PlusTick,619f59b5-b559-f5d1-56b2-c9538357e1e3,5387,3
2018-12-14 05:46:14.913,181219003032974,18121405,XBTUSD,Buy,400,3252,PlusTick,6813de2f-3696-800b-34ba-81d2819165ed,5787,4
2018-12-14 05:00:02.991,181219003032974,18121405,XBTUSD,Buy,500,3265,ZeroPlusTick,f2e481d3-12d5-5a93-81c0-3987d5a880d9,6287,5
2018-12-14 05:00:03.705,181219003032974,18121405,XBTUSD,Buy,1000,3265,ZeroPlusTick,ac120816-c700-d4b9-51ad-6184864f9c44,7287,6
2018-12-14 05:00:03.705,181219003032974,18121405,XBTUSD,Buy,1000,3265,ZeroPlusTick,e201a722-718e-3362-d469-770a5f313472,8287,7
2018-12-14 05:00:03.736,181219003032974,18121405,XBTUSD,Buy,4000,3265,ZeroPlusTick,cc003f97-f22f-ddd6-d827-f6c5ab901a0b,12287,8
2018-12-14 05:00:03.736,181219003032974,18121405,XBTUSD,Buy,100,3265,ZeroPlusTick,3fbff20c-7127-49d7-d76d-3e640528df76,12387,9
2018-12-14 05:00:03.981,181219003032974,18121405,XBTUSD,Buy,554,3265,ZeroPlusTick,f20a03aa-a2d0-d0dd-a181-375a9dc1af6d,12941,10
2018-12-14 05:00:04.368,181219003032974,18121405,XBTUSD,Buy,2774,3265,ZeroPlusTick,11b2cbd3-326f-984d-889c-d1ca0a397eeb,15715,11
2018-12-14 05:00:04.415,181219003032974,18121405,XBTUSD,Buy,2226,3265,ZeroPlusTick,faa6de81-288e-b3a7-5c8a-adc1cb8b8e1e,17941,12
2018-12-14 05:00:04.644,181219003032974,18121405,XBTUSD,Buy,1,3265,ZeroPlusTick,95e9de3d-cdf3-9f5c-377e-1d9026be24a0,17942,13
2018-12-14 05:00:04.644,181219003032974,18121405,XBTUSD,Buy,100,3265,ZeroPlusTick,29197d36-b038-c8f3-e9dd-c49b611ee8ac,18042,14
2018-12-14 05:00:04.644,181219003032974,18121405,XBTUSD,Buy,2,3265,ZeroPlusTick,46c4d415-59a4-1c34-b8e7-cc2ba3e611d4,18044,15
2018-12-14 05:00:04.644,181219003032974,18121405,XBTUSD,Buy,1000,3265.5,ZeroPlusTick,7088284c-1a75-0108-99d9-5f03f9f57bd6,19044,16
2018-12-14 05:00:04.868,181219003032974,18121405,XBTUSD,Buy,10,3265.5,ZeroPlusTick,df35aab2-3604-af24-ac23-90e0e82ec12f,19054,17
2018-12-14 05:00:05.164,181219003032974,18121405,XBTUSD,Buy,19,3265.5,ZeroPlusTick,335ad939-d94b-69d8-9622-b2f3b5e7158e,19073,18
2018-12-14 05:00:05.164,181219003032974,18121405,XBTUSD,Buy,200,3266,ZeroPlusTick,eb9566b7-dd40-1ce8-3ddc-f05ae0925fcf,19273,19
2018-12-14 05:00:05.164,181219003032974,18121405,XBTUSD,Buy,500,3266,ZeroPlusTick,0bf30b15-f714-135a-f159-aaad1207890d,19773,20
2018-12-14 05:00:05.164,181219003032974,18121405,XBTUSD,Buy,119,3266,ZeroPlusTick,43f8e03e-fd17-7df2-40f1-bce896eae5bd,19892,21
2018-12-14 05:00:05.425,181219003032975,18121405,XBTUSD,Buy,28,3266,ZeroPlusTick,13db8ca3-90c2-f913-2b69-639de0d4df48,19920,22
2018-12-14 05:00:05.607,181219003032975,18121405,XBTUSD,Sell,2,3265.5,MinusTick,5eb12559-535d-e171-a70c-9277d2b71f6b,19922,23
2018-12-14 05:00:05.892,181219003032975,18121405,XBTUSD,Buy,2766,3266,ZeroPlusTick,3b637a84-9b4c-5541-b16d-98e65ac23239,22688,24
2018-12-14 05:00:05.892,181219003032975,18121405,XBTUSD,Buy,21,3266,ZeroPlusTick,3f884079-c0ef-e5e2-6b91-522449f5a085,22709,25
2018-12-14 05:00:05.892,181219003032975,18121405,XBTUSD,Buy,30,3266.5,ZeroPlusTick,8f7882ca-0bd1-ff8f-8c76-d3f12a8dc530,22739,26
2018-12-14 05:00:06.296,181219003032975,18121405,XBTUSD,Buy,1000,3266.5,ZeroPlusTick,17bf7efe-9126-9cc7-cce7-8b2e57429db7,23739,27
2018-12-14 05:00:06.339,181219003032975,18121405,XBTUSD,Sell,250,3266,MinusTick,75984f2b-02c7-3a43-7fe6-384b58f8e47f,23989,28
2018-12-14 05:00:06.828,181219003032975,18121405,XBTUSD,Buy,985,3266.5,ZeroPlusTick,e0e01cb7-f9b9-19f6-9371-8b6704e3d632,24974,29
2018-12-14 05:00:03.705,181219003032975,18121405,XBTUSD,Buy,1000,3265,ZeroPlusTick,132a58e1-249b-7b21-ce5e-916afc1e5c58,25974,30
2018-12-14 05:00:03.705,181219003032975,18121405,XBTUSD,Buy,1000,3265,ZeroPlusTick,cf0c7664-bcb3-6acc-4496-25b09dbe7c82,26974,31
2018-12-14 05:00:04.415,181219003032975,18121405,XBTUSD,Buy,5184,3265,ZeroPlusTick,a3fa6db9-1d14-a8ba-e77b-8177b6e734fd,32158,32
2018-12-14 05:00:04.644,181219003032975,18121405,XBTUSD,Buy,5000,3265,ZeroPlusTick,93c96d71-1630-ba54-3d42-46a0456e814c,37158,33
2018-12-14 05:00:04.644,181219003032975,18121405,XBTUSD,Buy,100,3265,ZeroPlusTick,b7f8d4df-2acc-4565-6f8d-90d7c3c430a3,37258,34
2018-12-14 05:00:04.644,181219003032975,18121405,XBTUSD,Buy,21,3265,ZeroPlusTick,f86d8f9f-6565-702e-c46b-f2651961740a,37279,35
2018-12-14 05:00:04.644,181219003032975,18121405,XBTUSD,Buy,40,3265.5,ZeroPlusTick,12e8ef45-e483-3faa-fdce-4a6b49016301,37319,36
2018-12-14 05:00:04.868,181219003032975,18121405,XBTUSD,Buy,1000,3265.5,ZeroPlusTick,99c14bfa-de87-7b24-8c5e-a4b311f9d802,38319,37
2018-12-14 05:00:05.164,181219003032975,18121405,XBTUSD,Buy,30,3265.5,ZeroPlusTick,a602a589-833a-8596-aa1b-32da32316af3,38349,38
2018-12-14 05:00:05.164,181219003032975,18121405,XBTUSD,Buy,21,3265.5,ZeroPlusTick,b9b8a2dc-2475-4c12-fca5-a2bdece6c4f1,38370,39
2018-12-14 05:00:05.164,181219003032975,18121405,XBTUSD,Buy,100,3266,ZeroPlusTick,11a4570f-5c17-1758-d0a1-161a6a77b744,38470,40
2018-12-14 05:00:05.164,181219003032975,18121405,XBTUSD,Buy,7861,3266,ZeroPlusTick,b186fe69-d5aa-1fa9-8ec5-81094bbf50d5,46331,41
2018-12-14 05:00:05.240,181219003032975,18121405,XBTUSD,Buy,3344,3266,ZeroPlusTick,4afe1530-39d1-f6ca-a73d-05baa7278a8e,49675,42
2018-12-14 05:00:05.425,181219003032975,18121405,XBTUSD,Buy,1656,3266,ZeroPlusTick,c3e09f2f-18c5-cd38-3b65-f2b692fa4c49,51331,43
2018-12-14 05:00:05.441,181219003032975,18121405,XBTUSD,Buy,2039,3266,ZeroPlusTick,42ae1b28-56a1-ab09-bc1e-c33d102f6f0a,53370,44
2018-12-14 05:00:05.892,181219003032975,18121405,XBTUSD,Buy,25,3266,ZeroPlusTick,6524374f-ad10-e6a3-0f8e-05c644838164,53395,45
2018-12-14 05:00:05.892,181219003032975,18121405,XBTUSD,Buy,163,3266,ZeroPlusTick,4fdffc0c-147d-5c9f-95cb-0f24ea7e0c94,53558,46
2018-12-14 05:00:05.892,181219003032975,18121405,XBTUSD,Buy,2,3266.5,ZeroPlusTick,4d3f1325-93fe-3b6d-52d1-1d128b1b83fb,53560,47
2018-12-14 05:00:05.892,181219003032975,18121405,XBTUSD,Buy,7278,3266.5,ZeroPlusTick,3ecd5874-a24d-8462-ffc6-c5e902ff5fe9,60838,48
2018-12-14 05:00:06.296,181219003032975,18121405,XBTUSD,Buy,94,3266.5,ZeroPlusTick,2a5dfe1f-f7b6-2c30-c6d0-189420940459,60932,49
2018-12-14 05:00:06.339,181219003032975,18121405,XBTUSD,Buy,26,3266.5,ZeroPlusTick,04cea83a-109a-f993-95bd-37e2e026070c,60958,50
2018-12-14 05:00:06.983,181219003032975,18121405,XBTUSD,Buy,40000,3266.5,ZeroPlusTick,34571195-b287-1eeb-932b-64a335f5a5c8,100958,51
2018-12-14 05:00:06.983,181219003032975,18121405,XBTUSD,Buy,1000,3267,ZeroPlusTick,26400085-e181-43ca-ee2d-81f00c9201a7,101958,52
2018-12-14 05:00:07.067,181219003032975,18121405,XBTUSD,Buy,1000,3267,ZeroPlusTick,ce524e8c-723b-7487-5ed6-b91db3c14a8d,102958,53
2018-12-14 05:00:03.736,181219003032975,18121405,XBTUSD,Buy,150,3265,ZeroPlusTick,0466bd3a-23fe-95ae-f418-3f8c0dca5258,103108,54
2018-12-14 05:00:03.981,181219003032975,18121405,XBTUSD,Buy,10,3265,ZeroPlusTick,aa3db7a9-92f1-e6aa-8f7a-12d809a9c91f,103118,55
2018-12-14 05:00:04.149,181219003032975,18121405,XBTUSD,Buy,311,3265,ZeroPlusTick,055abd1d-2382-fe99-a955-f4198e1ef23b,103429,56
2018-12-14 05:00:04.149,181219003032975,18121405,XBTUSD,Buy,3,3265,ZeroPlusTick,8789ef97-730a-4510-b6db-02d2be6fff4b,103432,57
2018-12-14 05:00:04.415,181219003032975,18121405,XBTUSD,Buy,500,3265,ZeroPlusTick,11cbb5a9-8f2f-e6b2-762e-1120f0d5e41b,103932,58
2018-12-14 05:00:04.568,181219003032975,18121405,XBTUSD,Buy,3000,3265,ZeroPlusTick,51979cee-1f80-09d0-3fad-4aeae080b42d,106932,59
2018-12-14 05:00:04.635,181219003032975,18121405,XBTUSD,Sell,100,3264.5,MinusTick,6be966a2-5238-0486-bc45-40933842d9b0,107032,60
2018-12-14 05:00:04.644,181219003032975,18121405,XBTUSD,Buy,1816,3265,PlusTick,b846938d-5a85-0dd4-8c5b-31996008b7dc,108848,61
2018-12-14 05:00:04.644,181219003032975,18121405,XBTUSD,Buy,100,3265,ZeroPlusTick,4494e55a-7e1a-396a-19e4-a7d416256a64,108948,62
2018-12-14 05:00:04.644,181219003032975,18121405,XBTUSD,Buy,1099,3265,ZeroPlusTick,947ccb31-7580-e406-c744-9b2f780b76ba,110047,63
2018-12-14 05:00:04.644,181219003032975,18121405,XBTUSD,Buy,116,3265.5,ZeroPlusTick,6d783231-a893-49be-9335-b1377e18f0d2,110163,64
2018-12-14 05:00:04.868,181219003032975,18121405,XBTUSD,Buy,571,3265.5,ZeroPlusTick,2dbe3431-6d00-ae8b-4c24-1f46de1f8281,110734,65
2018-12-14 05:00:05.164,181219003032975,18121405,XBTUSD,Buy,684,3265.5,ZeroPlusTick,2a15b8a1-9139-585a-20a9-52e9cfa99805,111418,66
2018-12-14 05:00:05.164,181219003032975,18121405,XBTUSD,Buy,9,3266,ZeroPlusTick,46a9f506-7432-23dc-beaa-47fe3b5d4cb7,111427,67
2018-12-14 05:00:05.164,181219003032975,18121405,XBTUSD,Buy,230,3266,ZeroPlusTick,8d3cdda7-e8a5-0b2b-2159-3436e10d9c93,111657,68
2018-12-14 05:00:05.240,181219003032975,18121405,XBTUSD,Buy,500,3266,ZeroPlusTick,d80831a2-d4f6-e228-ad1c-3040db87c06a,112157,69
2018-12-14 05:00:05.425,181219003032975,18121405,XBTUSD,Buy,10,3266,ZeroPlusTick,3c71b322-50f7-b849-1948-0bd0bda118ae,112167,70
2018-12-14 05:00:05.892,181219003032975,18121405,XBTUSD,Buy,600,3266,ZeroPlusTick,788ac625-7343-6d1d-f8ab-047706a03d21,112767,71
2018-12-14 05:00:05.892,181219003032975,18121405,XBTUSD,Buy,1,3266,ZeroPlusTick,12ad1934-4e1b-a181-e90b-6cd850766bcd,112768,72
2018-12-14 05:00:05.892,181219003032975,18121405,XBTUSD,Buy,50,3266.5,ZeroPlusTick,1b358566-bc24-60fd-56f1-3426f6f8427a,112818,73
2018-12-14 05:00:05.892,181219003032975,18121405,XBTUSD,Buy,100,3266.5,ZeroPlusTick,6f2085af-3785-a03f-18b4-a37b16fcbf89,112918,74
2018-12-14 05:00:06.296,181219003032975,18121405,XBTUSD,Buy,3609,3266.5,ZeroPlusTick,23a1da5e-36f2-bffb-21a1-d8e6d6a29abc,116527,75
2018-12-14 05:00:06.370,181219003032975,18121405,XBTUSD,Buy,1232,3266.5,ZeroPlusTick,a1c95f5e-bf11-b254-11fd-3e122fc0358b,117759,76
2018-12-14 05:00:06.983,181219003032975,18121405,XBTUSD,Buy,6465,3266.5,PlusTick,736f0d59-2f55-37eb-4c97-ca9b2527890a,124224,77
2018-12-14 05:00:06.983,181219003032975,18121405,XBTUSD,Buy,30,3267,PlusTick,d4dfa1d7-bbfb-9619-e909-2958f4134047,124254,78
2018-12-14 05:00:07.067,181219003032975,18121405,XBTUSD,Buy,474,3267,ZeroPlusTick,3658cfdd-4e5b-baee-9af4-690733a5bca0,124728,79
2018-12-14 05:00:07.067,181219003032975,18121405,XBTUSD,Buy,150,3267,ZeroPlusTick,6c111d7d-382c-57d0-4926-42aaf5f8986a,124878,80
2018-12-14 05:00:07.139,181219003032975,18121405,XBTUSD,Buy,15,3267,ZeroPlusTick,67b4c48e-d1bf-1d3e-dc48-6e1a6f2128da,124893,81
2018-12-14 05:00:07.139,181219003032975,18121405,XBTUSD,Buy,10,3267,ZeroPlusTick,313e3ba8-baf0-a999-3427-37755eba3d5a,124903,82
2018-12-14 05:00:07.139,181219003032975,18121405,XBTUSD,Buy,5000,3267,ZeroPlusTick,77a0ddd0-8ae4-a305-3253-ad7565ea2397,129903,83
2018-12-14 05:00:07.139,181219003032975,18121405,XBTUSD,Buy,67,3267,ZeroPlusTick,63794ec6-0401-4a70-978a-371e7799e793,129970,84
2018-12-14 05:00:08.031,181219003032975,18121405,XBTUSD,Sell,917,3266.5,ZeroMinusTick,d5abcc11-c51a-7d0d-c26a-4fe2fa6f024a,130887,85
2018-12-14 05:00:08.422,181219003032975,18121405,XBTUSD,Sell,655,3266.5,ZeroMinusTick,565a44c5-fdd7-2389-dfc5-a25e020bce3d,131542,86
2018-12-14 05:00:09.027,181219003032975,18121405,XBTUSD,Buy,1400,3267,PlusTick,82385c1c-e338-c59b-75e8-ccc32fb28a66,132942,87
2018-12-14 05:00:03.649,181219003032975,18121405,XBTUSD,Buy,800,3265,ZeroPlusTick,7c895190-45ee-3427-5279-bda51197a260,133742,88
2018-12-14 05:00:03.649,181219003032975,18121405,XBTUSD,Buy,500,3265,ZeroPlusTick,985aab54-08ed-b15c-615b-5cc46a55057e,134242,89
2018-12-14 05:00:03.649,181219003032975,18121405,XBTUSD,Buy,400,3265,ZeroPlusTick,a313bad0-dde5-59bd-7448-3f2f629ba73b,134642,90
2018-12-14 05:00:03.649,181219003032975,18121405,XBTUSD,Buy,1,3265,ZeroPlusTick,ec9763dd-f53e-f608-4ad4-c9896aa47f98,134643,91
2018-12-14 05:00:03.736,181219003032975,18121405,XBTUSD,Buy,74,3265,ZeroPlusTick,c72035b8-83c7-f75d-f033-38e2cc11f97d,134717,92
2018-12-14 05:00:03.981,181219003032975,18121405,XBTUSD,Buy,311,3265,ZeroPlusTick,796a5493-3d8a-62bf-4efe-4df257f28a1d,135028,93
2018-12-14 05:00:04.149,181219003032975,18121405,XBTUSD,Buy,1689,3265,ZeroPlusTick,c200b9b2-6d4f-67a1-45a0-108860099c29,136717,94
2018-12-14 05:00:04.415,181219003032975,18121405,XBTUSD,Buy,60,3265,ZeroPlusTick,92a8398e-779c-70eb-7c9d-2ae1b949097f,136777,95
2018-12-14 05:00:04.644,181219003032975,18121405,XBTUSD,Buy,100,3265,ZeroPlusTick,4afdae0c-6f9a-699f-41e2-3879baa4e491,136877,96
2018-12-14 05:00:04.644,181219003032975,18121405,XBTUSD,Buy,1115,3265,ZeroPlusTick,feb8a81e-c085-438f-cf7e-c6836c5f06bd,137992,97
2018-12-14 05:00:04.644,181219003032975,18121405,XBTUSD,Buy,1,3265.5,ZeroPlusTick,8caa8649-77c2-5eb1-077e-07c99981ecc7,137993,98
2018-12-14 05:00:04.797,181219003032975,18121405,XBTUSD,Buy,100,3265.5,ZeroPlusTick,2ce06fb2-1e35-ede9-f20a-dca637a631b4,138093,99
2018-12-14 05:00:04.868,181219003032975,18121405,XBTUSD,Buy,1031,3265.5,ZeroPlusTick,29f59b0e-c414-6393-9658-d82b94b8bcce,139124,100
2018-12-14 05:00:05.164,181219003032975,18121405,XBTUSD,Buy,50,3265.5,ZeroPlusTick,20329687-7494-498c-042a-6de60662d721,139174,101
2018-12-14 05:00:05.164,181219003032975,18121405,XBTUSD,Buy,200,3266,ZeroPlusTick,02caaeb4-d6c4-5704-5b3e-9b1d80940657,139374,102
2018-12-14 05:00:05.164,181219003032975,18121405,XBTUSD,Buy,30,3266,ZeroPlusTick,3999dc0d-d37d-7eea-052e-7f151fe25ec5,139404,103
2018-12-14 05:00:05.240,181219003032975,18121405,XBTUSD,Buy,100,3266,ZeroPlusTick,332a92f9-9c48-48c4-5764-508e213989cd,139504,104
2018-12-14 05:00:05.425,181219003032975,18121405,XBTUSD,Buy,9,3266,ZeroPlusTick,e2e23fac-17ed-f23e-809f-6c521e19ceb1,139513,105
2018-12-14 05:00:05.775,181219003032975,18121405,XBTUSD,Sell,4,3265.5,ZeroMinusTick,92980e1a-adc9-d1f9-f77d-6b15941ecf85,139517,106
2018-12-14 05:00:05.892,181219003032975,18121405,XBTUSD,Buy,337,3266,ZeroPlusTick,6d4a672a-3c50-ada8-318f-e096593b0641,139854,107
2018-12-14 05:00:05.892,181219003032975,18121405,XBTUSD,Buy,150,3266.5,PlusTick,c0c41de3-5e3f-45c2-6ab7-6afe875e1067,140004,108
2018-12-14 05:00:05.892,181219003032975,18121405,XBTUSD,Buy,17,3266.5,ZeroPlusTick,afb93759-7507-12a3-9085-b5340c1f3aca,140021,109
2018-12-14 05:00:06.296,181219003032975,18121405,XBTUSD,Buy,562,3266.5,ZeroPlusTick,ae330828-dfc7-9f59-e17d-cc4835133ace,140583,110
2018-12-14 05:00:06.857,181219003032975,18121405,XBTUSD,Buy,550,3266.5,ZeroPlusTick,94297c5a-0da5-7162-7b2d-6423c5058cfb,141133,111
2018-12-14 05:00:06.983,181219003032976,18121405,XBTUSD,Buy,50,3266.5,ZeroPlusTick,fdb8316c-7029-b61f-cfc5-ae9e11764107,141183,112
2018-12-14 05:00:07.041,181219003032976,18121405,XBTUSD,Buy,100,3267,PlusTick,ccac1ea9-34de-255c-b5d7-93fa972345aa,141283,113
2018-12-14 05:00:07.067,181219003032976,18121405,XBTUSD,Buy,30,3267,ZeroPlusTick,d185034a-6d0b-9f7c-d184-f7b673aa9b41,141313,114
2018-12-14 05:00:07.139,181219003032976,18121405,XBTUSD,Buy,3000,3267,ZeroPlusTick,d48afd8a-4264-d163-c186-20cfd9fd6e2c,144313,115
2018-12-14 05:00:07.139,181219003032976,18121405,XBTUSD,Buy,40,3267,ZeroPlusTick,5176045b-1c4f-3ff2-3f81-2eff6ab38412,144353,116
2018-12-14 05:00:07.139,181219003032976,18121405,XBTUSD,Buy,127,3267,ZeroPlusTick,818b58bd-c80a-9f44-d134-060046aa2c89,144480,117
2018-12-14 05:00:07.139,181219003032976,18121405,XBTUSD,Buy,50,3267,ZeroPlusTick,135fe562-f808-7bbf-9db7-3cf186519f1d,144530,118
2018-12-14 05:00:08.422,181219003032976,18121405,XBTUSD,Sell,1446,3266.5,ZeroMinusTick,a813a03e-5219-1fb1-065b-0a39d41c0469,145976,119
2018-12-14 05:00:09.746,181219003032976,18121405,XBTUSD,Buy,1200,3267,ZeroPlusTick,bb82dd51-d9fc-d0ec-b77d-7d4fa298db6f,147176,120
2018-12-14 05:00:09.746,181219003032976,18121405,XBTUSD,Buy,1000,3267,ZeroPlusTick,2caf3505-69db-630a-ec76-8bf503eedeeb,148176,121
2018-12-14 05:00:04.415,181219003032976,18121405,XBTUSD,Buy,400,3265,ZeroPlusTick,22085fb7-42f7-ccd6-db52-1c41590aa7ed,148576,122
2018-12-14 05:00:04.644,181219003032976,18121405,XBTUSD,Buy,9,3265,ZeroPlusTick,cb082293-2146-28ba-baf2-672d62c942f8,148585,123
2018-12-14 05:00:04.644,181219003032976,18121405,XBTUSD,Buy,100,3265,ZeroPlusTick,09cb75d7-bf13-b692-749d-3006acf173dc,148685,124
2018-12-14 05:00:04.644,181219003032976,18121405,XBTUSD,Buy,1351,3265.5,ZeroPlusTick,e58d8d96-463b-6a1e-d9d0-676e17aa6749,150036,125
2018-12-14 05:00:04.644,181219003032976,18121405,XBTUSD,Buy,4329,3265.5,ZeroPlusTick,bbbc8000-c348-b93b-c642-298fdc1581e9,154365,126
2018-12-14 05:00:05.164,181219003032976,18121405,XBTUSD,Sell,200,3265,MinusTick,d24a3a1e-cee7-a713-ecd8-8c106a918294,154565,127
2018-12-14 05:00:05.164,181219003032976,18121405,XBTUSD,Buy,45,3265.5,ZeroPlusTick,6a512b53-0c88-ba5f-1ce2-34121d7654ed,154610,128
2018-12-14 05:00:05.164,181219003032976,18121405,XBTUSD,Buy,1348,3266,ZeroPlusTick,20792922-c9c2-e843-14f6-6d6dbf930358,155958,129
2018-12-14 05:00:05.164,181219003032976,18121405,XBTUSD,Buy,10,3266,ZeroPlusTick,5330aedf-0b0a-b30d-b632-99cca29f7b02,155968,130
2018-12-14 05:00:05.240,181219003032976,18121405,XBTUSD,Buy,6925,3266,ZeroPlusTick,505ef5ec-507e-b43c-e772-7fabe13455e9,162893,131
2018-12-14 05:00:05.425,181219003032976,18121405,XBTUSD,Buy,199,3266,ZeroPlusTick,dd4c335d-7c9f-204c-dcd3-b36d8d885cd9,163092,132
2018-12-14 05:00:05.892,181219003032976,18121405,XBTUSD,Buy,337,3266,ZeroPlusTick,40769617-61a9-ca2c-ca94-280ca5e9ac95,163429,133
2018-12-14 05:00:05.892,181219003032976,18121405,XBTUSD,Buy,1,3266.5,ZeroPlusTick,e12d561a-b4e9-464f-d94c-91f2009a303a,163430,134
2018-12-14 05:00:05.892,181219003032976,18121405,XBTUSD,Buy,100,3266.5,ZeroPlusTick,56fc1535-1ca4-51e3-0e36-2aea73e5742b,163530,135
2018-12-14 05:00:06.296,181219003032976,18121405,XBTUSD,Buy,2500,3266.5,ZeroPlusTick,ca3cacaa-d144-7f26-02b8-5e9a861f4546,166030,136
2018-12-14 05:00:06.296,181219003032976,18121405,XBTUSD,Buy,2000,3266.5,ZeroPlusTick,41b41b75-272b-34b5-b257-63d47a1fd232,168030,137
2018-12-14 05:00:06.370,181219003032976,18121405,XBTUSD,Buy,72,3266.5,ZeroPlusTick,312e07f3-190a-65ec-800a-844ec64a7ef9,168102,138
2018-12-14 05:00:06.983,181219003032976,18121405,XBTUSD,Buy,100,3266.5,ZeroPlusTick,1e8313ba-2038-bc07-036e-13555a422899,168202,139
2018-12-14 05:00:06.983,181219003032976,18121405,XBTUSD,Buy,200,3267,ZeroPlusTick,f9f6fb6a-4a49-2439-f566-1decb13e2048,168402,140
2018-12-14 05:00:07.067,181219003032976,18121405,XBTUSD,Buy,500,3267,ZeroPlusTick,1ed54ab1-bffa-05b2-38d0-0f385ea693d2,168902,141
2018-12-14 05:00:07.067,181219003032976,18121405,XBTUSD,Buy,500,3267,ZeroPlusTick,13d56398-500c-bc6c-86f3-12af41c1b82b,169402,142
2018-12-14 05:00:07.139,181219003032976,18121405,XBTUSD,Buy,5000,3267,ZeroPlusTick,b3e05009-1e33-e04c-176b-218d3acfe69d,174402,143
2018-12-14 05:00:07.139,181219003032976,18121405,XBTUSD,Buy,10,3267,ZeroPlusTick,24fc2495-6fd6-ab9e-f0a1-4498e575650d,174412,144
2018-12-14 05:00:07.139,181219003032976,18121405,XBTUSD,Buy,21,3267,ZeroPlusTick,69f4bcef-3057-5d69-21a2-610e42c839b1,174433,145
2018-12-14 05:00:07.139,181219003032976,18121405,XBTUSD,Buy,43171,3267,ZeroPlusTick,40a5caaa-264e-4800-43fd-e0fd668c0821,217604,146
2018-12-14 05:00:08.031,181219003032976,18121405,XBTUSD,Sell,5930,3266.5,ZeroMinusTick,72777bfa-619e-3216-1e25-cec7e0f803e0,223534,147
2018-12-14 05:00:08.422,181219003032976,18121405,XBTUSD,Sell,10000,3266.5,ZeroMinusTick,f932e06e-d606-bd9c-e0b4-10d8e0c7faf6,233534,148
2018-12-14 05:00:09.746,181219003032976,18121405,XBTUSD,Buy,5000,3267,ZeroPlusTick,1eeb2910-59d5-a6b7-6342-33bc890b8348,238534,149
2018-12-14 05:00:09.746,181219003032976,18121405,XBTUSD,Buy,4611,3267,ZeroPlusTick,6692f9e8-50d1-e3de-3571-869e0d18b1e2,243145,150
2018-12-14 05:00:11.383,181219003032976,18121405,XBTUSD,Sell,5000,3266.5,ZeroMinusTick,fbc2284d-d7a5-ea68-bdd2-80d39cb6aefa,248145,151
2018-12-14 05:00:12.415,181219003032976,18121405,XBTUSD,Buy,200,3267,ZeroPlusTick,433f5451-c62c-35ce-4033-9d914c90b77d,248345,152
2018-12-14 05:00:14.487,181219003032976,18121405,XBTUSD,Buy,100,3267,ZeroPlusTick,370951bf-1303-e96b-782a-7dbe581624ae,248445,153
2018-12-14 05:00:14.487,181219003032976,18121405,XBTUSD,Buy,1000,3267,ZeroPlusTick,38a9973b-5371-21ca-6a4a-2699405c9ba2,249445,154
2018-12-14 05:00:03.736,181219003032976,18121405,XBTUSD,Buy,1130,3265,ZeroPlusTick,603416e0-4fb0-1599-12c1-05180c726800,250575,155
2018-12-14 05:00:04.368,181219003032976,18121405,XBTUSD,Buy,226,3265,ZeroPlusTick,fe0f766a-e880-574f-e4bc-bdb6a7824670,250801,156
2018-12-14 05:00:04.415,181219003032976,18121405,XBTUSD,Buy,500,3265,ZeroPlusTick,70577fd5-6519-5312-94a5-7aac393d6068,251301,157
2018-12-14 05:00:04.644,181219003032976,18121405,XBTUSD,Buy,1,3265,ZeroPlusTick,8af20f40-59bb-7d10-6d24-68378563f542,251302,158
2018-12-14 05:00:04.644,181219003032976,18121405,XBTUSD,Buy,100,3265,ZeroPlusTick,434106c3-48bf-ffbe-6c88-9a34495ee89e,251402,159
2018-12-14 05:00:04.644,181219003032976,18121405,XBTUSD,Buy,30,3265.5,PlusTick,94e4ada3-9825-95e9-488e-71fad3301ccc,251432,160
2018-12-14 05:00:04.644,181219003032976,18121405,XBTUSD,Buy,208,3265.5,ZeroPlusTick,932f592a-7f53-7ee7-c1de-91ea3e790e48,251640,161
2018-12-14 05:00:04.868,181219003032976,18121405,XBTUSD,Buy,30,3265.5,ZeroPlusTick,4c22d6a4-a28c-b616-0b48-a20d10ac42c4,251670,162
2018-12-14 05:00:05.164,181219003032976,18121405,XBTUSD,Buy,36,3265.5,ZeroPlusTick,0ff015a0-535e-c3c8-df6d-48629869c840,251706,163
2018-12-14 05:00:05.164,181219003032977,18121405,XBTUSD,Buy,30,3266,ZeroPlusTick,7d6243b1-671d-75d9-3d75-fb6423599e15,251736,164
2018-12-14 05:00:05.164,181219003032977,18121405,XBTUSD,Buy,200,3266,ZeroPlusTick,543a28ff-3134-0a2f-55c5-097be5f63aa1,251936,165
2018-12-14 05:00:05.240,181219003032977,18121405,XBTUSD,Buy,131,3266,ZeroPlusTick,6994ef19-3f53-567f-7366-e7a8cd8c937e,252067,166
2018-12-14 05:00:05.425,181219003032977,18121405,XBTUSD,Buy,500,3266,ZeroPlusTick,005ca0df-bfe1-e2bb-f4de-d7ad40a22ba7,252567,167
2018-12-14 05:00:05.892,181219003032977,18121405,XBTUSD,Buy,500,3266,ZeroPlusTick,1da1af1f-758b-02f9-d0be-b1534da71070,253067,168
2018-12-14 05:00:05.892,181219003032977,18121405,XBTUSD,Buy,300,3266,ZeroPlusTick,f6370c00-16c5-4255-3eaa-1918815d5922,253367,169
2018-12-14 05:00:05.892,181219003032977,18121405,XBTUSD,Buy,30,3266.5,ZeroPlusTick,28539f5a-e130-2ee0-27e3-fc059cb3d2b2,253397,170
2018-12-14 05:00:05.892,181219003032977,18121405,XBTUSD,Buy,50,3266.5,ZeroPlusTick,dcc2b705-a614-a889-650d-21f93cd32f0c,253447,171
2018-12-14 05:00:06.296,181219003032977,18121405,XBTUSD,Buy,100,3266.5,ZeroPlusTick,dac4a6b9-5832-a9ec-9101-0a8a24319ac3,253547,172
2018-12-14 05:00:06.877,181219003032977,18121405,XBTUSD,Sell,100,3266,MinusTick,9a954e2b-bf03-55b3-c78e-4a7637098389,253647,173
2018-12-14 05:00:06.983,181219003032977,18121405,XBTUSD,Buy,9,3266.5,ZeroPlusTick,a4c12ce3-ad7b-23f1-3f29-8017a83f872b,253656,174
2018-12-14 05:00:07.041,181219003032977,18121405,XBTUSD,Buy,60,3267,ZeroPlusTick,c307c76e-7adc-29d8-4144-4ef7de56edc8,253716,175
2018-12-14 05:00:07.067,181219003032977,18121405,XBTUSD,Buy,20,3267,ZeroPlusTick,6adac97f-f06b-739e-fd96-40f5b57aa1f0,253736,176
2018-12-14 05:00:07.139,181219003032977,18121405,XBTUSD,Buy,56,3267,ZeroPlusTick,d2cef58d-5853-8d22-4e54-e9cb44c30ec6,253792,177
2018-12-14 05:00:07.139,181219003032977,18121405,XBTUSD,Buy,70,3267,ZeroPlusTick,9f301768-f7dc-e1ab-8aa4-004ad063f5ba,253862,178
2018-12-14 05:00:07.139,181219003032977,18121405,XBTUSD,Buy,21,3267,ZeroPlusTick,27cd7dc8-30fd-3def-5877-1de10aa1d92b,253883,179
2018-12-14 05:00:07.212,181219003032977,18121405,XBTUSD,Buy,8,3267,ZeroPlusTick,265f1fc1-6621-c9cf-026e-61b6ccf5ffd2,253891,180
2018-12-14 05:00:08.031,181219003032977,18121405,XBTUSD,Sell,3343,3266.5,ZeroMinusTick,4f33d040-a6e6-4197-f785-38be89a64ada,257234,181
2018-12-14 05:00:08.215,181219003032977,18121405,XBTUSD,Sell,2,3266.5,ZeroMinusTick,d5a83748-310f-f5f5-af53-39dadc041f1c,257236,182
2018-12-14 05:00:09.746,181219003032977,18121405,XBTUSD,Buy,1000,3267,ZeroPlusTick,0c23e5d7-eb3e-d485-10f5-bd9d4706034e,258236,183
2018-12-14 05:00:11.383,181219003032977,18121405,XBTUSD,Sell,2527,3266.5,ZeroMinusTick,633841ed-2eb9-0835-dc81-1ec69cef3840,260763,184
2018-12-14 05:00:14.487,181219003032977,18121405,XBTUSD,Buy,425,3267,ZeroPlusTick,b854f5d3-6d0b-abe2-5577-b39fb38b48b0,261188,185
2018-12-14 05:00:14.487,181219003032977,18121405,XBTUSD,Buy,1000,3267,ZeroPlusTick,7068f737-565c-0940-8f7b-43730cd09a1a,262188,186
2018-12-14 05:00:14.961,181219003032977,18121405,XBTUSD,Sell,1332,3266.5,ZeroMinusTick,feebd266-7449-98cf-11ed-58df7ccf3290,263520,187
2018-12-14 05:00:15.154,181219003032977,18121405,XBTUSD,Sell,388,3266.5,MinusTick,30c9b19a-400d-1b1e-42db-56e043944174,263908,188
2018-12-14 05:00:15.708,181219003032977,18121405,XBTUSD,Buy,20,3267,PlusTick,45b7693d-5c63-737a-1667-cf0b2a56fa8c,263928,189
2018-12-14 05:00:16.574,181219003032977,18121405,XBTUSD,Sell,100,3266.5,MinusTick,5a5cf642-a27d-4328-fda7-415991cf5f42,264028,190
2018-12-14 05:00:16.645,181219003032977,18121405,XBTUSD,Buy,2,3267,ZeroPlusTick,cb39426b-bba0-436c-4f6c-fc53d59e6e6f,264030,191
2018-12-14 05:00:03.736,181219003032977,18121405,XBTUSD,Buy,346,3265,ZeroPlusTick,eab8bfa8-9efc-29d8-2958-0118320859e2,264376,192
2018-12-14 05:00:03.981,181219003032977,18121405,XBTUSD,Buy,125,3265,ZeroPlusTick,aa92ab9f-4d86-02eb-582e-e3dd63b0ac36,264501,193
2018-12-14 05:00:04.415,181219003032977,18121405,XBTUSD,Buy,1000,3265,ZeroPlusTick,4ae5ab30-f0f3-0461-f919-1826d0769256,265501,194
2018-12-14 05:00:04.644,181219003032977,18121405,XBTUSD,Buy,2,3265,ZeroPlusTick,9181be65-a53e-b3c0-26d5-cff214119a73,265503,195
2018-12-14 05:00:04.644,181219003032977,18121405,XBTUSD,Buy,100,3265,ZeroPlusTick,4892d4ca-6580-97ca-bde5-597a539cc9b0,265603,196
2018-12-14 05:00:04.644,181219003032977,18121405,XBTUSD,Buy,100,3265.5,ZeroPlusTick,041bc204-a996-b686-3b52-55a3d1fdda19,265703,197
2018-12-14 05:00:04.644,181219003032977,18121405,XBTUSD,Buy,525,3265.5,ZeroPlusTick,8e1410f2-ad61-3571-b5d9-49c763a1cd0c,266228,198
2018-12-14 05:00:04.868,181219003032977,18121405,XBTUSD,Buy,30,3265.5,ZeroPlusTick,c938c2a6-12e4-47f4-3841-307f24f07cb4,266258,199
2018-12-14 05:00:05.164,181219003032977,18121405,XBTUSD,Buy,733,3265.5,ZeroPlusTick,adad7949-10b1-2c57-b3e4-7eaa919adafe,266991,200
2018-12-14 05:00:05.164,181219003032977,18121405,XBTUSD,Buy,352,3266,ZeroPlusTick,238dc5f6-6bc5-fe12-331a-62352958e90f,267343,201
2018-12-14 05:00:05.164,181219003032977,18121405,XBTUSD,Buy,100,3266,ZeroPlusTick,c2fb3106-6ffc-0c75-d581-6ac5e51580da,267443,202
2018-12-14 05:00:05.240,181219003032977,18121405,XBTUSD,Buy,200,3266,ZeroPlusTick,dffb78ad-60bf-291a-2d53-ac2ca0804e21,267643,203
2018-12-14 05:00:05.425,181219003032977,18121405,XBTUSD,Buy,3496,3266,ZeroPlusTick,2f39fcfb-96bf-a87e-94f2-0d01de7ac805,271139,204
2018-12-14 05:00:05.892,181219003032977,18121405,XBTUSD,Buy,23961,3266,PlusTick,cea6a705-728a-47bb-709d-4fc306f90bf5,295100,205
2018-12-14 05:00:05.892,181219003032977,18121405,XBTUSD,Buy,5000,3266,ZeroPlusTick,24099260-8dc3-90e0-92ac-8951550fdeff,300100,206
2018-12-14 05:00:05.892,181219003032977,18121405,XBTUSD,Buy,1,3266.5,ZeroPlusTick,90a614d5-f686-57df-9f9e-e102c130463c,300101,207
2018-12-14 05:00:05.892,181219003032977,18121405,XBTUSD,Buy,10,3266.5,ZeroPlusTick,c834ac96-856d-0fa5-0fa6-2578c41c4974,300111,208
2018-12-14 05:00:06.296,181219003032977,18121405,XBTUSD,Buy,1663,3266.5,ZeroPlusTick,351bd382-6b37-aec8-e99a-2a79082e6ec3,301774,209
2018-12-14 05:00:06.339,181219003032977,18121405,XBTUSD,Buy,25,3266.5,PlusTick,95799f58-4fcd-09e7-14e4-ae04a3f6b24d,301799,210
2018-12-14 05:00:06.370,181219003032977,18121405,XBTUSD,Buy,7696,3266.5,ZeroPlusTick,c284f860-299d-75d2-4677-b0580a95e8d6,309495,211
2018-12-14 05:00:06.983,181219003032977,18121405,XBTUSD,Buy,100,3266.5,ZeroPlusTick,57766581-69d7-d238-5027-20b72a642d3c,309595,212
2018-12-14 05:00:07.041,181219003032977,18121405,XBTUSD,Buy,500,3266.5,MinusTick,6c360dbe-88b6-c7b0-7249-d4dcc251ac36,310095,213
2018-12-14 05:00:07.067,181219003032977,18121405,XBTUSD,Buy,70,3267,ZeroPlusTick,080061cc-3454-86eb-4288-406dc0b71c54,310165,214
2018-12-14 05:00:07.139,181219003032977,18121405,XBTUSD,Buy,500,3267,ZeroPlusTick,f49ba003-3576-70e6-6599-fb8507aef0a5,310665,215
2018-12-14 05:00:07.139,181219003032977,18121405,XBTUSD,Buy,127,3267,ZeroPlusTick,61680f03-1453-88fe-eb8a-81e741c27d13,310792,216
2018-12-14 05:00:07.139,181219003032977,18121405,XBTUSD,Buy,35,3267,ZeroPlusTick,4e504c1e-c482-e23d-4e8b-c9924a005967,310827,217
2018-12-14 05:00:08.884,181219003032977,18121405,XBTUSD,Sell,25,3266.5,ZeroMinusTick,abbcb23f-a9bf-9e42-a14e-bc56f4ccb078,310852,218
2018-12-14 05:00:09.746,181219003032977,18121405,XBTUSD,Buy,180,3267,ZeroPlusTick,2721aa3d-1c30-d329-dbb9-54faa6030b04,311032,219
2018-12-14 05:00:09.746,181219003032977,18121405,XBTUSD,Buy,1000,3267,ZeroPlusTick,99539028-2f37-1e28-a62f-306b0857510d,312032,220
2018-12-14 05:00:11.383,181219003032977,18121405,XBTUSD,Sell,5000,3266.5,ZeroMinusTick,a1f2ac28-770a-f5fb-d411-6e3e208d3f09,317032,221
2018-12-14 05:00:14.487,181219003032977,18121405,XBTUSD,Buy,100,3267,ZeroPlusTick,5f490ae6-be15-7b18-87d3-37bc280a5e30,317132,222
2018-12-14 05:00:15.611,181219003032977,18121405,XBTUSD,Sell,2132,3266.5,ZeroMinusTick,d0886ecd-c5c7-0265-2371-b401ce23cf2b,319264,223
2018-12-14 05:00:16.645,181219003032977,18121405,XBTUSD,Buy,11,3267,ZeroPlusTick,70d49874-091b-03bc-2923-000f3d3a0f91,319275,224
2018-12-14 05:00:18.119,181219003032977,18121405,XBTUSD,Buy,9342,3267,ZeroPlusTick,85fc2a9f-f78b-dc77-8b8c-0543e113aa90,328617,225
2018-12-14 05:00:19.437,181219003032977,18121405,XBTUSD,Sell,283,3266.5,MinusTick,6e2c3b15-af20-1534-e41c-97383a685043,328900,226
2018-12-14 05:00:19.988,181219003032977,18121405,XBTUSD,Buy,4994,3267,PlusTick,46b8a89d-ebca-7798-0cde-bed17be3ef3c,333894,227
2018-12-14 05:00:04.415,181219003032977,18121405,XBTUSD,Buy,100,3265,ZeroPlusTick,c2879bc2-62b3-4e11-e9ff-c56614e09000,333994,228
2018-12-14 05:00:04.644,181219003032977,18121405,XBTUSD,Buy,2000,3265,ZeroPlusTick,25f779cd-dc5b-22d3-a120-da2c8b51847c,335994,229
2018-12-14 05:00:04.644,181219003032977,18121405,XBTUSD,Buy,100,3265,ZeroPlusTick,86d96f47-0fa8-2cf5-6eda-57778884fc6c,336094,230
2018-12-14 05:00:04.644,181219003032977,18121405,XBTUSD,Buy,1,3265,ZeroPlusTick,647840f5-66fa-6e00-f044-7797c66f0d10,336095,231
2018-12-14 05:00:04.644,181219003032977,18121405,XBTUSD,Buy,2,3265.5,ZeroPlusTick,172adaa3-ea77-674b-af80-ad399f317e22,336097,232
2018-12-14 05:00:04.868,181219003032977,18121405,XBTUSD,Buy,128,3265.5,ZeroPlusTick,58b3e065-4024-ee11-4205-167495ba2307,336225,233
2018-12-14 05:00:05.164,181219003032977,18121405,XBTUSD,Buy,163,3265.5,ZeroPlusTick,23d9f64e-939b-0ec6-930b-4848abfa4195,336388,234
2018-12-14 05:00:05.164,181219003032977,18121405,XBTUSD,Buy,90,3266,ZeroPlusTick,55739c7d-2b62-62ac-1d8f-0d1b06c293c9,336478,235
2018-12-14 05:00:05.164,181219003032977,18121405,XBTUSD,Buy,7139,3266,ZeroPlusTick,cbf48f69-3f05-eb0e-ec20-ef8931d3710b,343617,236
2018-12-14 05:00:05.240,181219003032977,18121405,XBTUSD,Buy,1000,3266,ZeroPlusTick,df2b9ae4-36be-c9e6-ec40-6539fe059ddc,344617,237
2018-12-14 05:00:05.441,181219003032977,18121405,XBTUSD,Buy,401,3266,ZeroPlusTick,78b594f3-0893-8a7d-5754-01a7924d3a56,345018,238
2018-12-14 05:00:05.892,181219003032977,18121405,XBTUSD,Buy,500,3266,ZeroPlusTick,1bd52835-6326-2860-784b-640e0b70425d,345518,239
2018-12-14 05:00:05.892,181219003032977,18121405,XBTUSD,Buy,2,3266,ZeroPlusTick,45dcf8ea-0ed4-9853-df54-e44deeb9ac61,345520,240
2018-12-14 05:00:05.892,181219003032977,18121405,XBTUSD,Buy,1370,3266.5,ZeroPlusTick,2307827b-45fe-312d-8555-c55e665d4bc8,346890,241
2018-12-14 05:00:05.892,181219003032977,18121405,XBTUSD,Buy,1,3266.5,ZeroPlusTick,6d6ed0fb-148a-2f4f-94bc-53782c8cb636,346891,242
2018-12-14 05:00:06.296,181219003032977,18121405,XBTUSD,Buy,5000,3266.5,ZeroPlusTick,0cbd774c-6468-0dbb-2c2b-77336ca25375,351891,243
2018-12-14 05:00:06.296,181219003032978,18121405,XBTUSD,Buy,2300,3266.5,ZeroPlusTick,86a825f1-1391-3d44-39b6-0dd5a8afd3d8,354191,244
2018-12-14 05:00:06.370,181219003032978,18121405,XBTUSD,Buy,1458,3266.5,ZeroPlusTick,390d5a92-1beb-5be2-11de-e159e24bf9ec,355649,245
2018-12-14 05:00:06.983,181219003032978,18121405,XBTUSD,Buy,10,3266.5,ZeroPlusTick,ecd3c265-42dd-84fe-d46a-8add05972c0d,355659,246
2018-12-14 05:00:06.983,181219003032978,18121405,XBTUSD,Buy,200,3267,ZeroPlusTick,9719511a-685a-e983-87b7-6939045d7ae6,355859,247
2018-12-14 05:00:07.067,181219003032978,18121405,XBTUSD,Buy,500,3267,ZeroPlusTick,90eaea2d-b1da-c3eb-bcfd-e17cd0ee474d,356359,248
2018-12-14 05:00:07.067,181219003032978,18121405,XBTUSD,Buy,3871,3267,ZeroPlusTick,326d3ad1-b400-7389-3e8e-31869167a2e7,360230,249
2018-12-14 05:00:07.139,181219003032978,18121405,XBTUSD,Buy,1000,3267,ZeroPlusTick,153367e6-89ce-81c8-d70e-e14eeaa5645b,361230,250
2018-12-14 05:00:07.139,181219003032978,18121405,XBTUSD,Buy,3200,3267,ZeroPlusTick,89bbf272-ba49-549e-a219-4b71e0621301,364430,251
2018-12-14 05:00:07.139,181219003032978,18121405,XBTUSD,Buy,500,3267,ZeroPlusTick,0aa252a4-817f-308d-d14a-614555aa6e54,364930,252
2018-12-14 05:00:07.139,181219003032978,18121405,XBTUSD,Buy,21,3267,ZeroPlusTick,e72ffe8a-6b4e-eafa-98d0-61d809d553dd,364951,253
2018-12-14 05:00:08.031,181219003032978,18121405,XBTUSD,Sell,2370,3266.5,ZeroMinusTick,3110f001-abb9-ce49-e2cb-96269eb5285d,367321,254
2018-12-14 05:00:08.422,181219003032978,18121405,XBTUSD,Sell,2355,3266.5,ZeroMinusTick,ade76b66-f5ea-35bd-31aa-83a4d8d57694,369676,255
2018-12-14 05:00:09.746,181219003032978,18121405,XBTUSD,Buy,1000,3267,ZeroPlusTick,7fa33608-69d3-28ea-b7f3-098f406dc73e,370676,256
2018-12-14 05:00:11.383,181219003032978,18121405,XBTUSD,Sell,5000,3266.5,ZeroMinusTick,e5de0f5e-526c-5e09-d882-9dec4011ad61,375676,257
2018-12-14 05:00:14.487,181219003032978,18121405,XBTUSD,Buy,100,3267,ZeroPlusTick,2a173818-43bf-34d1-4c1d-fd1b4824c840,375776,258
2018-12-14 05:00:14.487,181219003032978,18121405,XBTUSD,Buy,25,3267,ZeroPlusTick,af6d2fca-d459-486c-6028-955bacf6329d,375801,259
2018-12-14 05:00:15.004,181219003032978,18121405,XBTUSD,Sell,5000,3266.5,ZeroMinusTick,403ebee5-3b29-1288-8915-fb70233cb5d3,380801,260
2018-12-14 05:00:15.293,181219003032978,18121405,XBTUSD,Buy,1000,3267,PlusTick,77abad5d-6330-3402-0860-2c5cca3f4a8f,381801,261
2018-12-14 05:00:16.025,181219003032978,18121405,XBTUSD,Buy,250,3267,PlusTick,d720a14a-462a-af64-e562-e0e52c91ab81,382051,262
2018-12-14 05:00:16.645,181219003032978,18121405,XBTUSD,Buy,20,3267,ZeroPlusTick,403633cd-809f-dc1d-e6e6-fd72ae379d8a,382071,263
2018-12-14 05:00:16.645,181219003032978,18121405,XBTUSD,Buy,564,3267,ZeroPlusTick,0f1dd864-2a40-6359-1b91-7e920fcc1a28,382635,264
2018-12-14 05:00:17.294,181219003032978,18121405,XBTUSD,Buy,128,3267,ZeroPlusTick,ee809c6d-bda0-2326-790c-3092f627330b,382763,265
2018-12-14 05:00:03.705,181219003032978,18121405,XBTUSD,Buy,4000,3265,ZeroPlusTick,7d4c2b44-0a50-0c52-22d4-608d9baca82a,386763,266
2018-12-14 05:00:03.736,181219003032978,18121405,XBTUSD,Buy,1000,3265,ZeroPlusTick,1c189649-e35a-26d4-8f7f-188da60f84d6,387763,267
2018-12-14 05:00:04.644,181219003032978,18121405,XBTUSD,Buy,1,3265,ZeroPlusTick,c165524b-99b0-ca2f-c221-576421c9a432,387764,268
2018-12-14 05:00:04.644,181219003032978,18121405,XBTUSD,Buy,100,3265,ZeroPlusTick,c8f54968-8ab4-ff31-a16a-6b2ce6891784,387864,269
2018-12-14 05:00:04.644,181219003032978,18121405,XBTUSD,Buy,37,3265,ZeroPlusTick,694b16c3-7b61-eb69-262d-6f0fa69a4700,387901,270
2018-12-14 05:00:04.644,181219003032978,18121405,XBTUSD,Buy,150,3265.5,ZeroPlusTick,aa95217e-7a41-514c-3bfb-5f246bb60486,388051,271
2018-12-14 05:00:04.868,181219003032978,18121405,XBTUSD,Buy,1000,3265.5,ZeroPlusTick,4795ee0f-9854-396a-8028-5daa3cbf106c,389051,272
2018-12-14 05:00:05.164,181219003032978,18121405,XBTUSD,Buy,15,3265.5,ZeroPlusTick,39138ff1-53a5-f60c-3761-2a3998988a19,389066,273
2018-12-14 05:00:05.164,181219003032978,18121405,XBTUSD,Buy,30,3266,PlusTick,56df5cd4-4c8e-1d62-177d-b0054588898c,389096,274
2018-12-14 05:00:05.164,181219003032978,18121405,XBTUSD,Buy,487,3266,ZeroPlusTick,9179c62d-1cc4-f94c-2312-f3bbcd7216f2,389583,275
2018-12-14 05:00:05.164,181219003032978,18121405,XBTUSD,Buy,20,3266,ZeroPlusTick,b27f2c83-2ac8-6005-322c-5f7e9ab2ff47,389603,276
2018-12-14 05:00:05.425,181219003032978,18121405,XBTUSD,Buy,2,3266,ZeroPlusTick,6d555f37-e2c4-504f-166a-0ca7f360a970,389605,277
2018-12-14 05:00:05.577,181219003032978,18121405,XBTUSD,Buy,4000,3266,ZeroPlusTick,a8400b3a-c756-b97a-f299-9f86755f71ec,393605,278
2018-12-14 05:00:05.892,181219003032978,18121405,XBTUSD,Buy,10,3266,ZeroPlusTick,44c49d38-4d11-17c1-f8ab-5e4240927a85,393615,279
2018-12-14 05:00:05.892,181219003032978,18121405,XBTUSD,Buy,9,3266,ZeroPlusTick,0add438d-fbf1-fef3-257d-dd42067c4846,393624,280
2018-12-14 05:00:05.892,181219003032978,18121405,XBTUSD,Buy,70,3266.5,ZeroPlusTick,eed6f2e2-f045-22c3-08b6-f7a8b52562ab,393694,281
2018-12-14 05:00:05.892,181219003032978,18121405,XBTUSD,Buy,837,3266.5,ZeroPlusTick,4773d5ab-3ab6-02ce-c9ed-c0ffdc76f559,394531,282
2018-12-14 05:00:06.296,181219003032978,18121405,XBTUSD,Buy,278,3266.5,ZeroPlusTick,57432e16-dffd-152b-2e62-20881a886ded,394809,283
2018-12-14 05:00:06.339,181219003032978,18121405,XBTUSD,Buy,83,3266.5,ZeroPlusTick,129a7b5e-4d1c-3cf7-6110-e75c16ac3696,394892,284
2018-12-14 05:00:06.828,181219003032978,18121405,XBTUSD,Buy,15,3266.5,ZeroPlusTick,56b17483-7602-4f8d-9539-8eaf3dbdf430,394907,285
2018-12-14 05:00:06.983,181219003032978,18121405,XBTUSD,Buy,22,3266.5,ZeroPlusTick,872ad877-8977-c718-7edc-3a5d347cc4ea,394929,286
2018-12-14 05:00:06.983,181219003032978,18121405,XBTUSD,Buy,1362,3267,ZeroPlusTick,5df81497-2c33-6995-f749-4aad3eb5a207,396291,287
2018-12-14 05:00:07.067,181219003032978,18121405,XBTUSD,Buy,2,3267,ZeroPlusTick,d0b41ea4-3396-0180-9913-fd6c111ffa4b,396293,288
2018-12-14 05:00:07.067,181219003032978,18121405,XBTUSD,Buy,700,3267,ZeroPlusTick,04cfdb9a-14d6-31c5-1b97-73c83cd56756,396993,289
2018-12-14 05:00:07.139,181219003032978,18121405,XBTUSD,Buy,100,3267,ZeroPlusTick,ef4799db-89e9-fb95-9184-d32f745326a2,397093,290
2018-12-14 05:00:07.139,181219003032978,18121405,XBTUSD,Buy,60,3267,ZeroPlusTick,2ab8eb66-7e42-229e-f56d-0036d36c347f,397153,291
2018-12-14 05:00:07.139,181219003032978,18121405,XBTUSD,Buy,5000,3267,ZeroPlusTick,abe3f4d9-d216-a4ca-28cc-36d8c4c27580,402153,292
2018-12-14 05:00:07.139,181219003032978,18121405,XBTUSD,Buy,500,3267,ZeroPlusTick,7f426b2a-f48f-a005-83c6-8e6679026af3,402653,293
2018-12-14 05:00:08.031,181219003032978,18121405,XBTUSD,Sell,1540,3266.5,ZeroMinusTick,6421c6cc-1a07-a0e9-4c5d-2346b3f125f8,404193,294
2018-12-14 05:00:08.422,181219003032978,18121405,XBTUSD,Sell,1588,3266.5,ZeroMinusTick,30c3c5a8-3d27-3d55-ac26-39a587287604,405781,295
2018-12-14 05:00:09.417,181219003032978,18121405,XBTUSD,Buy,1000,3267,PlusTick,32c968e3-5ca2-4fd1-021c-aec93879700e,406781,296
2018-12-14 05:00:09.746,181219003032978,18121405,XBTUSD,Buy,1000,3267,ZeroPlusTick,26ab49a6-871f-c0cd-32f3-8dc148b4e526,407781,297
2018-12-14 05:00:10.199,181219003032978,18121405,XBTUSD,Buy,2400,3267,ZeroPlusTick,e9323ac0-0db9-f2b7-0b70-b1fe43385c6e,410181,298
2018-12-14 05:00:11.395,181219003032978,18121405,XBTUSD,Buy,6634,3267,ZeroPlusTick,6dd5838c-b996-ea68-6eea-3df7c57f33f3,416815,299
2018-12-14 05:00:14.487,181219003032978,18121405,XBTUSD,Buy,100,3267,ZeroPlusTick,3d9cc016-fe95-8959-497e-06d60296f75a,416915,300
2018-12-14 05:00:14.487,181219003032978,18121405,XBTUSD,Buy,163,3267,ZeroPlusTick,9f3ad3b0-4ee6-90b1-795c-cf37113b11b8,417078,301
2018-12-14 05:00:15.521,181219003032978,18121405,XBTUSD,Sell,17132,3266.5,ZeroMinusTick,e924046a-9f3f-6713-d365-0d21699547e9,434210,302
2018-12-14 05:00:16.645,181219003032978,18121405,XBTUSD,Buy,963,3267,ZeroPlusTick,4ac31e11-4760-7872-d3b5-e07c619e7278,435173,303
2018-12-14 05:00:16.645,181219003032978,18121405,XBTUSD,Buy,2,3267,ZeroPlusTick,4a10a9ee-dc57-d66b-39a1-6721f10f14e0,435175,304
2018-12-14 05:00:17.294,181219003032978,18121405,XBTUSD,Buy,1844,3267,ZeroPlusTick,be03a62f-4857-7253-87f7-a374285cedb5,437019,305
2018-12-14 05:00:18.119,181219003032978,18121405,XBTUSD,Buy,656,3267,ZeroPlusTick,be9ce3a1-870d-2226-3d4f-441fc7746728,437675,306
2018-12-14 05:00:19.980,181219003032978,18121405,XBTUSD,Sell,408,3266.5,ZeroMinusTick,49a857ab-a4a4-0699-7879-1d84b8f237d6,438083,307
2018-12-14 05:00:20.139,181219003032978,18121405,XBTUSD,Sell,3530,3266.5,ZeroMinusTick,3f431294-6469-6232-b859-b91d72764d5d,441613,308
2018-12-14 05:00:20.397,181219003032978,18121405,XBTUSD,Buy,18,3267,ZeroPlusTick,aaa7cf02-490c-29bc-ddfa-663e6fd6fa61,441631,309
2018-12-14 05:00:04.415,181219003032978,18121405,XBTUSD,Buy,30,3265,ZeroPlusTick,89c40975-5b1e-0211-6b94-d75bc6abc7a4,441661,310
2018-12-14 05:00:04.644,181219003032978,18121405,XBTUSD,Buy,10,3265,ZeroPlusTick,6686716b-45fa-96e7-7938-21998d002ce1,441671,311
2018-12-14 05:00:04.644,181219003032978,18121405,XBTUSD,Buy,100,3265,ZeroPlusTick,7ed6aeb6-c69f-d80a-c94c-a559b220cb9a,441771,312
2018-12-14 05:00:04.644,181219003032978,18121405,XBTUSD,Buy,3,3265,ZeroPlusTick,cf24c63a-6339-4484-0c0b-0ba183cb1f88,441774,313
2018-12-14 05:00:04.644,181219003032978,18121405,XBTUSD,Buy,30,3265.5,ZeroPlusTick,081f3726-21f0-04b0-d518-32878442ccf6,441804,314
2018-12-14 05:00:04.868,181219003032978,18121405,XBTUSD,Buy,200,3265.5,ZeroPlusTick,010ed7de-8fd9-355a-881a-714d41b63c86,442004,315
2018-12-14 05:00:05.164,181219003032978,18121405,XBTUSD,Buy,569,3265.5,PlusTick,7f115872-5b42-b68e-3ea3-262999091791,442573,316
2018-12-14 05:00:05.164,181219003032978,18121405,XBTUSD,Buy,10,3265.5,ZeroPlusTick,9d1a6ff0-e983-b861-1ff6-191cea8761cd,442583,317
2018-12-14 05:00:05.164,181219003032978,18121405,XBTUSD,Buy,1700,3266,ZeroPlusTick,2e6d8d6c-aae7-8a47-1cff-d63460a02134,444283,318
2018-12-14 05:00:05.240,181219003032978,18121405,XBTUSD,Buy,200,3266,ZeroPlusTick,3565c5ec-3520-3f69-5caa-6720986d9e75,444483,319
2018-12-14 05:00:05.441,181219003032978,18121405,XBTUSD,Buy,60,3266,ZeroPlusTick,ca40ff5b-6e90-3b5c-2b48-18381b77dfb5,444543,320
2018-12-14 05:00:05.892,181219003032978,18121405,XBTUSD,Buy,100,3266,ZeroPlusTick,2a1a3068-e6c7-4bf0-0f63-88f997455460,444643,321
2018-12-14 05:00:05.892,181219003032978,18121405,XBTUSD,Buy,23,3266,ZeroPlusTick,af457cfb-c1d3-f41c-7305-f1ad19602ef8,444666,322
2018-12-14 05:00:05.892,181219003032978,18121405,XBTUSD,Buy,48,3266.5,ZeroPlusTick,5d2b388c-b714-f473-198f-2d1e8093def1,444714,323
2018-12-14 05:00:05.892,181219003032978,18121405,XBTUSD,Buy,200,3266.5,ZeroPlusTick,8b098614-f023-d3e9-9fdd-1ea38ec5344b,444914,324
2018-12-14 05:00:06.296,181219003032978,18121405,XBTUSD,Buy,694,3266.5,ZeroPlusTick,9b5513ec-0c4f-f9c5-4313-4cc8a66cd956,445608,325
2018-12-14 05:00:06.339,181219003032978,18121405,XBTUSD,Buy,2091,3266.5,ZeroPlusTick,256b3bbc-5aa5-c468-8d65-92a27a77fb08,447699,326
2018-12-14 05:00:06.370,181219003032978,18121405,XBTUSD,Buy,3000,3266.5,ZeroPlusTick,54b928ac-7f20-c961-9714-8e8c1dc267bd,450699,327
2018-12-14 05:00:06.983,181219003032978,18121405,XBTUSD,Buy,21,3266.5,ZeroPlusTick,e7ac05a4-aa5b-7b1d-9d50-f9a33d38c261,450720,328
2018-12-14 05:00:06.983,181219003032978,18121405,XBTUSD,Buy,42,3267,ZeroPlusTick,a85b6c48-0cae-4ff6-ecc4-419f8d419a6c,450762,329
2018-12-14 05:00:07.067,181219003032978,18121405,XBTUSD,Buy,783,3267,ZeroPlusTick,b0c691e8-9778-101f-c22f-c140bf19af30,451545,330
2018-12-14 05:00:07.067,181219003032978,18121405,XBTUSD,Buy,900,3267,ZeroPlusTick,a2842053-37ea-0d1f-9d5f-393b640fe56b,452445,331
2018-12-14 05:00:07.139,181219003032978,18121405,XBTUSD,Buy,100,3267,ZeroPlusTick,735b2ea4-e53f-ec9b-aeae-6910ec3b0623,452545,332
2018-12-14 05:00:07.139,181219003032978,18121405,XBTUSD,Buy,300,3267,ZeroPlusTick,0a2db460-48ea-6fea-def2-13ceb8d909ba,452845,333
2018-12-14 05:00:07.139,181219003032979,18121405,XBTUSD,Buy,162,3267,ZeroPlusTick,1c8d41a8-88ef-49c2-4131-da1e1a6c03b5,453007,334
2018-12-14 05:00:07.139,181219003032979,18121405,XBTUSD,Buy,21,3267,ZeroPlusTick,1a421af1-a3fe-8300-1737-bd6d20c7cf52,453028,335
2018-12-14 05:00:08.031,181219003032979,18121405,XBTUSD,Sell,1844,3266.5,ZeroMinusTick,5f2d2ccb-9259-9849-16f6-f42179039856,454872,336
2018-12-14 05:00:08.422,181219003032979,18121405,XBTUSD,Sell,684,3266.5,ZeroMinusTick,3e1233a1-1ce2-aa21-c255-a9c9ba164ed9,455556,337
2018-12-14 05:00:09.746,181219003032979,18121405,XBTUSD,Buy,1000,3267,ZeroPlusTick,f0e64f00-01e9-d1b3-bd55-e5500fb95c63,456556,338
2018-12-14 05:00:11.383,181219003032979,18121405,XBTUSD,Sell,2521,3266.5,ZeroMinusTick,f0076ee5-bd1f-3731-3e9b-fba01780b652,459077,339
2018-12-14 05:00:14.487,181219003032979,18121405,XBTUSD,Buy,100,3267,ZeroPlusTick,8c0ed221-b7dd-ad23-2e57-0905450fd134,459177,340
2018-12-14 05:00:14.487,181219003032979,18121405,XBTUSD,Buy,715,3267,ZeroPlusTick,d6282bcd-a08a-4faf-371d-23cb43513f64,459892,341
2018-12-14 05:00:15.466,181219003032979,18121405,XBTUSD,Sell,3230,3266.5,MinusTick,1c50e80a-cfb0-2c07-b0f0-33b78f87f6d7,463122,342
2018-12-14 05:00:16.645,181219003032979,18121405,XBTUSD,Buy,1000,3267,ZeroPlusTick,ddba8d4a-a6e3-2024-32bb-2efb266a3efa,464122,343
2018-12-14 05:00:16.645,181219003032979,18121405,XBTUSD,Buy,5,3267,ZeroPlusTick,56f2b03c-6259-e50d-2ffd-29a53c11a7d5,464127,344
2018-12-14 05:00:17.294,181219003032979,18121405,XBTUSD,Buy,1500,3267,ZeroPlusTick,65c60e93-60c6-9165-7d74-6d8b8ccb00b9,465627,345
2018-12-14 05:00:18.119,181219003032979,18121405,XBTUSD,Buy,2,3267,ZeroPlusTick,f3fde293-02ee-7cde-5f32-47540ff9a0fe,465629,346
2018-12-14 05:00:20.139,181219003032979,18121405,XBTUSD,Sell,12538,3266.5,ZeroMinusTick,444859a5-c84d-2216-5912-38912d27741c,478167,347
2018-12-14 05:00:20.397,181219003032979,18121405,XBTUSD,Buy,1752,3267,ZeroPlusTick,96a1bdf2-c5bd-c916-f157-5ff16f95d17c,479919,348
2018-12-14 05:00:21.466,181219003032979,18121405,XBTUSD,Sell,108,3266.5,ZeroMinusTick,d5fa8f98-d0cb-386a-e4d5-07673a67ca6d,480027,349
2018-12-14 05:00:21.466,181219003032979,18121405,XBTUSD,Sell,23,3266.5,ZeroMinusTick,fdb1b80a-8803-05f1-637b-18b1e8a1cdaa,480050,350
2018-12-14 05:00:21.466,181219003032979,18121405,XBTUSD,Sell,1000,3266.5,ZeroMinusTick,8861df8c-65d5-016a-5968-e0596c2cac18,481050,351
2018-12-14 05:00:21.466,181219003032979,18121405,XBTUSD,Sell,53,3266.5,ZeroMinusTick,ea54baee-e787-edf4-82b9-df4bf3a9a118,481103,352
2018-12-14 05:00:21.466,181219003032979,18121405,XBTUSD,Sell,154,3266,ZeroMinusTick,0fc4694b-9970-5171-a93b-c334bdf9e793,481257,353
2018-12-14 05:00:21.595,181219003032979,18121405,XBTUSD,Sell,62,3265.5,ZeroMinusTick,7972c6aa-f9f1-73ed-40d3-807475c6724e,481319,354
2018-12-14 05:00:21.615,181219003032979,18121405,XBTUSD,Buy,340,3266,PlusTick,dc71f0a9-ccfa-74d6-0547-709572d4e9c3,481659,355
2018-12-14 05:00:22.319,181219003032979,18121405,XBTUSD,Buy,5001,3266,PlusTick,3fc809ab-8af6-a0a1-1ffe-1bab66273fb9,486660,356
2018-12-14 05:00:06.983,181219003032979,18121405,XBTUSD,Buy,23,3266.5,ZeroPlusTick,cf44fabe-cd3c-f878-f620-738993a16854,486683,357
2018-12-14 05:00:06.983,181219003032979,18121405,XBTUSD,Buy,366,3267,ZeroPlusTick,b0ab33a3-c7f8-39a4-5757-70c784599329,487049,358
2018-12-14 05:00:07.067,181219003032979,18121405,XBTUSD,Buy,100,3267,ZeroPlusTick,b2600507-28ec-e9db-0ed7-86463c4903c9,487149,359
2018-12-14 05:00:07.067,181219003032979,18121405,XBTUSD,Buy,1000,3267,ZeroPlusTick,431f3fd5-b737-4e07-c67b-49572de110e1,488149,360
2018-12-14 05:00:07.139,181219003032979,18121405,XBTUSD,Buy,1000,3267,ZeroPlusTick,a9f090fc-bb81-87f2-89ee-d7f77124fe1f,489149,361
2018-12-14 05:00:07.139,181219003032979,18121405,XBTUSD,Buy,10,3267,ZeroPlusTick,23d2ca8a-d35a-9bd4-a74d-ddb1220793bb,489159,362
2018-12-14 05:00:07.139,181219003032979,18121405,XBTUSD,Buy,143,3267,ZeroPlusTick,52adf4f9-1ecb-8a0d-fadc-9abae9a1cd30,489302,363
2018-12-14 05:00:07.139,181219003032979,18121405,XBTUSD,Buy,51,3267,ZeroPlusTick,561253b0-8e3f-5a8b-69b5-612b447865a9,489353,364
2018-12-14 05:00:07.908,181219003032979,18121405,XBTUSD,Sell,8,3266.5,MinusTick,6b5c88eb-2f59-3793-12d2-6cd61eaa5705,489361,365
2018-12-14 05:00:08.031,181219003032979,18121405,XBTUSD,Sell,1992,3266.5,ZeroMinusTick,8f93bdbe-1279-7f17-27ea-b07e70f77103,491353,366
2018-12-14 05:00:08.422,181219003032979,18121405,XBTUSD,Sell,1520,3266.5,ZeroMinusTick,cf9e9a91-d145-ae5a-ee22-80638d11a702,492873,367
2018-12-14 05:00:09.746,181219003032979,18121405,XBTUSD,Buy,1000,3267,ZeroPlusTick,aae2ad3e-098b-af1e-1127-222980014110,493873,368
2018-12-14 05:00:09.746,181219003032979,18121405,XBTUSD,Buy,1000,3267,ZeroPlusTick,4b491c31-f49a-6dfa-6138-6822df4eec29,494873,369
2018-12-14 05:00:10.341,181219003032979,18121405,XBTUSD,Buy,2500,3267,ZeroPlusTick,47c868e5-4841-6808-824d-11748ed6b72f,497373,370
2018-12-14 05:00:11.422,181219003032979,18121405,XBTUSD,Sell,1000,3266.5,MinusTick,8f7b7dc3-56c8-0608-cf40-bd18b6110c7a,498373,371
2018-12-14 05:00:14.487,181219003032979,18121405,XBTUSD,Buy,100,3267,ZeroPlusTick,4f8f0ab8-e38b-6a4f-4cf0-4b9a2b068fa5,498473,372
2018-12-14 05:00:14.487,181219003032979,18121405,XBTUSD,Buy,9104,3267,ZeroPlusTick,b634742e-194d-69b5-4afc-45924c28a234,507577,373
2018-12-14 05:00:15.106,181219003032979,18121405,XBTUSD,Buy,250,3267,PlusTick,1f3ccc7c-976a-225b-b3a9-58c736178076,507827,374
2018-12-14 05:00:15.521,181219003032979,18121405,XBTUSD,Sell,2868,3266.5,ZeroMinusTick,c782c3b0-3971-92b3-bb1b-982a89eba45d,510695,375
2018-12-14 05:00:16.633,181219003032979,18121405,XBTUSD,Buy,227,3267,PlusTick,9bb0489b-78b4-4440-0166-7cf3e1571cc2,510922,376
2018-12-14 05:00:16.645,181219003032979,18121405,XBTUSD,Buy,24,3267,ZeroPlusTick,d2850f5d-006e-2524-c184-acd78660ef49,510946,377
2018-12-14 05:00:19.437,181219003032979,18121405,XBTUSD,Sell,5914,3266.5,ZeroMinusTick,f676576d-9c75-f64b-6c89-94c50d9a8d74,516860,378
2018-12-14 05:00:20.139,181219003032979,18121405,XBTUSD,Sell,5000,3266.5,ZeroMinusTick,fb71ccb9-1261-4310-ee60-4ac40979862b,521860,379
2018-12-14 05:00:20.397,181219003032979,18121405,XBTUSD,Buy,739,3267,PlusTick,c37a6ced-b5e0-477a-47d8-0d9de73d4fff,522599,380
2018-12-14 05:00:21.466,181219003032979,18121405,XBTUSD,Sell,207,3266.5,ZeroMinusTick,df58f8e1-0adc-a66c-8897-8e6fefc688de,522806,381
2018-12-14 05:00:21.466,181219003032979,18121405,XBTUSD,Sell,15,3266.5,ZeroMinusTick,632afbc1-687d-4c20-24ac-996cb1c5f9ac,522821,382
2018-12-14 05:00:21.466,181219003032979,18121405,XBTUSD,Sell,11,3266.5,ZeroMinusTick,69863f11-03c3-c290-dae7-4c89af45d461,522832,383
2018-12-14 05:00:21.466,181219003032979,18121405,XBTUSD,Sell,34,3266.5,ZeroMinusTick,e3c0d6d4-9d87-aab9-0a84-c93e5f242d39,522866,384
2018-12-14 05:00:21.466,181219003032979,18121405,XBTUSD,Sell,13,3266,ZeroMinusTick,72c982b7-3764-c0b7-8492-44c5c6fc8b90,522879,385
2018-12-14 05:00:21.595,181219003032979,18121405,XBTUSD,Sell,163,3265.5,ZeroMinusTick,953c7a8e-12e3-4a3c-43f2-b9aa4d45e337,523042,386
2018-12-14 05:00:21.724,181219003032979,18121405,XBTUSD,Sell,1000,3265.5,MinusTick,315cb5c2-9168-31bf-a26c-ee68585b7855,524042,387
2018-12-14 05:00:22.326,181219003032979,18121405,XBTUSD,Sell,374,3265.5,MinusTick,b5c8e0c4-a26d-f933-c0c5-30d01c6a0181,524416,388
2018-12-14 05:00:22.448,181219003032979,18121405,XBTUSD,Buy,1200,3266,PlusTick,a7516ebd-5343-b019-5dd2-0cf48d3d69e7,525616,389
2018-12-14 05:00:22.703,181219003032979,18121405,XBTUSD,Sell,3266,3265.5,MinusTick,ca38a251-fb28-d5cf-0980-693c11844e4c,528882,390
2018-12-14 05:00:22.761,181219003032979,18121405,XBTUSD,Sell,156,3265.5,ZeroMinusTick,0e7301d8-b6d9-3fa9-79ec-b0549b37a91b,529038,391
2018-12-14 05:00:22.954,181219003032979,18121405,XBTUSD,Sell,10,3265.5,ZeroMinusTick,daca14d9-a824-94b2-379c-28f941e52416,529048,392
2018-12-14 05:00:25.566,181219003032979,18121405,XBTUSD,Sell,206,3265.5,ZeroMinusTick,f6f4b3fd-f815-7b46-c8f0-90a788f4d2e1,529254,393
2018-12-14 05:00:28.356,181219003032979,18121405,XBTUSD,Sell,50,3265.5,MinusTick,ad346dbf-ccfd-2d34-3726-7122e540c8cd,529304,394
2018-12-14 05:00:29.264,181219003032979,18121405,XBTUSD,Buy,148,3266,PlusTick,912745c2-163a-fba0-be35-89a454cf00e7,529452,395
2018-12-14 05:00:29.523,181219003032979,18121405,XBTUSD,Buy,10050,3266,ZeroPlusTick,2d55d6ab-46f7-ef39-4481-f6932a419430,539502,396
2018-12-14 05:00:44.486,181219003032979,18121405,XBTUSD,Buy,50,3266,PlusTick,ce81ce97-ccfb-3a96-669b-6c9308b90a8c,539552,397
2018-12-14 05:00:44.747,181219003032979,18121405,XBTUSD,Buy,10000,3266,ZeroPlusTick,a32e358e-d439-0f49-0f17-5fb7925e2dcf,549552,398
2018-12-14 05:00:07.139,181219003032979,18121405,XBTUSD,Buy,2429,3267,ZeroPlusTick,a2fc960c-fd4f-35fc-7372-d648e84b0bce,551981,399
2018-12-14 05:00:07.139,181219003032979,18121405,XBTUSD,Buy,1000,3267,ZeroPlusTick,349cf0d1-0c44-6184-a7b6-3652e0d0d362,552981,400
2018-12-14 05:00:07.139,181219003032979,18121405,XBTUSD,Buy,162,3267,ZeroPlusTick,a7f1a2ff-e04b-8d5f-5f38-091187ac9842,553143,401
2018-12-14 05:00:07.139,181219003032979,18121405,XBTUSD,Buy,21,3267,ZeroPlusTick,2109cea4-0117-34a7-d278-4b31f13315c6,553164,402
2018-12-14 05:00:08.031,181219003032979,18121405,XBTUSD,Sell,2064,3266.5,ZeroMinusTick,676f7f17-24fb-f043-d871-b1ea7ae8ebf8,555228,403
2018-12-14 05:00:08.422,181219003032979,18121405,XBTUSD,Sell,1752,3266.5,ZeroMinusTick,ae0dbf72-9ee0-ecfa-2169-86eb011e8187,556980,404
2018-12-14 05:00:09.270,181219003032979,18121405,XBTUSD,Sell,5000,3266.5,MinusTick,813771d2-d2b5-3c40-de4c-528f50ebde0c,561980,405
2018-12-14 05:00:09.746,181219003032979,18121405,XBTUSD,Buy,1000,3267,ZeroPlusTick,3c065eae-948d-9a9c-f6b7-863dc2e74df4,562980,406
2018-12-14 05:00:11.395,181219003032979,18121405,XBTUSD,Buy,366,3267,PlusTick,fce995d8-ef33-0910-f4d4-de1d83521a29,563346,407
2018-12-14 05:00:14.487,181219003032979,18121405,XBTUSD,Buy,100,3267,ZeroPlusTick,82bb903c-d128-dbf4-d01a-fcbf364c7b08,563446,408
2018-12-14 05:00:14.487,181219003032979,18121405,XBTUSD,Buy,6,3267,ZeroPlusTick,f6be6e00-3107-ab45-c3d9-61c3e96015da,563452,409
2018-12-14 05:00:15.466,181219003032979,18121405,XBTUSD,Sell,6569,3266.5,ZeroMinusTick,cbb83d5b-ab66-d835-310a-10c983b1ef95,570021,410
2018-12-14 05:00:16.645,181219003032979,18121405,XBTUSD,Buy,6156,3267,ZeroPlusTick,ce2f7831-0d54-44eb-31df-cbda653cf971,576177,411
2018-12-14 05:00:16.645,181219003032979,18121405,XBTUSD,Buy,100,3267,ZeroPlusTick,980d0b3b-e1d3-eae5-0bc0-480ea13f3add,576277,412
2018-12-14 05:00:17.294,181219003032979,18121405,XBTUSD,Buy,1540,3267,ZeroPlusTick,7c000030-1028-a016-22e5-b462a0f197c8,577817,413
2018-12-14 05:00:18.066,181219003032979,18121405,XBTUSD,Buy,28,3267,ZeroPlusTick,961b8229-b4be-e83c-d3d7-929250583d60,577845,414
2018-12-14 05:00:19.437,181219003032979,18121405,XBTUSD,Sell,2539,3266.5,ZeroMinusTick,a7a3b4e8-6aeb-bcc6-12ba-60c648527bcd,580384,415
2018-12-14 05:00:20.159,181219003032979,18121405,XBTUSD,Sell,5000,3266.5,ZeroMinusTick,d5a1d478-d4fb-7105-b2d6-820fca08647f,585384,416
2018-12-14 05:00:21.466,181219003032979,18121405,XBTUSD,Sell,16,3266.5,ZeroMinusTick,a08699f9-3c07-40aa-bacf-0c611cc8f6ed,585400,417
2018-12-14 05:00:21.466,181219003032979,18121405,XBTUSD,Sell,34,3266.5,ZeroMinusTick,c0fe097c-d92d-2d30-c8ef-6d5817abe2af,585434,418
2018-12-14 05:00:21.466,181219003032979,18121405,XBTUSD,Sell,3000,3266.5,ZeroMinusTick,41dc2d3f-62b2-317b-1ec7-bc3a5e9e9a1c,588434,419
2018-12-14 05:00:21.466,181219003032979,18121405,XBTUSD,Sell,62,3266,MinusTick,2523e58c-4149-2424-f7b3-3f624edb3ad0,588496,420
2018-12-14 05:00:21.466,181219003032980,18121405,XBTUSD,Sell,13995,3266,ZeroMinusTick,4404e26a-1202-b351-cc92-b66e51a8bcf6,602491,421
2018-12-14 05:00:21.595,181219003032980,18121405,XBTUSD,Sell,30,3265.5,ZeroMinusTick,4154d7b8-5759-0dea-54cc-99b7c9eac8e1,602521,422
2018-12-14 05:00:22.042,181219003032980,18121405,XBTUSD,Sell,1600,3265.5,ZeroMinusTick,1b0f0aa8-a656-5ea8-067c-584dac7d1298,604121,423
2018-12-14 05:00:24.374,181219003032980,18121405,XBTUSD,Sell,443,3265.5,MinusTick,88b95df7-6142-17d7-4577-f8b3cb350dca,604564,424
2018-12-14 05:00:25.566,181219003032980,18121405,XBTUSD,Sell,1631,3265.5,MinusTick,00b93d1d-40ec-2082-cf86-9e6f93fb35f1,606195,425
2018-12-14 05:00:35.117,181219003032980,18121405,XBTUSD,Sell,5000,3265.5,MinusTick,dab1ce23-c95b-48cb-a9d5-baf40514f572,611195,426
2018-12-14 05:00:35.677,181219003032980,18121405,XBTUSD,Buy,6500,3266,PlusTick,6e6e82cc-edba-bc68-6456-7928978ab6e4,617695,427
2018-12-14 05:00:35.837,181219003032980,18121405,XBTUSD,Sell,500,3265.5,MinusTick,63937ae3-6843-8b0c-fba8-55d5f382f056,618195,428
2018-12-14 05:00:49.128,181219003032980,18121405,XBTUSD,Sell,970,3265.5,ZeroMinusTick,6c46563d-3ca2-e9de-172e-2aa0bfddf8ce,619165,429
2018-12-14 05:00:51.897,181219003032980,18121405,XBTUSD,Sell,22000,3265.5,ZeroMinusTick,26afab03-f72d-e7e6-4b17-d0a610d690ed,641165,430
2018-12-14 05:00:51.897,181219003032980,18121405,XBTUSD,Sell,58,3265.5,ZeroMinusTick,8231c764-8a3b-309c-b964-89482a204c28,641223,431
2018-12-14 05:00:53.284,181219003032980,18121405,XBTUSD,Buy,26,3265.5,PlusTick,4faac528-fdde-78f6-d60b-37ae1f7497ef,641249,432
2018-12-14 05:00:53.547,181219003032980,18121405,XBTUSD,Sell,60,3265,ZeroMinusTick,f433811f-8427-2ce9-857f-d1746a4241fd,641309,433
2018-12-14 05:00:54.771,181219003032980,18121405,XBTUSD,Sell,30,3264.5,MinusTick,4ee6d402-1f5b-636d-f132-338f57ea9fa9,641339,434
2018-12-14 05:00:54.771,181219003032980,18121405,XBTUSD,Sell,14,3264.5,ZeroMinusTick,fe0e9fca-e356-b416-0e3d-21023d00587c,641353,435
2018-12-14 05:00:54.771,181219003032980,18121405,XBTUSD,Sell,25,3264.5,ZeroMinusTick,ae125dd5-1371-7cf9-118d-378c5eda4bff,641378,436
2018-12-14 05:00:54.771,181219003032980,18121405,XBTUSD,Sell,17,3264.5,ZeroMinusTick,2644e8cd-81ed-ce51-0791-a5e16b7dd28a,641395,437
2018-12-14 05:00:54.771,181219003032980,18121405,XBTUSD,Sell,37,3264.5,ZeroMinusTick,0954d3a4-a9e2-0296-e421-cc03812d4ba3,641432,438
2018-12-14 05:00:54.771,181219003032980,18121405,XBTUSD,Sell,24,3264,ZeroMinusTick,a8fb4588-03a1-0ad6-0e68-f8b699847504,641456,439
2018-12-14 05:00:54.771,181219003032980,18121405,XBTUSD,Sell,15,3263.5,ZeroMinusTick,f7f64dab-c5d0-eded-645f-d6469760fdf3,641471,440
2018-12-14 05:00:54.771,181219003032980,18121405,XBTUSD,Sell,10,3263,ZeroMinusTick,06d4fed1-700f-ae85-3cad-d32afd8ef48b,641481,441
2018-12-14 05:00:54.771,181219003032980,18121405,XBTUSD,Sell,37,3263,ZeroMinusTick,a4d6c9d7-cfed-afed-a325-806641969490,641518,442
2018-12-14 05:00:54.771,181219003032980,18121405,XBTUSD,Sell,9,3262.5,ZeroMinusTick,58035b5e-6e57-d45a-4b67-2eb673e11acc,641527,443
2018-12-14 05:00:09.746,181219003032980,18121405,XBTUSD,Buy,1000,3267,ZeroPlusTick,ecbab965-c0f2-29cb-568f-329d8c911c0c,642527,444
2018-12-14 05:00:09.746,181219003032980,18121405,XBTUSD,Buy,9,3267,ZeroPlusTick,966fb042-c7fa-b361-d5e6-09e870a5cd72,642536,445
2018-12-14 05:00:10.622,181219003032980,18121405,XBTUSD,Sell,1000,3266.5,ZeroMinusTick,4aa347ee-307b-60e9-d9cb-c93ea52b1754,643536,446
2018-12-14 05:00:11.383,181219003032980,18121405,XBTUSD,Sell,5000,3266.5,ZeroMinusTick,6aacba46-ef1e-84c6-0b34-09d4ef4dac77,648536,447
2018-12-14 05:00:12.137,181219003032980,18121405,XBTUSD,Buy,11,3267,ZeroPlusTick,62bef313-5f8c-cf43-fa0b-284bae40a879,648547,448
2018-12-14 05:00:14.487,181219003032980,18121405,XBTUSD,Buy,100,3267,ZeroPlusTick,b6ba9e27-3e43-3f83-a82a-305bf856b9b0,648647,449
2018-12-14 05:00:14.487,181219003032980,18121405,XBTUSD,Buy,100,3267,ZeroPlusTick,9956ba20-9ae8-9327-e8e3-c1fd62e87bba,648747,450
2018-12-14 05:00:14.961,181219003032980,18121405,XBTUSD,Sell,5000,3266.5,ZeroMinusTick,5a30a0f5-6ef3-2aef-a733-c8420c11f26a,653747,451
2018-12-14 05:00:15.748,181219003032980,18121405,XBTUSD,Sell,487,3266.5,MinusTick,066e8a41-cb25-8ff1-a86f-9fa8e1de7a21,654234,452
2018-12-14 05:00:16.645,181219003032980,18121405,XBTUSD,Buy,21,3267,ZeroPlusTick,61800f96-06b2-6256-2269-d8e2855752bb,654255,453
2018-12-14 05:00:17.398,181219003032980,18121405,XBTUSD,Sell,399,3266.5,MinusTick,b5666bad-fcda-7283-f572-956bb526433a,654654,454
2018-12-14 05:00:17.638,181219003032980,18121405,XBTUSD,Sell,100,3266.5,ZeroMinusTick,e9817149-a370-6903-9ee8-7f9f4f0403dd,654754,455
2018-12-14 05:00:17.992,181219003032980,18121405,XBTUSD,Sell,50,3266.5,ZeroMinusTick,15e66161-c9db-1f08-01e4-a6fbadc2aa9b,654804,456
2018-12-14 05:00:18.051,181219003032980,18121405,XBTUSD,Buy,1000,3267,PlusTick,7cba9fe7-3430-83b6-787b-630ebd7290fd,655804,457
2018-12-14 05:00:18.066,181219003032980,18121405,XBTUSD,Buy,864,3267,ZeroPlusTick,29065963-ac3a-9d2b-715f-706b6dc98a29,656668,458
2018-12-14 05:00:18.366,181219003032980,18121405,XBTUSD,Buy,334,3267,ZeroPlusTick,5857ed22-0c65-c1e4-bdf3-dc76d0f44601,657002,459
2018-12-14 05:00:19.437,181219003032980,18121405,XBTUSD,Sell,10000,3266.5,ZeroMinusTick,0f76bcbb-501b-14e6-6d89-1a0890c77474,667002,460
2018-12-14 05:00:20.139,181219003032980,18121405,XBTUSD,Sell,45,3266.5,ZeroMinusTick,1a917f3d-e27e-24b9-7a9a-7452f9c4047a,667047,461
2018-12-14 05:00:20.397,181219003032980,18121405,XBTUSD,Buy,2355,3267,ZeroPlusTick,d724e149-3b76-b223-8e1e-afedd980e900,669402,462
2018-12-14 05:00:21.466,181219003032980,18121405,XBTUSD,Sell,1000,3266.5,ZeroMinusTick,4d225351-dbfb-8e9a-db9f-1e729c1b7d05,670402,463
2018-12-14 05:00:21.466,181219003032980,18121405,XBTUSD,Sell,9,3266.5,ZeroMinusTick,4f6dc9e1-ccfa-4ade-c545-b74b72f0747b,670411,464
2018-12-14 05:00:21.466,181219003032980,18121405,XBTUSD,Sell,10,3266.5,ZeroMinusTick,0e4dbaf6-76ec-e9f2-093e-be3cc219f552,670421,465
2018-12-14 05:00:21.466,181219003032980,18121405,XBTUSD,Sell,5000,3266.5,ZeroMinusTick,0617e9ca-12ee-39c7-f257-d73803e991b0,675421,466
2018-12-14 05:00:21.466,181219003032980,18121405,XBTUSD,Sell,202,3266,ZeroMinusTick,49bf1a8e-39bd-5732-59ec-d8e5c865fde1,675623,467
2018-12-14 05:00:21.466,181219003032980,18121405,XBTUSD,Sell,9,3266,ZeroMinusTick,aa51f2e9-b410-a24b-ae86-6aa9f6ae2447,675632,468
2018-12-14 05:00:21.595,181219003032980,18121405,XBTUSD,Sell,30,3265.5,ZeroMinusTick,70a4b589-8436-1c5b-6a4e-2a6c198c9f30,675662,469
2018-12-14 05:00:22.146,181219003032980,18121405,XBTUSD,Buy,67,3266,PlusTick,3a3e0095-ce5d-fb2a-77b5-0025f3583f45,675729,470
2018-12-14 05:00:24.295,181219003032980,18121405,XBTUSD,Buy,4990,3266,PlusTick,eb43e40f-27ab-6bfc-d738-d9c032bc64b7,680719,471
2018-12-14 05:00:24.882,181219003032980,18121405,XBTUSD,Sell,1310,3265.5,ZeroMinusTick,c5e32c42-e026-edf9-8fa4-88f75d91c393,682029,472
2018-12-14 05:00:26.418,181219003032980,18121405,XBTUSD,Buy,5001,3266,PlusTick,8c809523-ada6-c1a1-5e87-3bfc272f71ff,687030,473
2018-12-14 05:00:36.170,181219003032980,18121405,XBTUSD,Sell,5000,3265.5,ZeroMinusTick,79d3c7ef-7930-967a-e575-c82ee0822ff5,692030,474
2018-12-14 05:00:41.240,181219003032980,18121405,XBTUSD,Buy,5000,3266,PlusTick,a667b6c9-c1f8-bd34-c79e-4e63824cbeb8,697030,475
2018-12-14 05:00:51.897,181219003032980,18121405,XBTUSD,Sell,70000,3265.5,ZeroMinusTick,166b3c99-ffa0-0aa7-1927-8a79083ad4d7,767030,476
2018-12-14 05:00:51.897,181219003032980,18121405,XBTUSD,Sell,2600,3265.5,ZeroMinusTick,98ce3dc3-9a25-e48f-de14-a6b2b44341f7,769630,477
2018-12-14 05:00:52.785,181219003032980,18121405,XBTUSD,Sell,204,3265.5,ZeroMinusTick,7a2cb9c1-7287-12b0-d78b-a9c463a2a31c,769834,478
2018-12-14 05:00:53.149,181219003032980,18121405,XBTUSD,Sell,10,3265,ZeroMinusTick,ed3c3f76-a40c-0044-fcdb-b42638aa3046,769844,479
2018-12-14 05:00:54.771,181219003032980,18121405,XBTUSD,Sell,12213,3265,ZeroMinusTick,37a06b2b-4049-5a7f-0190-68f46e5a7e06,782057,480
2018-12-14 05:00:54.771,181219003032980,18121405,XBTUSD,Sell,20,3264.5,ZeroMinusTick,3e4f940d-6ac7-3b54-e362-dcc3b52fbf44,782077,481
2018-12-14 05:00:54.771,181219003032980,18121405,XBTUSD,Sell,25,3264.5,ZeroMinusTick,e8e3cfa1-b4d9-2a3d-d87e-81114bef6ae0,782102,482
2018-12-14 05:00:54.771,181219003032980,18121405,XBTUSD,Sell,200,3264.5,ZeroMinusTick,7ac3d7b2-cf88-f6a4-6090-c86d938316e4,782302,483
2018-12-14 05:00:54.771,181219003032980,18121405,XBTUSD,Sell,9,3264.5,ZeroMinusTick,a963d366-4865-12ec-df71-622d81ab5d42,782311,484
2018-12-14 05:00:54.771,181219003032980,18121405,XBTUSD,Sell,700,3264,ZeroMinusTick,9264ba10-db72-e890-0fe2-97f83bdeac37,783011,485
2018-12-14 05:00:54.771,181219003032980,18121405,XBTUSD,Sell,15,3263.5,ZeroMinusTick,ac9d0f71-1486-832e-8e89-820333f58faa,783026,486
2018-12-14 05:00:54.771,181219003032980,18121405,XBTUSD,Sell,30,3263,MinusTick,25ad3d3f-184b-7442-0e37-40a5001dbcec,783056,487
2018-12-14 05:00:54.771,181219003032980,18121405,XBTUSD,Sell,2,3263,ZeroMinusTick,0c7c36b8-c916-7e38-e236-9873e2f83609,783058,488
2018-12-14 05:00:10.418,181219003032980,18121405,XBTUSD,Sell,2,3266.5,MinusTick,6f4ba53c-8af3-9bf6-d7eb-c87713c0242c,783060,489
2018-12-14 05:00:12.006,181219003032980,18121405,XBTUSD,Buy,40,3267,PlusTick,1dc6ff28-6c15-d887-2a70-b84e028f1916,783100,490
2018-12-14 05:00:14.487,181219003032980,18121405,XBTUSD,Buy,2894,3267,ZeroPlusTick,cb7f6fe3-b899-b4c7-997c-1fa908f05e3e,785994,491
2018-12-14 05:00:14.487,181219003032980,18121405,XBTUSD,Buy,100,3267,ZeroPlusTick,70f1b0ae-b114-9403-a01f-3f1aafa7dc35,786094,492
2018-12-14 05:00:14.592,181219003032980,18121405,XBTUSD,Sell,100,3266.5,MinusTick,5e4f7d19-3fb7-f041-7c93-d1191431eb4b,786194,493
2018-12-14 05:00:15.140,181219003032980,18121405,XBTUSD,Buy,4993,3267,ZeroPlusTick,ef17db59-a4e1-9f14-d261-e717993b61c9,791187,494
2018-12-14 05:00:15.611,181219003032980,18121405,XBTUSD,Sell,2868,3266.5,ZeroMinusTick,73a3dd68-c58f-5b6b-74f8-7a73bc839939,794055,495
2018-12-14 05:00:16.645,181219003032980,18121405,XBTUSD,Buy,50,3267,ZeroPlusTick,b8ea9df7-7eb9-3831-d7ab-a63b22b0daf2,794105,496
2018-12-14 05:00:19.437,181219003032980,18121405,XBTUSD,Sell,202,3266.5,ZeroMinusTick,9b995ae7-0979-d3f7-0073-0cd83e11b8e8,794307,497
2018-12-14 05:00:20.139,181219003032980,18121405,XBTUSD,Sell,23052,3266.5,MinusTick,8aea5687-831e-69fa-5b9b-6811d176ea30,817359,498
2018-12-14 05:00:21.466,181219003032980,18121405,XBTUSD,Sell,9,3266.5,ZeroMinusTick,4eaeb504-0303-c53b-d0f2-7556d3c1b467,817368,499
2018-12-14 05:00:21.466,181219003032981,18121405,XBTUSD,Sell,12,3266.5,ZeroMinusTick,975c633f-7c6f-2e11-2ed8-a00ffe405172,817380,500
2018-12-14 05:00:21.466,181219003032981,18121405,XBTUSD,Sell,2000,3266.5,ZeroMinusTick,0d476709-8fc3-4a36-334a-a8e9a6578774,819380,501
2018-12-14 05:00:21.466,181219003032981,18121405,XBTUSD,Sell,204,3266.5,ZeroMinusTick,2ed3f03c-bcb4-cb88-c01c-a36da4ad05f5,819584,502
2018-12-14 05:00:21.466,181219003032981,18121405,XBTUSD,Sell,49,3266,ZeroMinusTick,90d8548d-1a22-7d4c-9bff-fefecd4b53a1,819633,503
2018-12-14 05:00:21.595,181219003032981,18121405,XBTUSD,Sell,201,3265.5,ZeroMinusTick,9af869fc-28df-97b6-c7f0-51627ae5394a,819834,504
2018-12-14 05:00:27.097,181219003032981,18121405,XBTUSD,Sell,2401,3265.5,ZeroMinusTick,8e66c306-9724-8be8-5bd5-d3947c98b83d,822235,505
2018-12-14 05:00:29.911,181219003032981,18121405,XBTUSD,Sell,2223,3265.5,MinusTick,07e57fa7-40b9-a951-e7a2-cdec1145259e,824458,506
2018-12-14 05:00:40.562,181219003032981,18121405,XBTUSD,Sell,163,3265.5,ZeroMinusTick,7ee6a255-29ac-1ac8-1e42-f8e2a90c9808,824621,507
2018-12-14 05:00:47.839,181219003032981,18121405,XBTUSD,Sell,1000,3265.5,MinusTick,25cc4ebb-68fd-87ed-91d8-07c6e998dcae,825621,508
2018-12-14 05:00:50.755,181219003032981,18121405,XBTUSD,Buy,50,3266,PlusTick,8504f99d-abc9-a65b-adc8-3350733b9ec8,825671,509
2018-12-14 05:00:51.897,181219003032981,18121405,XBTUSD,Sell,2000,3265.5,ZeroMinusTick,815a29ad-e19d-d483-2bf5-a2b3cc8acf17,827671,510
2018-12-14 05:00:51.897,181219003032981,18121405,XBTUSD,Sell,27,3265.5,ZeroMinusTick,1dfd1d46-0739-7f42-b501-a4dd3a16c64d,827698,511
2018-12-14 05:00:52.785,181219003032981,18121405,XBTUSD,Sell,50,3265.5,ZeroMinusTick,2017c750-9b04-3852-cad8-896663fc924c,827748,512
2018-12-14 05:00:53.149,181219003032981,18121405,XBTUSD,Sell,340,3265,MinusTick,ecf686e2-d1e5-718b-213b-21416fbf3295,828088,513
2018-12-14 05:00:54.771,181219003032981,18121405,XBTUSD,Sell,9,3265,ZeroMinusTick,4d65c55c-5ae9-fa13-f2a3-df05b7a7bce3,828097,514
2018-12-14 05:00:54.771,181219003032981,18121405,XBTUSD,Sell,21,3264.5,ZeroMinusTick,11032805-7ec2-11e7-373c-e1589b10a186,828118,515
2018-12-14 05:00:54.771,181219003032981,18121405,XBTUSD,Sell,69,3264.5,ZeroMinusTick,b6280c3f-2fab-9fea-de63-c7ce6418f843,828187,516
2018-12-14 05:00:54.771,181219003032981,18121405,XBTUSD,Sell,30,3264.5,ZeroMinusTick,6e8ffdd3-3515-1b47-f545-a8d163e004a6,828217,517
2018-12-14 05:00:54.771,181219003032981,18121405,XBTUSD,Sell,100,3264,ZeroMinusTick,6748b4b9-6203-0c76-83ee-ad93dd5b8c24,828317,518
2018-12-14 05:00:54.771,181219003032981,18121405,XBTUSD,Sell,15,3263.5,ZeroMinusTick,b7b7a166-88b6-3f08-f56c-bc0bb23cc394,828332,519
2018-12-14 05:00:54.771,181219003032981,18121405,XBTUSD,Sell,62,3263,ZeroMinusTick,1f1f5336-a73b-967d-bc56-2b0122937bf1,828394,520
2018-12-14 05:00:54.771,181219003032981,18121405,XBTUSD,Sell,206,3263,ZeroMinusTick,bf69d849-2f69-a3d8-bbd5-82b4530986a3,828600,521
2018-12-14 05:00:54.771,181219003032981,18121405,XBTUSD,Sell,4500,3262.5,ZeroMinusTick,e07a22fa-56a9-f0c5-9f90-89bc32dad9d3,833100,522
2018-12-14 05:00:55.464,181219003032981,18121405,XBTUSD,Buy,3263,3263,PlusTick,40a015a2-26d0-9874-e39b-c6ad1b02fbe7,836363,523
2018-12-14 05:00:55.682,181219003032981,18121405,XBTUSD,Buy,4423,3263,PlusTick,0db3b1a1-d1c6-5814-7d78-4e33ab0b78f6,840786,524
2018-12-14 05:00:14.961,181219003032981,18121405,XBTUSD,Sell,10000,3266.5,ZeroMinusTick,f0a9ee22-aebf-f26f-0ca9-f61d65500ce9,850786,525
2018-12-14 05:00:15.268,181219003032981,18121405,XBTUSD,Sell,50,3266.5,ZeroMinusTick,ad57a6c1-d5ea-16f2-a4b8-4218bfcba29b,850836,526
2018-12-14 05:00:15.929,181219003032981,18121405,XBTUSD,Sell,100,3266.5,ZeroMinusTick,0e7e9208-e051-a2e5-9ff8-47542c42a802,850936,527
2018-12-14 05:00:16.645,181219003032981,18121405,XBTUSD,Buy,82,3267,ZeroPlusTick,4ffe7ec3-4f3e-894d-8958-784bed31f59f,851018,528
2018-12-14 05:00:18.066,181219003032981,18121405,XBTUSD,Buy,1520,3267,ZeroPlusTick,46da35e6-3291-2b53-9347-7fced1b70151,852538,529
2018-12-14 05:00:18.431,181219003032981,18121405,XBTUSD,Buy,3500,3267,ZeroPlusTick,f6524d7a-e566-4c8e-59dc-2962124e16a3,856038,530
2018-12-14 05:00:19.437,181219003032981,18121405,XBTUSD,Sell,10000,3266.5,ZeroMinusTick,bee22608-2f06-47f9-f706-b732e3b8ad49,866038,531
2018-12-14 05:00:20.139,181219003032981,18121405,XBTUSD,Sell,30,3266.5,ZeroMinusTick,3dce277a-2957-d34e-75ab-734980aaa2fc,866068,532
2018-12-14 05:00:20.397,181219003032981,18121405,XBTUSD,Buy,14096,3267,ZeroPlusTick,34a2a5f5-a30b-3091-7d61-411742a8906b,880164,533
2018-12-14 05:00:21.466,181219003032981,18121405,XBTUSD,Sell,112095,3266.5,ZeroMinusTick,01b26842-412a-2d1e-342b-ebd5dbc368fe,992259,534
2018-12-14 05:00:21.466,181219003032981,18121405,XBTUSD,Sell,28,3266.5,ZeroMinusTick,c9624a0d-da16-fe58-42db-ad67e6962808,992287,535
2018-12-14 05:00:21.466,181219003032981,18121405,XBTUSD,Sell,900,3266.5,ZeroMinusTick,5ee067ad-83e4-6e46-8f78-ef247305c2bd,993187,536
2018-12-14 05:00:21.466,181219003032981,18121405,XBTUSD,Sell,30,3266.5,ZeroMinusTick,f47be0e6-3d7e-20d2-1b43-5cb11c7d44f5,993217,537
2018-12-14 05:00:21.466,181219003032981,18121405,XBTUSD,Sell,50,3266,ZeroMinusTick,1d4a4ae8-7d5c-e337-6b29-241fd74c4b25,993267,538
2018-12-14 05:00:21.595,181219003032981,18121405,XBTUSD,Sell,163,3265.5,ZeroMinusTick,ee216772-a1ba-d266-a161-ab8c92bb231c,993430,539
2018-12-14 05:00:25.566,181219003032981,18121405,XBTUSD,Sell,8163,3265.5,ZeroMinusTick,a1dca71d-793b-e298-69e8-6ce52567892f,1001593,540
2018-12-14 05:00:27.423,181219003032981,18121405,XBTUSD,Buy,4000,3266,PlusTick,7edc7520-5661-279f-6f2b-4e496c07c54a,1005593,541
2018-12-14 05:00:27.604,181219003032981,18121405,XBTUSD,Buy,18000,3266,ZeroPlusTick,8852795d-af1b-50bb-5b97-8a080a36448a,1023593,542
2018-12-14 05:00:27.849,181219003032981,18121405,XBTUSD,Buy,500,3266,ZeroPlusTick,1686b9de-271b-70eb-044b-930eb5901b2f,1024093,543
2018-12-14 05:00:51.897,181219003032981,18121405,XBTUSD,Sell,1000,3265.5,ZeroMinusTick,3d5d830a-00e1-7b79-9b69-61093ca050ad,1025093,544
2018-12-14 05:00:51.897,181219003032981,18121405,XBTUSD,Sell,17,3265.5,ZeroMinusTick,fb656f5e-0893-01b7-823e-aed4023d9982,1025110,545
2018-12-14 05:00:52.785,181219003032981,18121405,XBTUSD,Sell,33,3265.5,ZeroMinusTick,58f7cbdd-1988-6a38-bfa1-974011ebc28d,1025143,546
2018-12-14 05:00:53.149,181219003032981,18121405,XBTUSD,Sell,30,3265,ZeroMinusTick,ebbd85df-30ca-24a5-2983-da79586a92f7,1025173,547
2018-12-14 05:00:54.771,181219003032981,18121405,XBTUSD,Sell,37,3265,ZeroMinusTick,ed7d8d13-e640-7f58-764e-1ec7b3da39bd,1025210,548
2018-12-14 05:00:54.771,181219003032981,18121405,XBTUSD,Sell,12,3264.5,ZeroMinusTick,b981d310-ea2c-53bd-c128-8860a68e9482,1025222,549
2018-12-14 05:00:54.771,181219003032981,18121405,XBTUSD,Sell,24,3264.5,ZeroMinusTick,e67e90b1-14bf-a3f2-1a51-04999ba8838b,1025246,550
2018-12-14 05:00:54.771,181219003032982,18121405,XBTUSD,Sell,10,3264.5,ZeroMinusTick,adc4e021-7a03-783e-25a8-543284aab107,1025256,551
2018-12-14 05:00:54.771,181219003032982,18121405,XBTUSD,Sell,163,3264.5,ZeroMinusTick,e403cc52-c29c-3d44-b109-ba7b5e98c885,1025419,552
2018-12-14 05:00:54.771,181219003032982,18121405,XBTUSD,Sell,50,3263.5,ZeroMinusTick,56752fb2-c070-05b3-3adc-90a117cd0ca9,1025469,553
2018-12-14 05:00:54.771,181219003032982,18121405,XBTUSD,Sell,37,3263.5,ZeroMinusTick,84d8c8ea-fac6-261d-97c5-07d9d63f5004,1025506,554
2018-12-14 05:00:54.771,181219003032982,18121405,XBTUSD,Sell,65,3263,ZeroMinusTick,8193223e-709f-3ab5-839b-d617ba96018d,1025571,555
2018-12-14 05:00:54.771,181219003032982,18121405,XBTUSD,Sell,50,3262.5,ZeroMinusTick,6a426056-0fc7-4ef1-ed60-b709bc4e2e74,1025621,556
2018-12-14 05:00:55.509,181219003032982,18121405,XBTUSD,Buy,16314,3263,PlusTick,0ac13acd-6534-7634-9532-2b58f49a3b77,1041935,557
2018-12-14 05:00:55.682,181219003032982,18121405,XBTUSD,Buy,1000,3263,ZeroPlusTick,498d6275-8845-8484-4e11-5bdc79cf13dc,1042935,558
2018-12-14 05:00:59.150,181219003032982,18121405,XBTUSD,Buy,712,3263,ZeroPlusTick,24c2d929-94c4-91a6-921b-14f99ebf29c7,1043647,559
2018-12-14 05:00:59.745,181219003032982,18121405,XBTUSD,Buy,500,3263,ZeroPlusTick,652a1699-2323-f28c-9598-9d453676e72c,1044147,560
2018-12-14 05:01:09.708,181219003032982,18121405,XBTUSD,Sell,326,3262.5,ZeroMinusTick,e578bfd7-0183-ac78-8457-40b83b9552d6,1044473,561
2018-12-14 05:01:10.195,181219003032982,18121405,XBTUSD,Buy,1,3263,PlusTick,6121f995-af10-a4b2-db19-ddd905fb6a10,1044474,562
2018-12-14 05:01:23.854,181219003032982,18121405,XBTUSD,Buy,1780,3263,ZeroPlusTick,10765d8b-a261-d499-0def-91a6e05c3f38,1046254,563
2018-12-14 05:00:18.066,181219003032982,18121405,XBTUSD,Buy,1588,3267,ZeroPlusTick,f8aae53d-fc6f-9f60-b515-213452650a28,1047842,564
2018-12-14 05:00:18.491,181219003032982,18121405,XBTUSD,Buy,1091,3267,ZeroPlusTick,72b0bde6-096a-954d-46c9-4624ff267a6c,1048933,565
2018-12-14 05:00:19.437,181219003032982,18121405,XBTUSD,Sell,62,3266.5,ZeroMinusTick,d9da91a4-97ec-0839-4b75-1d416b6a1125,1048995,566
2018-12-14 05:00:20.139,181219003032982,18121405,XBTUSD,Sell,6905,3266.5,ZeroMinusTick,1777e0e7-04b0-62a9-f539-ff1be84a244b,1055900,567
2018-12-14 05:00:20.614,181219003032982,18121405,XBTUSD,Sell,1000,3266.5,MinusTick,0edc96d9-50a3-d6fa-7025-83bcdb7f3a8f,1056900,568
2018-12-14 05:00:21.466,181219003032982,18121405,XBTUSD,Sell,9,3266.5,ZeroMinusTick,cd69a430-0655-80b9-ef52-f0300a5c147b,1056909,569
2018-12-14 05:00:21.466,181219003032982,18121405,XBTUSD,Sell,70,3266.5,ZeroMinusTick,0b039375-6e24-824c-3677-a5c3e10ed539,1056979,570
2018-12-14 05:00:21.466,181219003032982,18121405,XBTUSD,Sell,5000,3266.5,ZeroMinusTick,10684c7c-7f10-4ecb-45fe-1b891758c2de,1061979,571
2018-12-14 05:00:21.466,181219003032982,18121405,XBTUSD,Sell,5,3266,ZeroMinusTick,cd0d353f-4c9a-3332-8a03-936a81019c82,1061984,572
2018-12-14 05:00:21.466,181219003032982,18121405,XBTUSD,Sell,34,3266,ZeroMinusTick,a1e78f31-8a96-d64e-be06-bbd1b9382b62,1062018,573
2018-12-14 05:00:21.595,181219003032982,18121405,XBTUSD,Sell,163,3265.5,ZeroMinusTick,ee8c9982-dc5e-1e20-75f3-fa559d2ca8f5,1062181,574
2018-12-14 05:00:25.347,181219003032982,18121405,XBTUSD,Buy,5000,3266,PlusTick,a9346af6-b8c1-14d9-f6e7-34d414f6c8c3,1067181,575
2018-12-14 05:00:26.505,181219003032982,18121405,XBTUSD,Sell,393,3265.5,MinusTick,6b11ace9-9fd8-9ab7-7830-fa71ff301cc7,1067574,576
2018-12-14 05:00:26.995,181219003032982,18121405,XBTUSD,Sell,1,3265.5,ZeroMinusTick,6454eda3-afbf-eb06-ddd7-dc62b5172350,1067575,577
2018-12-14 05:00:29.349,181219003032982,18121405,XBTUSD,Buy,5989,3266,ZeroPlusTick,c23d8cc3-1861-16fb-76f8-54ca8a0317ca,1073564,578
2018-12-14 05:00:31.508,181219003032982,18121405,XBTUSD,Buy,50,3266,PlusTick,83917adb-b95e-9ce0-c757-ca5b34f28ec4,1073614,579
2018-12-14 05:00:31.621,181219003032982,18121405,XBTUSD,Buy,1,3266,ZeroPlusTick,c44ce1c0-e6c8-73ef-f5c0-f852bd81cb0e,1073615,580
2018-12-14 05:00:31.775,181219003032982,18121405,XBTUSD,Sell,4000,3265.5,MinusTick,def60955-820a-f171-6e18-d17b43b9ff98,1077615,581
2018-12-14 05:00:31.866,181219003032982,18121405,XBTUSD,Buy,5000,3266,PlusTick,c3fd7b8a-40d2-4569-b279-6b4b5fed455a,1082615,582
2018-12-14 05:00:51.897,181219003032982,18121405,XBTUSD,Sell,13030,3265.5,MinusTick,08b6e32f-941f-7db4-3f88-48725cd658c5,1095645,583
2018-12-14 05:00:51.897,181219003032982,18121405,XBTUSD,Sell,500,3265.5,ZeroMinusTick,b4aa73de-289f-6f15-62db-03b856865235,1096145,584
2018-12-14 05:00:53.149,181219003032982,18121405,XBTUSD,Sell,100,3265,ZeroMinusTick,597f750a-5649-6039-da91-468e444413db,1096245,585
2018-12-14 05:00:54.771,181219003032982,18121405,XBTUSD,Sell,1000,3265,ZeroMinusTick,ed34db36-8c85-0310-4912-2d607ed17dcb,1097245,586
2018-12-14 05:00:54.771,181219003032982,18121405,XBTUSD,Sell,9,3264.5,ZeroMinusTick,8948d651-d362-372e-dca7-b912e4b7f3d7,1097254,587
2018-12-14 05:00:54.771,181219003032982,18121405,XBTUSD,Sell,50,3264.5,ZeroMinusTick,23bfc808-1f59-463a-2f88-aa4b2a8199c9,1097304,588
2018-12-14 05:00:54.771,181219003032982,18121405,XBTUSD,Sell,16,3264.5,ZeroMinusTick,7e861ba5-d6ad-3d70-d0fb-28b6bec0b875,1097320,589
2018-12-14 05:00:54.771,181219003032982,18121405,XBTUSD,Sell,25,3264.5,ZeroMinusTick,937d40fc-ea8f-7203-9d17-0e189776b0bf,1097345,590
2018-12-14 05:00:54.771,181219003032982,18121405,XBTUSD,Sell,50,3264,ZeroMinusTick,6342c32c-5d12-890f-4c3d-7188cbf41c8f,1097395,591
2018-12-14 05:00:54.771,181219003032982,18121405,XBTUSD,Sell,100,3263.5,ZeroMinusTick,e1f0b989-95f5-6705-b8be-f074f32c7cf9,1097495,592
2018-12-14 05:00:54.771,181219003032982,18121405,XBTUSD,Sell,25,3263.5,ZeroMinusTick,37a9ea24-2af1-d845-9907-6b3a0d78494d,1097520,593
2018-12-14 05:00:54.771,181219003032982,18121405,XBTUSD,Sell,9,3263,ZeroMinusTick,b2a15b68-fb77-8502-d94c-6b13c47a4f28,1097529,594
2018-12-14 05:00:54.771,181219003032982,18121405,XBTUSD,Sell,53,3262.5,ZeroMinusTick,8bafa009-8819-005a-b75a-6eef336ae246,1097582,595
2018-12-14 05:00:55.224,181219003032982,18121405,XBTUSD,Sell,250,3262.5,ZeroMinusTick,54b175e1-5c7a-dfc4-7495-a5aedb8dbbe0,1097832,596
2018-12-14 05:00:55.537,181219003032982,18121405,XBTUSD,Sell,325,3262.5,MinusTick,023fc0d1-8943-fe0b-1ea2-8041ecef44e4,1098157,597
2018-12-14 05:01:13.258,181219003032982,18121405,XBTUSD,Sell,50,3262.5,MinusTick,8a714d90-1252-f58d-cfb0-e35a3af12f47,1098207,598
2018-12-14 05:01:13.436,181219003032982,18121405,XBTUSD,Buy,2615,3263,PlusTick,5cb2fca5-4e1e-6c47-5dfd-ee6862a3e811,1100822,599
2018-12-14 05:01:32.372,181219003032982,18121405,XBTUSD,Sell,20,3262.5,MinusTick,7f06c195-5cf3-7232-8836-3c25577d1122,1100842,600
2018-12-14 05:01:36.591,181219003032982,18121405,XBTUSD,Sell,20,3262.5,ZeroMinusTick,dfeef206-8fcb-bf0f-4bf8-42e95851f3d4,1100862,601
2018-12-14 05:00:20.139,181219003032982,18121405,XBTUSD,Sell,5000,3266.5,ZeroMinusTick,414d9c1d-6bec-9865-a738-0c3c1f9f3b9a,1105862,602
2018-12-14 05:00:20.397,181219003032982,18121405,XBTUSD,Buy,1000,3267,ZeroPlusTick,d0f75ef3-4954-e40f-e090-cd4d269d0c42,1106862,603
2018-12-14 05:00:21.466,181219003032982,18121405,XBTUSD,Sell,1300,3266.5,ZeroMinusTick,a874a5d0-156c-c566-9aa4-7f6ccfa9102a,1108162,604
2018-12-14 05:00:21.466,181219003032982,18121405,XBTUSD,Sell,30,3266.5,ZeroMinusTick,1848e412-f240-1e04-6d8b-f69ae67138f1,1108192,605
2018-12-14 05:00:21.466,181219003032982,18121405,XBTUSD,Sell,9,3266.5,ZeroMinusTick,548071b1-0c4e-cfc2-ffce-ffba1f7f7b90,1108201,606
2018-12-14 05:00:21.466,181219003032982,18121405,XBTUSD,Sell,5000,3266.5,ZeroMinusTick,9e04c273-90e9-1fd9-445e-03bf664db582,1113201,607
2018-12-14 05:00:21.466,181219003032982,18121405,XBTUSD,Sell,30,3266,ZeroMinusTick,2e3f2140-4779-5037-8a61-fdd36f58f861,1113231,608
2018-12-14 05:00:21.584,181219003032982,18121405,XBTUSD,Sell,1,3265.5,MinusTick,42835e62-b139-12ad-5d91-df53e8ea1838,1113232,609
2018-12-14 05:00:21.595,181219003032982,18121405,XBTUSD,Sell,34,3265.5,ZeroMinusTick,e41fa9e8-3d65-657f-d259-ab936e990009,1113266,610
2018-12-14 05:00:22.270,181219003032982,18121405,XBTUSD,Sell,35,3265.5,MinusTick,3a907c31-230b-1e31-8d34-38211ffdad3b,1113301,611
2018-12-14 05:00:24.210,181219003032982,18121405,XBTUSD,Sell,140,3265.5,ZeroMinusTick,65735450-2bbe-bf84-214f-a70f8bf461a6,1113441,612
2018-12-14 05:00:24.878,181219003032982,18121405,XBTUSD,Sell,1300,3265.5,ZeroMinusTick,ee044434-b2a9-6f2a-fab4-03f5bb182a46,1114741,613
2018-12-14 05:00:29.250,181219003032982,18121405,XBTUSD,Sell,500,3265.5,ZeroMinusTick,c38bc59b-ab1e-05c3-d37d-eb245c0c66c2,1115241,614
2018-12-14 05:00:33.517,181219003032982,18121405,XBTUSD,Buy,2484,3266,PlusTick,f2254a31-bb31-040a-dcb6-7277685a6823,1117725,615
2018-12-14 05:00:38.286,181219003032982,18121405,XBTUSD,Sell,2223,3265.5,ZeroMinusTick,0c23e06c-b245-35d3-407d-27ae24b723d5,1119948,616
2018-12-14 05:00:38.835,181219003032982,18121405,XBTUSD,Sell,3500,3265.5,ZeroMinusTick,8a37e54a-465a-35cd-2169-fc241bf91e5f,1123448,617
2018-12-14 05:00:51.897,181219003032982,18121405,XBTUSD,Sell,37000,3265.5,ZeroMinusTick,654b29ce-5b68-d324-2593-d73e3936f5ca,1160448,618
2018-12-14 05:00:51.897,181219003032983,18121405,XBTUSD,Sell,100,3265.5,ZeroMinusTick,caa41770-f5c3-2a00-d267-75f072131470,1160548,619
2018-12-14 05:00:52.611,181219003032983,18121405,XBTUSD,Sell,2500,3265.5,ZeroMinusTick,469bec4b-e0ac-a61d-a570-eab30b81b37b,1163048,620
2018-12-14 05:00:52.785,181219003032983,18121405,XBTUSD,Sell,724,3265.5,ZeroMinusTick,37a2ea82-25ed-7455-1d66-6d963218e932,1163772,621
2018-12-14 05:00:53.149,181219003032983,18121405,XBTUSD,Sell,30,3265,ZeroMinusTick,866f9eef-159b-75b3-3153-28f2e88fa337,1163802,622
2018-12-14 05:00:54.771,181219003032983,18121405,XBTUSD,Sell,9,3265,ZeroMinusTick,65f085fc-19f7-56d5-d64f-b86ebebad061,1163811,623
2018-12-14 05:00:54.771,181219003032983,18121405,XBTUSD,Sell,11,3264.5,ZeroMinusTick,5afd3a4d-a1fa-9bc6-e59d-23d1663a63e7,1163822,624
2018-12-14 05:00:54.771,181219003032983,18121405,XBTUSD,Sell,9,3264.5,ZeroMinusTick,87fe6fea-a997-3f09-b8e0-16bf27b33dc5,1163831,625
2018-12-14 05:00:54.771,181219003032983,18121405,XBTUSD,Sell,50,3264.5,ZeroMinusTick,8974392f-c015-c9b0-026c-14ad9952eda0,1163881,626
2018-12-14 05:00:54.771,181219003032983,18121405,XBTUSD,Sell,100,3264.5,ZeroMinusTick,ac5fc1ac-520e-4ad7-e7ff-cd4e1e26871b,1163981,627
2018-12-14 05:00:54.771,181219003032983,18121405,XBTUSD,Sell,30,3264,ZeroMinusTick,451273bf-ccd6-e586-c4ec-ec8f3ed0e413,1164011,628
2018-12-14 05:00:54.771,181219003032983,18121405,XBTUSD,Sell,101,3263.5,ZeroMinusTick,52b2d255-f831-dedf-7a9e-77e2d9ef1751,1164112,629
2018-12-14 05:00:54.771,181219003032983,18121405,XBTUSD,Sell,37,3263.5,ZeroMinusTick,2614e5e3-d9d0-8574-589f-1b1bdc14ce8f,1164149,630
2018-12-14 05:00:54.771,181219003032983,18121405,XBTUSD,Sell,14,3263,ZeroMinusTick,5b0a5b03-2840-10a7-58ff-74871eedd12c,1164163,631
2018-12-14 05:00:54.771,181219003032983,18121405,XBTUSD,Sell,1,3262.5,ZeroMinusTick,da3ac2b9-4b1d-8e78-9ab9-07bb2b24e0e9,1164164,632
2018-12-14 05:00:55.537,181219003032983,18121405,XBTUSD,Sell,475,3262.5,ZeroMinusTick,46aed604-c5db-8adc-6dbb-54176c9cdc4d,1164639,633
2018-12-14 05:01:06.412,181219003032983,18121405,XBTUSD,Sell,40000,3262.5,ZeroMinusTick,a4b65879-ef2b-b595-da46-b07b31cca30f,1204639,634
2018-12-14 05:01:12.428,181219003032983,18121405,XBTUSD,Sell,20,3262.5,MinusTick,6bfb517b-a518-564e-9e16-d6c6254cf619,1204659,635
2018-12-14 05:01:16.243,181219003032983,18121405,XBTUSD,Buy,500,3263,ZeroPlusTick,86f66bd7-9ee2-9ab3-1549-aec3ced2ae87,1205159,636
2018-12-14 05:01:16.991,181219003032983,18121405,XBTUSD,Sell,33,3262.5,MinusTick,6528c639-9172-dd3d-687e-3cd0f70f814b,1205192,637
2018-12-14 05:01:17.787,181219003032983,18121405,XBTUSD,Sell,300,3262.5,ZeroMinusTick,e98359fb-622b-6e9d-db7e-e7ff5a928d3e,1205492,638
2018-12-14 05:01:17.921,181219003032983,18121405,XBTUSD,Buy,500,3263,PlusTick,7c9ec87c-ba80-63bc-a741-fe3a8b51737c,1205992,639
2018-12-14 05:01:24.124,181219003032983,18121405,XBTUSD,Sell,20,3262.5,ZeroMinusTick,788a0ffd-1121-9890-5821-185d95846900,1206012,640
2018-12-14 05:01:26.313,181219003032983,18121405,XBTUSD,Sell,205,3262.5,ZeroMinusTick,44d057ca-88db-74f1-b303-b7ba3c56430d,1206217,641
2018-12-14 05:01:36.597,181219003032983,18121405,XBTUSD,Buy,618,3263,PlusTick,8dc4f689-7d21-3f12-0cdb-aa39f2c40551,1206835,642
2018-12-14 05:00:20.139,181219003032983,18121405,XBTUSD,Sell,3900,3266.5,ZeroMinusTick,6f63b0a8-ee8d-bd48-af89-ad84ab07fde3,1210735,643
2018-12-14 05:00:20.397,181219003032983,18121405,XBTUSD,Buy,40,3267,ZeroPlusTick,97bdfe7f-309a-33ef-1283-1e14f90b3da7,1210775,644
2018-12-14 05:00:21.466,181219003032983,18121405,XBTUSD,Sell,79,3266.5,ZeroMinusTick,e5d7c47d-3344-1eed-3c7d-3f687b9d99b7,1210854,645
2018-12-14 05:00:21.466,181219003032983,18121405,XBTUSD,Sell,22,3266.5,ZeroMinusTick,2ba261c7-b88e-dbde-0a16-4b0853c67a14,1210876,646
2018-12-14 05:00:21.466,181219003032983,18121405,XBTUSD,Sell,950,3266.5,ZeroMinusTick,8a6cefdb-0aca-87f6-effc-6f892d9c9859,1211826,647
2018-12-14 05:00:21.466,181219003032983,18121405,XBTUSD,Sell,5000,3266.5,ZeroMinusTick,c42dfdd7-82fa-8030-31e1-575e1d0a0bbd,1216826,648
2018-12-14 05:00:21.466,181219003032983,18121405,XBTUSD,Sell,16,3266,ZeroMinusTick,7a174d26-6aca-d93c-9243-9c1a38414fcc,1216842,649
2018-12-14 05:00:21.595,181219003032983,18121405,XBTUSD,Sell,94,3265.5,ZeroMinusTick,6fe3ed6e-e584-4150-0764-3cb9b050e1e6,1216936,650
2018-12-14 05:00:21.615,181219003032983,18121405,XBTUSD,Buy,3910,3265.5,ZeroMinusTick,951ae9c2-a144-f70f-9d7f-42eae9e1133e,1220846,651
2018-12-14 05:00:22.270,181219003032983,18121405,XBTUSD,Sell,121,3265.5,ZeroMinusTick,1ea2b2dc-e522-abc6-17b2-a128c5fa1baa,1220967,652
2018-12-14 05:00:23.756,181219003032983,18121405,XBTUSD,Buy,14,3266,PlusTick,f0dc851d-cbe9-0218-1ece-790996dd2c00,1220981,653
2018-12-14 05:00:24.106,181219003032983,18121405,XBTUSD,Sell,427,3265.5,ZeroMinusTick,f9a218f3-8a07-dd60-e343-c693024bda32,1221408,654
2018-12-14 05:00:33.093,181219003032983,18121405,XBTUSD,Sell,128,3265.5,MinusTick,16406d03-2146-26e8-ea01-849963a818ba,1221536,655
2018-12-14 05:00:40.562,181219003032983,18121405,XBTUSD,Sell,12537,3265.5,ZeroMinusTick,12b7e4fa-825b-e935-e856-18baa2b141f2,1234073,656
2018-12-14 05:00:43.353,181219003032983,18121405,XBTUSD,Sell,825,3265.5,ZeroMinusTick,e345a5e4-4df7-96a3-4169-80f93ceec7b1,1234898,657
2018-12-14 05:00:43.935,181219003032983,18121405,XBTUSD,Sell,1,3265.5,ZeroMinusTick,19870016-6727-ce57-4b9f-e7ef42544687,1234899,658
2018-12-14 05:00:51.897,181219003032983,18121405,XBTUSD,Sell,205,3265.5,ZeroMinusTick,2b4a8fb1-502a-f9b2-5f2d-4adc4f334f5f,1235104,659
2018-12-14 05:00:51.897,181219003032983,18121405,XBTUSD,Sell,13280,3265.5,ZeroMinusTick,21bb6f66-35a5-9b91-f551-5b22f0c77699,1248384,660
2018-12-14 05:00:53.149,181219003032983,18121405,XBTUSD,Sell,490,3265,ZeroMinusTick,4f150cdb-7055-8013-da58-117b9777f914,1248874,661
2018-12-14 05:00:54.771,181219003032983,18121405,XBTUSD,Sell,163,3265,ZeroMinusTick,e6fef01a-b1ae-4680-5243-e80b9ba584aa,1249037,662
2018-12-14 05:00:54.771,181219003032983,18121405,XBTUSD,Sell,13,3264.5,ZeroMinusTick,aa112e01-3625-d361-ba69-35d058f0eb6c,1249050,663
2018-12-14 05:00:54.771,181219003032983,18121405,XBTUSD,Sell,9,3264.5,ZeroMinusTick,23665508-f5a4-3567-9da6-70295e2c2839,1249059,664
2018-12-14 05:00:54.771,181219003032983,18121405,XBTUSD,Sell,50,3264.5,ZeroMinusTick,4e182035-1f2e-b9f0-5dea-d8e9bab762f1,1249109,665
2018-12-14 05:00:54.771,181219003032983,18121405,XBTUSD,Sell,7000,3264.5,ZeroMinusTick,6af561ad-69d0-c00a-371a-8eca6e744efa,1256109,666
2018-12-14 05:00:54.771,181219003032983,18121405,XBTUSD,Sell,79,3264,ZeroMinusTick,c9199650-fa38-d1b3-3531-2e7e36ee4d06,1256188,667
2018-12-14 05:00:54.771,181219003032983,18121405,XBTUSD,Sell,30,3263.5,MinusTick,b7027c6c-2002-f148-bf6a-0bb84596a8d5,1256218,668
2018-12-14 05:00:54.771,181219003032983,18121405,XBTUSD,Sell,295,3263.5,ZeroMinusTick,84b99442-a822-a09c-74f7-2e63c41538e6,1256513,669
2018-12-14 05:00:54.771,181219003032983,18121405,XBTUSD,Sell,100,3263,ZeroMinusTick,e8fdef9e-1cd1-48b9-7c46-2fd82f28cb83,1256613,670
2018-12-14 05:00:54.771,181219003032983,18121405,XBTUSD,Sell,5000,3262.5,MinusTick,96b70fba-bd67-9bd6-7c4b-879e3e9b6e6e,1261613,671
2018-12-14 05:00:54.771,181219003032983,18121405,XBTUSD,Sell,202,3262.5,ZeroMinusTick,e38c6e01-6345-98d6-a2e7-2685aec1a375,1261815,672
2018-12-14 05:00:55.682,181219003032983,18121405,XBTUSD,Buy,1000,3263,ZeroPlusTick,c673b9c0-2964-14a1-9ca2-ebbd42944070,1262815,673
2018-12-14 05:00:56.829,181219003032983,18121405,XBTUSD,Sell,40,3262.5,ZeroMinusTick,c08a0854-bddc-9312-2bcf-b27d10bc7cb8,1262855,674
2018-12-14 05:00:57.008,181219003032983,18121405,XBTUSD,Buy,1000,3263,PlusTick,df0de148-bd63-9bf4-dfdc-afac141bc2cd,1263855,675
2018-12-14 05:01:09.708,181219003032983,18121405,XBTUSD,Sell,2905,3262.5,ZeroMinusTick,ac481bef-9ef2-fa9d-5519-6bf2336b00f7,1266760,676
2018-12-14 05:01:12.513,181219003032983,18121405,XBTUSD,Sell,50,3262.5,ZeroMinusTick,9af01d1a-dc7f-6914-d55e-cc7dae032f64,1266810,677
2018-12-14 05:01:22.814,181219003032984,18121405,XBTUSD,Sell,750,3262.5,ZeroMinusTick,a3e39aa3-72cd-e3d8-259e-6401fdc15d4c,1267560,678
2018-12-14 05:01:23.854,181219003032984,18121405,XBTUSD,Buy,4215,3263,PlusTick,7646f9be-7f5b-306b-0a65-6a624168f139,1271775,679
2018-12-14 05:01:26.313,181219003032984,18121405,XBTUSD,Sell,5000,3262.5,ZeroMinusTick,edb6cad4-3bf9-3201-ad36-8b1584a8b006,1276775,680
2018-12-14 05:01:40.197,181219003032984,18121405,XBTUSD,Sell,20,3262.5,ZeroMinusTick,80b864c5-5cc2-864d-6c17-4f9b220f224f,1276795,681
2018-12-14 05:01:41.034,181219003032984,18121405,XBTUSD,Sell,900,3262.5,ZeroMinusTick,4bbaccd9-b3e7-291d-1a8d-ad80c3736827,1277695,682
2018-12-14 05:01:42.896,181219003032984,18121405,XBTUSD,Sell,20,3262.5,ZeroMinusTick,84e0e9e9-797a-4159-7a99-9cafc37355f9,1277715,683
2018-12-14 05:01:44.344,181219003032984,18121405,XBTUSD,Sell,300,3262.5,MinusTick,8aa0b1aa-990f-33b7-e8e1-3434c80cac10,1278015,684
2018-12-14 05:01:44.407,181219003032984,18121405,XBTUSD,Buy,10,3263,PlusTick,300af7ee-626b-686e-6c5d-754f3ed745a5,1278025,685
2018-12-14 05:00:21.466,181219003032984,18121405,XBTUSD,Sell,23,3266.5,ZeroMinusTick,e795cfd6-771b-54d0-5c48-a02b4bcc255a,1278048,686
2018-12-14 05:00:21.466,181219003032984,18121405,XBTUSD,Sell,70000,3266.5,ZeroMinusTick,aa29c1f8-3388-f4c5-618d-66fdb8d980be,1348048,687
2018-12-14 05:00:21.466,181219003032984,18121405,XBTUSD,Sell,2000,3266.5,ZeroMinusTick,17bb891b-2f01-cbbe-136c-cb8043f8e36e,1350048,688
2018-12-14 05:00:21.466,181219003032984,18121405,XBTUSD,Sell,30,3266,ZeroMinusTick,6abf6c82-14e9-c7bd-d282-3110a48d279f,1350078,689
2018-12-14 05:00:21.553,181219003032984,18121405,XBTUSD,Buy,477,3266,ZeroMinusTick,ce92a17e-f44f-6fc8-92dc-f5ec95ef8d71,1350555,690
2018-12-14 05:00:21.595,181219003032984,18121405,XBTUSD,Sell,150,3265.5,ZeroMinusTick,59b33b9e-4a88-a031-6204-e2b30f50b003,1350705,691
2018-12-14 05:00:24.882,181219003032984,18121405,XBTUSD,Sell,2690,3265.5,ZeroMinusTick,d5c2d5ca-da34-e184-a355-b4827463c926,1353395,692
2018-12-14 05:00:37.269,181219003032984,18121405,XBTUSD,Sell,1900,3265.5,ZeroMinusTick,74e8e13b-3e71-cd8c-3897-dc319ab0a982,1355295,693
2018-12-14 05:00:40.562,181219003032984,18121405,XBTUSD,Sell,9036,3265.5,ZeroMinusTick,3c730d84-53ae-3eea-964b-eb3dc1d28619,1364331,694
2018-12-14 05:00:47.870,181219003032984,18121405,XBTUSD,Sell,1000,3265.5,ZeroMinusTick,ff806dac-ed20-c269-7e3b-d6e16b146e3c,1365331,695
2018-12-14 05:00:47.927,181219003032984,18121405,XBTUSD,Sell,100000,3265.5,ZeroMinusTick,e7d8bb32-3012-571d-930a-4d15ef84221d,1465331,696
2018-12-14 05:00:49.128,181219003032984,18121405,XBTUSD,Sell,30,3265.5,ZeroMinusTick,5dd27451-cd65-51f6-d717-2bc526599599,1465361,697
2018-12-14 05:00:51.897,181219003032984,18121405,XBTUSD,Sell,800,3265.5,ZeroMinusTick,c1971a1b-525e-6e1f-4e0f-68d348366247,1466161,698
2018-12-14 05:00:51.897,181219003032984,18121405,XBTUSD,Sell,16776,3265.5,ZeroMinusTick,cbadba18-31e2-f60d-0b45-d92790d3e16f,1482937,699
2018-12-14 05:00:53.188,181219003032984,18121405,XBTUSD,Sell,5000,3265,ZeroMinusTick,d2521fbf-338f-ff4e-afc8-674204b8cf58,1487937,700
2018-12-14 05:00:53.547,181219003032984,18121405,XBTUSD,Sell,163,3265,ZeroMinusTick,7b0dfb04-6dd9-c659-c3c3-0535a7bab1c1,1488100,701
2018-12-14 05:00:54.771,181219003032984,18121405,XBTUSD,Sell,9,3265,ZeroMinusTick,54e891c7-eec4-b9b9-2fde-74adc67e58cd,1488109,702
2018-12-14 05:00:54.771,181219003032984,18121405,XBTUSD,Sell,77,3264.5,ZeroMinusTick,1d19c52c-38fe-5380-65c8-4c6b62838f0a,1488186,703
2018-12-14 05:00:54.771,181219003032984,18121405,XBTUSD,Sell,16,3264.5,ZeroMinusTick,0b7b170f-67b3-8d80-fb5b-5812b6919c4e,1488202,704
2018-12-14 05:00:54.771,181219003032984,18121405,XBTUSD,Sell,15,3264.5,ZeroMinusTick,f55cb2f8-c011-5424-8825-beb260ef6c44,1488217,705
2018-12-14 05:00:54.771,181219003032984,18121405,XBTUSD,Sell,11,3264.5,ZeroMinusTick,ec7a77ec-a005-cf1d-c3a3-4b2f7b8094a6,1488228,706
2018-12-14 05:00:54.771,181219003032984,18121405,XBTUSD,Sell,28,3264,ZeroMinusTick,8b8935ec-9440-06cf-07cc-b4ceecbd9c7c,1488256,707
2018-12-14 05:00:54.771,181219003032984,18121405,XBTUSD,Sell,37,3264,ZeroMinusTick,c55ac595-8042-ae7e-eee0-da29a370e011,1488293,708
2018-12-14 05:00:54.771,181219003032984,18121405,XBTUSD,Sell,9,3263.5,ZeroMinusTick,3f5f8644-010d-cebc-7970-2577623fae18,1488302,709
2018-12-14 05:00:54.771,181219003032984,18121405,XBTUSD,Sell,10,3263,ZeroMinusTick,e12f68e5-87b0-33e4-5621-53ca5c1fc52c,1488312,710
2018-12-14 05:00:54.771,181219003032984,18121405,XBTUSD,Sell,37,3263,ZeroMinusTick,e9e0283e-fc0d-f5ff-8684-8ceeb711ce27,1488349,711
2018-12-14 05:00:54.771,181219003032984,18121405,XBTUSD,Sell,20000,3262.5,ZeroMinusTick,9ae22dd1-2b32-fd7e-adad-c4dbd7a106ab,1508349,712
2018-12-14 05:00:58.641,181219003032984,18121405,XBTUSD,Sell,1000,3262.5,MinusTick,d0591ec3-8230-240f-4bcd-d5e3c2b6e74a,1509349,713
2018-12-14 05:01:08.476,181219003032984,18121405,XBTUSD,Sell,20,3262.5,ZeroMinusTick,5ded1a5c-57b3-466a-6116-aa2a92b5ad5b,1509369,714
2018-12-14 05:01:10.437,181219003032984,18121405,XBTUSD,Sell,30,3262.5,MinusTick,674474f6-44a6-d8a0-09a0-9e037aa68ab6,1509399,715
2018-12-14 05:01:13.436,181219003032984,18121405,XBTUSD,Buy,2385,3263,ZeroPlusTick,29bfb803-c42e-1d1f-c169-fe1428dfbb8d,1511784,716
2018-12-14 05:01:26.241,181219003032984,18121405,XBTUSD,Sell,20,3262.5,MinusTick,18995efd-6085-ed1b-0c18-225362f0b348,1511804,717
2018-12-14 05:01:26.313,181219003032984,18121405,XBTUSD,Sell,235,3262.5,ZeroMinusTick,9946eaf8-b2eb-fed9-0367-97d5ac43e705,1512039,718
2018-12-14 05:01:41.574,181219003032984,18121405,XBTUSD,Sell,2106,3262.5,ZeroMinusTick,14eb4814-3b0a-7de7-0195-b54d1fd9d231,1514145,719
2018-12-14 05:01:47.952,181219003032984,18121405,XBTUSD,Sell,2000,3262.5,MinusTick,f2af61f9-6168-1b02-a354-c0999b21f010,1516145,720
2018-12-14 05:01:53.853,181219003032984,18121405,XBTUSD,Buy,1060,3263,ZeroPlusTick,dc5fd997-f83f-25d7-d4e7-d563d17bba3b,1517205,721
2018-12-14 05:00:23.256,181219003032984,18121405,XBTUSD,Sell,500,3265.5,ZeroMinusTick,a96d7a3c-c79b-10c3-4e36-ad232977fe5f,1517705,722
2018-12-14 05:00:24.106,181219003032984,18121405,XBTUSD,Sell,573,3265.5,MinusTick,b2be64d3-0b68-0d4b-d0b9-948f930d0a4e,1518278,723
2018-12-14 05:00:25.717,181219003032985,18121405,XBTUSD,Sell,4982,3265.5,ZeroMinusTick,3bd3f2e5-e843-9ce1-84e2-b2cae6f346c2,1523260,724
2018-12-14 05:00:40.562,181219003032985,18121405,XBTUSD,Sell,3264,3265.5,ZeroMinusTick,f93c6186-4a27-a2b2-df93-3fb07a3a9b1e,1526524,725
2018-12-14 05:00:41.231,181219003032985,18121405,XBTUSD,Sell,384,3265.5,ZeroMinusTick,7584934d-0f69-998d-1113-834f2bb89b9c,1526908,726
2018-12-14 05:00:43.047,181219003032985,18121405,XBTUSD,Sell,50,3265.5,MinusTick,ac749504-93ae-32d0-fbdf-178762d0e0cd,1526958,727
2018-12-14 05:00:51.897,181219003032985,18121405,XBTUSD,Sell,500,3265.5,ZeroMinusTick,3ab0ef31-04fd-845d-a659-4fb75ead27d4,1527458,728
2018-12-14 05:00:51.897,181219003032985,18121405,XBTUSD,Sell,205,3265.5,ZeroMinusTick,245cd8bf-97a8-d16e-7e12-f16fae695cb8,1527663,729
2018-12-14 05:00:52.785,181219003032985,18121405,XBTUSD,Sell,35,3265.5,ZeroMinusTick,ac576c46-6574-04bf-a415-5dc038bbe5a1,1527698,730
2018-12-14 05:00:53.332,181219003032985,18121405,XBTUSD,Sell,30000,3265,MinusTick,8e4b0205-f8a5-df4b-40c2-4a9195612662,1557698,731
2018-12-14 05:00:53.547,181219003032985,18121405,XBTUSD,Sell,177,3265,ZeroMinusTick,26e08eb1-1d82-1a42-a0d4-d320bc55d54b,1557875,732
2018-12-14 05:00:54.771,181219003032985,18121405,XBTUSD,Sell,5323,3265,ZeroMinusTick,9dda22b9-015f-d97e-5b32-707f88b87e8c,1563198,733
2018-12-14 05:00:54.771,181219003032985,18121405,XBTUSD,Sell,100,3264.5,ZeroMinusTick,2d13fe52-6d8c-dd49-54b5-76cad1c81094,1563298,734
2018-12-14 05:00:54.771,181219003032985,18121405,XBTUSD,Sell,9,3264.5,ZeroMinusTick,d5d14b81-a0d0-e77d-a12b-aedc9de163aa,1563307,735
2018-12-14 05:00:54.771,181219003032985,18121405,XBTUSD,Sell,196,3264.5,ZeroMinusTick,1e18db34-5af9-d66d-bf8e-978a2c1ae405,1563503,736
2018-12-14 05:00:54.771,181219003032985,18121405,XBTUSD,Sell,10,3264.5,ZeroMinusTick,459b6b8f-0286-3251-4597-69be5e48de56,1563513,737
2018-12-14 05:00:54.771,181219003032985,18121405,XBTUSD,Sell,30,3264,MinusTick,9f87e72b-2fe8-dc4d-ef8d-00c875f4eb33,1563543,738
2018-12-14 05:00:54.771,181219003032985,18121405,XBTUSD,Sell,22,3264,ZeroMinusTick,6462340b-ab3b-d8da-7682-e94843190473,1563565,739
2018-12-14 05:00:54.771,181219003032985,18121405,XBTUSD,Sell,10,3263.5,ZeroMinusTick,6393ba8a-773b-ec0f-ab47-0e96c537b974,1563575,740
2018-12-14 05:00:54.771,181219003032985,18121405,XBTUSD,Sell,50,3263,ZeroMinusTick,a40c3cbf-86f2-8e7e-5871-1e341cbeb287,1563625,741
2018-12-14 05:00:54.771,181219003032985,18121405,XBTUSD,Sell,37,3263,ZeroMinusTick,a6c486c6-2401-841e-4369-21344037c002,1563662,742
2018-12-14 05:00:54.771,181219003032985,18121405,XBTUSD,Sell,2284,3262.5,ZeroMinusTick,4e026ebd-4c4a-4005-6200-1c9208ff72b0,1565946,743
2018-12-14 05:00:55.754,181219003032985,18121405,XBTUSD,Buy,326,3263,ZeroPlusTick,b4fcdf0c-3c46-e9ba-28a0-d3c0ca0ffa2f,1566272,744
2018-12-14 05:00:59.150,181219003032985,18121405,XBTUSD,Buy,2288,3263,PlusTick,c229cbb0-1722-6ebd-a8fc-d8f5dced73c0,1568560,745
2018-12-14 05:01:06.429,181219003032985,18121405,XBTUSD,Sell,3500,3262.5,ZeroMinusTick,41937657-0bef-62a7-e1dd-88f8f71d33ce,1572060,746
2018-12-14 05:01:25.241,181219003032985,18121405,XBTUSD,Sell,200,3262.5,ZeroMinusTick,d78f413b-25e6-72ef-1131-2e77863af048,1572260,747
2018-12-14 05:01:25.943,181219003032985,18121405,XBTUSD,Buy,1,3263,PlusTick,f12cb26b-2d24-e1b7-68a8-09386f1a6b73,1572261,748
2018-12-14 05:01:33.898,181219003032985,18121405,XBTUSD,Buy,3000,3263,PlusTick,f38739ce-aa0a-3f16-77f6-2c041d929982,1575261,749
2018-12-14 05:01:43.102,181219003032985,18121405,XBTUSD,Buy,261,3263,ZeroPlusTick,edc84dbd-8fc0-5a44-df7d-b3139384faea,1575522,750
2018-12-14 05:01:52.725,181219003032985,18121405,XBTUSD,Sell,10,3262.5,MinusTick,1f5decff-51b1-73e5-e3a8-885ca30937f5,1575532,751
2018-12-14 05:01:53.472,181219003032985,18121405,XBTUSD,Sell,10000,3262.5,ZeroMinusTick,5cee81aa-3ac6-07af-970f-0d1aa25f1162,1585532,752
2018-12-14 05:01:53.853,181219003032985,18121405,XBTUSD,Buy,15333,3263,PlusTick,46484b51-d4f1-720d-199e-9ed13b8063e1,1600865,753
2018-12-14 05:01:55.583,181219003032985,18121405,XBTUSD,Buy,11111,3263,ZeroPlusTick,9ecf33d8-b525-28c3-967f-5d053bed3cf1,1611976,754
2018-12-14 05:01:55.583,181219003032985,18121405,XBTUSD,Buy,500,3263,ZeroPlusTick,1bd8d5fc-171a-ce01-8bac-1e2c9af453f9,1612476,755
2018-12-14 05:01:55.583,181219003032985,18121405,XBTUSD,Buy,2,3263,ZeroPlusTick,dd405c57-d6dc-f49d-b098-5b3aa7136d78,1612478,756
2018-12-14 05:01:55.583,181219003032985,18121405,XBTUSD,Buy,10,3263,ZeroPlusTick,310e8fe5-9cdf-e7b2-a58c-3dd2fa4ef0ef,1612488,757
2018-12-14 05:01:55.583,181219003032985,18121405,XBTUSD,Buy,9,3263,ZeroPlusTick,08d5232e-e9da-43ec-5259-81b1c0912fe3,1612497,758
2018-12-14 05:00:50.746,181219003032985,18121405,XBTUSD,Sell,1000,3265.5,ZeroMinusTick,e432d021-8f68-9052-aad4-23f0d70ded5c,1613497,759
2018-12-14 05:00:51.897,181219003032985,18121405,XBTUSD,Sell,1,3265.5,ZeroMinusTick,fff9665b-4d09-8354-ba3a-4a8dae3806c3,1613498,760
