timestamp,reformattedDate,hour,symbol,side,size,price,tickDirection,trdMatchID,volTime,tickTime
2018-12-14 05:44:54.403,181218225146987,18121405,XBTUSD,Buy,7,3250.5,ZeroPlusTick,ea19f7be-8f52-67a8-ceed-f86d0cbbb7f9,7,1
2018-12-14 05:44:54.403,181218225146989,18121405,XBTUSD,Buy,6002,3250.5,ZeroPlusTick,4ae9ec9d-c728-d3fc-4368-a0bb23f23e83,6009,2
2018-12-14 05:44:55.219,181218225146989,18121405,XBTUSD,Buy,500,3250.5,ZeroPlusTick,98723aaa-a975-55ba-491a-e39c214d3772,6509,3
2018-12-14 05:44:55.219,181218225146989,18121405,XBTUSD,Buy,774,3250.5,ZeroPlusTick,b0236ac3-f25a-27d0-6da1-3abe0a59351b,7283,4
2018-12-14 05:44:55.525,181218225146989,18121405,XBTUSD,Buy,100,3250.5,ZeroPlusTick,9a668cf9-8144-415f-7eca-6e2e30ceda20,7383,5
2018-12-14 05:44:55.532,181218225146989,18121405,XBTUSD,Buy,24,3250.5,ZeroPlusTick,f889c305-a519-2356-7547-9b079b592a7f,7407,6
2018-12-14 05:44:55.532,181218225146989,18121405,XBTUSD,Buy,3000,3250.5,ZeroPlusTick,b1140923-17f2-f7ba-def6-12b3dd1bd9fb,10407,7
2018-12-14 05:44:55.532,181218225146989,18121405,XBTUSD,Buy,2032,3250.5,ZeroPlusTick,31194f38-1164-e1cb-3bf2-0c4febefee9e,12439,8
2018-12-14 05:44:55.765,181218225146989,18121405,XBTUSD,Buy,20,3251,ZeroPlusTick,4b7189f7-3302-88ea-0ec1-6a3dfa28c754,12459,9
2018-12-14 05:44:55.765,181218225146989,18121405,XBTUSD,Buy,10,3251,ZeroPlusTick,47ea3abd-f7c9-9c48-88e7-baf2f8c13f57,12469,10
2018-12-14 05:44:57.211,181218225146989,18121405,XBTUSD,Buy,9,3251,ZeroPlusTick,f0108ab5-0e2c-902b-079d-78444908cbad,12478,11
2018-12-14 05:44:57.346,181218225146989,18121405,XBTUSD,Buy,9,3251,ZeroPlusTick,d50cd557-2b7c-3914-f692-ed8cfa529d28,12487,12
2018-12-14 05:44:57.446,181218225146989,18121405,XBTUSD,Buy,1571,3251,ZeroPlusTick,fba8678c-0074-edc2-696e-6892ac569dfa,14058,13
2018-12-14 05:44:57.446,181218225146989,18121405,XBTUSD,Buy,50,3251,ZeroPlusTick,6886a888-5d92-a8e6-fa4f-fe6753824b09,14108,14
2018-12-14 05:44:57.446,181218225146989,18121405,XBTUSD,Buy,10,3251,ZeroPlusTick,95377b7a-2f41-14ad-f447-4b8227466502,14118,15
2018-12-14 05:44:57.446,181218225146989,18121405,XBTUSD,Buy,206,3251,ZeroPlusTick,939a3778-4fbe-bd45-243d-552e852734f8,14324,16
2018-12-14 05:44:57.486,181218225146989,18121405,XBTUSD,Buy,1000,3251,ZeroPlusTick,03c8cdaa-476b-0cd0-1f27-457527d1a95e,15324,17
2018-12-14 05:45:01.896,181218225146989,18121405,XBTUSD,Buy,3000,3251,ZeroPlusTick,24bf0a6c-c29f-087a-1f2d-3aca91bfa0d6,18324,18
2018-12-14 05:45:02.396,181218225146989,18121405,XBTUSD,Buy,95,3251,ZeroMinusTick,73d5d19b-934d-2787-90aa-e4b64ec2c18f,18419,19
2018-12-14 05:45:07.324,181218225146989,18121405,XBTUSD,Buy,30,3251.5,ZeroPlusTick,c2073dbf-ee8f-7fe5-8110-f7fcd895c432,18449,20
2018-12-14 05:45:08.315,181218225146989,18121405,XBTUSD,Buy,100,3251.5,ZeroPlusTick,ebe3b4f2-81bd-384d-e9bc-e1b4dcf2d8eb,18549,21
2018-12-14 05:45:11.553,181218225146989,18121405,XBTUSD,Buy,821,3251.5,ZeroPlusTick,99894182-bf03-8187-7b8b-636d77390bda,19370,22
2018-12-14 05:45:12.519,181218225146989,18121405,XBTUSD,Buy,150,3252,ZeroPlusTick,af40daed-2346-7859-b48e-64b883e37c13,19520,23
2018-12-14 05:45:12.519,181218225146990,18121405,XBTUSD,Buy,70,3252,ZeroPlusTick,dac1d818-8e47-3e24-9e65-72cb070933a6,19590,24
2018-12-14 05:45:12.519,181218225146990,18121405,XBTUSD,Buy,1080,3252,ZeroPlusTick,f0b74a4f-8330-8a8a-752d-549fe33f9ae7,20670,25
2018-12-14 05:45:28.429,181218225146990,18121405,XBTUSD,Buy,400,3252,ZeroPlusTick,695371ba-44e7-225c-28f4-1e53047c472b,21070,26
2018-12-14 05:45:54.595,181218225146990,18121405,XBTUSD,Buy,1500,3252,ZeroPlusTick,9a27246a-e38c-c3c9-d023-daacb2373af7,22570,27
2018-12-14 05:45:54.595,181218225146990,18121405,XBTUSD,Buy,100,3252,ZeroPlusTick,7d891d6e-8c46-74d5-8379-b10a50de026b,22670,28
2018-12-14 05:45:54.595,181218225146990,18121405,XBTUSD,Buy,5000,3252,ZeroPlusTick,74a571d0-358d-318e-01cc-ae57182d9426,27670,29
2018-12-14 05:46:01.728,181218225146990,18121405,XBTUSD,Buy,2846,3252,ZeroPlusTick,aa2c39a1-dc75-5288-0409-94649f099acd,30516,30
2018-12-14 05:46:04.223,181218225146990,18121405,XBTUSD,Buy,45,3252,ZeroPlusTick,b621ac44-d769-9d04-72e6-225bb14c8c83,30561,31
2018-12-14 05:46:07.829,181218225146990,18121405,XBTUSD,Buy,500,3252,ZeroPlusTick,68f31c5c-95a3-cd07-6a1f-0bb70efae947,31061,32
2018-12-14 05:46:19.254,181218225146990,18121405,XBTUSD,Buy,100,3252,ZeroPlusTick,d36b5816-ac96-f026-5d3b-0b0572247a57,31161,33
2018-12-14 05:46:28.488,181218225146990,18121405,XBTUSD,Buy,413,3252,ZeroPlusTick,a1c75fcd-1471-b0b0-1405-09ec4f2d5c43,31574,34
2018-12-14 05:46:30.381,181218225146990,18121405,XBTUSD,Buy,100,3252,ZeroPlusTick,03719a86-8e37-554c-6a4f-cb6a62dc5228,31674,35
2018-12-14 05:46:30.440,181218225146990,18121405,XBTUSD,Buy,2000,3252,ZeroPlusTick,720fecb0-5614-7787-1ee3-9ce3f5326667,33674,36
2018-12-14 05:46:30.451,181218225146990,18121405,XBTUSD,Buy,2,3252,ZeroPlusTick,cc106354-ea46-4e91-bd29-98a88acc4ff8,33676,37
2018-12-14 05:46:47.228,181218225146990,18121405,XBTUSD,Sell,1,3251.5,ZeroMinusTick,12728d74-5ac0-8d7e-74d7-947914411765,33677,38
2018-12-14 05:46:52.904,181218225146990,18121405,XBTUSD,Sell,500,3251.5,ZeroMinusTick,d0de9ec6-efa4-a073-e221-aadced8ff362,34177,39
2018-12-14 05:44:55.525,181218225146990,18121405,XBTUSD,Buy,2000,3250.5,ZeroPlusTick,9dc69b33-b137-1b6d-dd03-2f0d5cb2d315,36177,40
2018-12-14 05:44:55.532,181218225146990,18121405,XBTUSD,Buy,24,3250.5,ZeroPlusTick,107684cc-9c5d-df69-2d09-d54fc64516ca,36201,41
2018-12-14 05:44:55.532,181218225146990,18121405,XBTUSD,Buy,162,3250.5,ZeroPlusTick,de6604c1-07e1-b5f8-7058-1e3fce809a4f,36363,42
2018-12-14 05:44:55.532,181218225146990,18121405,XBTUSD,Buy,30,3250.5,ZeroPlusTick,f77d353c-1529-64db-29b7-fa5d187e4ca7,36393,43
2018-12-14 05:44:55.765,181218225146990,18121405,XBTUSD,Buy,100,3251,ZeroPlusTick,c1c9a798-b10e-34ed-ba34-70e0295abe93,36493,44
2018-12-14 05:44:55.765,181218225146990,18121405,XBTUSD,Buy,9,3251,ZeroPlusTick,a0e78f2c-662e-cdf1-7ea3-37961e98f514,36502,45
2018-12-14 05:44:56.479,181218225146990,18121405,XBTUSD,Sell,10,3250.5,MinusTick,5a1e33dc-794f-3726-26f4-c618b3c5c59e,36512,46
2018-12-14 05:44:57.446,181218225146990,18121405,XBTUSD,Buy,1000,3251,ZeroPlusTick,c09a76d5-2812-c73e-01c7-09284c7b1b9f,37512,47
2018-12-14 05:44:57.446,181218225146990,18121405,XBTUSD,Buy,9,3251,ZeroPlusTick,a65fef60-0b70-9152-b51f-27a456859272,37521,48
2018-12-14 05:44:57.446,181218225146990,18121405,XBTUSD,Buy,3000,3251,ZeroPlusTick,5bc87627-4a89-691b-275a-5464e5fbea75,40521,49
2018-12-14 05:45:01.896,181218225146990,18121405,XBTUSD,Buy,34,3251,ZeroPlusTick,684bde03-232b-0106-a621-9808b9f3bb09,40555,50
2018-12-14 05:45:06.725,181218225146990,18121405,XBTUSD,Buy,162,3251,ZeroPlusTick,01b4c39e-3a9c-caf6-90df-6832e867dfb7,40717,51
2018-12-14 05:45:07.324,181218225146990,18121405,XBTUSD,Buy,30,3251.5,ZeroPlusTick,c10d7568-e63c-1a03-a7ef-9720e99eaf4f,40747,52
2018-12-14 05:45:07.324,181218225146990,18121405,XBTUSD,Buy,1108,3251.5,ZeroPlusTick,ce6af357-b5da-0ace-e5f3-b653a111e029,41855,53
2018-12-14 05:45:11.553,181218225146990,18121405,XBTUSD,Buy,162,3251.5,ZeroPlusTick,fb9c366f-7def-1265-2d30-1ed3d79d51b0,42017,54
2018-12-14 05:45:11.774,181218225146990,18121405,XBTUSD,Buy,199,3252,ZeroPlusTick,f7bba7a7-a26c-2ce7-4072-9eefd65135aa,42216,55
2018-12-14 05:45:12.519,181218225146990,18121405,XBTUSD,Buy,30,3252,ZeroPlusTick,4c082179-dd8d-0278-57c5-269d269c4818,42246,56
2018-12-14 05:45:12.519,181218225146990,18121405,XBTUSD,Buy,31,3252,ZeroPlusTick,d275105b-1582-3b78-ec84-91b37a354b7a,42277,57
2018-12-14 05:45:12.519,181218225146990,18121405,XBTUSD,Buy,3,3252,ZeroPlusTick,5be5007e-7595-68e3-8ef1-bb0c6c79fbe8,42280,58
2018-12-14 05:45:18.781,181218225146990,18121405,XBTUSD,Buy,100,3252,ZeroPlusTick,e541b908-7b3b-95fa-894a-089c26d1a20c,42380,59
2018-12-14 05:45:18.930,181218225146990,18121405,XBTUSD,Buy,2300,3252,ZeroPlusTick,d2b45813-d304-0afd-9a65-037473ddf8d3,44680,60
2018-12-14 05:45:49.963,181218225146990,18121405,XBTUSD,Buy,1000,3252,ZeroPlusTick,c6d06837-5396-7599-47e5-3ee07939fe2f,45680,61
2018-12-14 05:45:54.595,181218225146990,18121405,XBTUSD,Buy,162,3252,ZeroPlusTick,b31937e8-a3fb-c585-fe3b-cb307d78b97e,45842,62
2018-12-14 05:45:54.595,181218225146990,18121405,XBTUSD,Buy,2208,3252,ZeroPlusTick,98823bd8-f99e-2536-aee7-277f09268a35,48050,63
2018-12-14 05:45:54.595,181218225146990,18121405,XBTUSD,Buy,60,3252,ZeroPlusTick,2382d55d-826d-e9c1-5ee8-7fcd736f7926,48110,64
2018-12-14 05:46:01.728,181218225146990,18121405,XBTUSD,Buy,55,3252,ZeroPlusTick,d914428b-d504-239b-4ac6-e99f733414fe,48165,65
2018-12-14 05:46:04.223,181218225146990,18121405,XBTUSD,Buy,2231,3252,ZeroPlusTick,0b5f3953-c9f2-4b9a-eaee-b5a7cee746f0,50396,66
2018-12-14 05:46:19.254,181218225146990,18121405,XBTUSD,Buy,63,3252,ZeroPlusTick,aa2d9363-98e0-7710-0acc-fbe8cfbc3cc8,50459,67
2018-12-14 05:46:19.804,181218225146990,18121405,XBTUSD,Buy,400,3252,ZeroPlusTick,a908e207-2bf9-f765-d0a1-c1c66fb5ad4e,50859,68
2018-12-14 05:46:19.843,181218225146991,18121405,XBTUSD,Sell,162,3251.5,MinusTick,d1c4a705-44ba-d67c-4e03-f696898f5191,51021,69
2018-12-14 05:46:37.372,181218225146991,18121405,XBTUSD,Sell,9837,3251.5,MinusTick,620d641e-0b0c-ef21-1dc9-2c6c5eca3031,60858,70
2018-12-14 05:46:47.867,181218225146991,18121405,XBTUSD,Sell,500,3251.5,ZeroMinusTick,9444bec9-99ec-4903-a5d8-bfda8b12312a,61358,71
2018-12-14 05:46:49.595,181218225146991,18121405,XBTUSD,Sell,162,3251.5,ZeroMinusTick,4fbd013e-f505-c58d-8f0e-c71853a89869,61520,72
2018-12-14 05:46:49.775,181218225146991,18121405,XBTUSD,Sell,1,3251.5,ZeroMinusTick,c64dfb6d-ca8a-deae-7cb0-18d7de347c1b,61521,73
2018-12-14 05:46:52.985,181218225146991,18121405,XBTUSD,Sell,979,3251.5,ZeroMinusTick,c4309922-a3fc-847a-5492-a893a3f70455,62500,74
2018-12-14 05:47:29.829,181218225146991,18121405,XBTUSD,Sell,163,3251.5,ZeroMinusTick,fcf39a98-2f39-5d73-b3fb-3af7a4a9dd47,62663,75
2018-12-14 05:44:55.765,181218225146991,18121405,XBTUSD,Buy,50,3251,ZeroPlusTick,265f44d8-212b-b623-729a-a57f787bd23e,62713,76
2018-12-14 05:44:55.765,181218225146991,18121405,XBTUSD,Buy,1721,3251,ZeroPlusTick,17adc3c1-7696-325a-6a78-cf8b73c6c8fa,64434,77
2018-12-14 05:44:56.435,181218225146991,18121405,XBTUSD,Buy,1,3251,ZeroPlusTick,955b2cb7-138f-cf62-1701-3b5e7cc8f00d,64435,78
2018-12-14 05:44:57.446,181218225146991,18121405,XBTUSD,Buy,2599,3251,ZeroPlusTick,133cfb6c-be0f-5270-e0ef-1c6f523ad891,67034,79
2018-12-14 05:44:57.446,181218225146991,18121405,XBTUSD,Buy,17,3251,ZeroPlusTick,e7816d3a-fbe5-f34b-1da4-a0f73a7677bb,67051,80
2018-12-14 05:44:57.446,181218225146991,18121405,XBTUSD,Buy,28,3251,ZeroPlusTick,f3a9ed14-34a1-8fe6-edc6-740c5624a3dd,67079,81
2018-12-14 05:44:57.446,181218225146991,18121405,XBTUSD,Buy,134,3251,ZeroPlusTick,526e9235-cf2a-665b-fd18-0efbd2084c0c,67213,82
2018-12-14 05:44:57.503,181218225146991,18121405,XBTUSD,Buy,9,3251,ZeroPlusTick,42589119-18d7-9290-bddf-4e7a23d48b5b,67222,83
2018-12-14 05:44:57.924,181218225146991,18121405,XBTUSD,Buy,3000,3251,ZeroPlusTick,55c02dc4-ab69-284c-43fc-122bf54358f5,70222,84
2018-12-14 05:45:01.896,181218225146991,18121405,XBTUSD,Buy,102,3251,ZeroPlusTick,067c146d-ad8f-edfe-2056-bc1c76d1ea18,70324,85
2018-12-14 05:45:06.725,181218225146991,18121405,XBTUSD,Buy,152,3251,ZeroPlusTick,db7dfcf5-ed69-f030-a10a-339d68758645,70476,86
2018-12-14 05:45:07.324,181218225146991,18121405,XBTUSD,Buy,13,3251.5,ZeroPlusTick,4a40acd1-1470-efd9-e88f-4d49488785db,70489,87
2018-12-14 05:45:10.330,181218225146991,18121405,XBTUSD,Buy,2248,3251.5,ZeroPlusTick,a4222979-05ef-4125-1319-021c9649d6b1,72737,88
2018-12-14 05:45:11.553,181218225146991,18121405,XBTUSD,Buy,25,3251.5,ZeroPlusTick,eed84bb1-a0e7-4a27-945d-5d21def54f15,72762,89
2018-12-14 05:45:12.316,181218225146991,18121405,XBTUSD,Buy,5,3252,ZeroPlusTick,6a9ade1b-6b5f-91ab-d93d-31fe05c4e032,72767,90
2018-12-14 05:45:12.519,181218225146991,18121405,XBTUSD,Buy,296,3252,ZeroPlusTick,cf9ac1ee-8b2e-76c8-f5b7-141f58874970,73063,91
2018-12-14 05:45:12.519,181218225146991,18121405,XBTUSD,Buy,1,3252,ZeroPlusTick,7599560a-0bfd-1ede-953f-220010e23eab,73064,92
2018-12-14 05:45:12.519,181218225146991,18121405,XBTUSD,Buy,100,3252,ZeroPlusTick,77e5f62a-e67d-6f4c-e67a-c3e1746e1874,73164,93
2018-12-14 05:45:12.519,181218225146991,18121405,XBTUSD,Buy,50,3252,ZeroPlusTick,18bc21c6-d978-f556-794d-41ea016db6d5,73214,94
2018-12-14 05:45:15.894,181218225146991,18121405,XBTUSD,Buy,500,3252,PlusTick,53200966-7303-f11e-d18e-687a42c81cc6,73714,95
2018-12-14 05:45:54.595,181218225146991,18121405,XBTUSD,Buy,162,3252,ZeroPlusTick,c09853e7-907b-0ca4-f426-698b30069b9a,73876,96
2018-12-14 05:45:54.595,181218225146991,18121405,XBTUSD,Buy,14,3252,ZeroPlusTick,0ebedc16-104d-753d-33a9-e2111ae75d98,73890,97
2018-12-14 05:45:54.595,181218225146991,18121405,XBTUSD,Buy,100,3252,ZeroPlusTick,b97462f8-6c16-3e1b-cfa9-8b98d8b061d0,73990,98
2018-12-14 05:46:11.649,181218225146991,18121405,XBTUSD,Sell,3476,3251.5,ZeroMinusTick,92d26c54-0ff9-4ad9-8528-f9eef84bb38e,77466,99
2018-12-14 05:46:19.254,181218225146991,18121405,XBTUSD,Buy,100,3252,ZeroPlusTick,ee9fe283-6218-0a69-8d96-7fffc2a05776,77566,100
2018-12-14 05:47:49.287,181218225146991,18121405,XBTUSD,Sell,162,3251.5,ZeroMinusTick,342e4647-06d7-ef1f-90e2-3cb10e689f83,77728,101
2018-12-14 05:47:51.371,181218225146991,18121405,XBTUSD,Sell,1,3251.5,ZeroMinusTick,64e5e4cc-9e12-159c-6144-31486de92584,77729,102
2018-12-14 05:48:08.282,181218225146991,18121405,XBTUSD,Sell,18,3251.5,ZeroMinusTick,812634c2-e38d-a071-8373-2d08e8118eea,77747,103
2018-12-14 05:48:08.544,181218225146991,18121405,XBTUSD,Sell,30,3251.5,ZeroMinusTick,7d65bf6b-e421-42db-200b-d94a4f43b03e,77777,104
2018-12-14 05:48:09.538,181218225146991,18121405,XBTUSD,Sell,100,3251.5,ZeroMinusTick,a0b49384-774d-c161-ccf0-f2f2061d66fc,77877,105
2018-12-14 05:48:10.920,181218225146991,18121405,XBTUSD,Sell,50,3251.5,ZeroMinusTick,6ceba442-f856-3c14-293e-3432b3babee2,77927,106
2018-12-14 05:48:11.818,181218225146991,18121405,XBTUSD,Sell,17770,3251.5,ZeroMinusTick,4dc6b8ce-f035-6784-77b1-dbb2000e83d6,95697,107
2018-12-14 05:48:12.818,181218225146991,18121405,XBTUSD,Sell,250,3251.5,ZeroMinusTick,fe670363-de1f-eec2-f0c5-780bc0832ea2,95947,108
2018-12-14 05:48:12.902,181218225146991,18121405,XBTUSD,Sell,95,3251.5,ZeroMinusTick,e4b876ac-9e51-d077-28e8-9985ea92571f,96042,109
2018-12-14 05:48:15.430,181218225146991,18121405,XBTUSD,Sell,95,3251.5,ZeroMinusTick,3e7ddec7-3744-3c1e-967d-5b979c556155,96137,110
2018-12-14 05:48:43.291,181218225146991,18121405,XBTUSD,Sell,10,3251.5,ZeroMinusTick,1d3e5b19-9467-4ab5-4fe7-a70922ffc34b,96147,111
2018-12-14 05:44:57.446,181218225146991,18121405,XBTUSD,Buy,9752,3251,ZeroPlusTick,a1116376-ccbd-45cd-971c-1544516d6830,105899,112
2018-12-14 05:45:01.896,181218225146992,18121405,XBTUSD,Buy,162,3251,ZeroPlusTick,f931bb9a-dcdb-7aae-79ea-528732980e03,106061,113
2018-12-14 05:45:02.200,181218225146992,18121405,XBTUSD,Buy,760,3251,MinusTick,c4f8a9c1-ab7a-79ae-c35b-df0ca120e319,106821,114
2018-12-14 05:45:03.171,181218225146992,18121405,XBTUSD,Buy,30,3251,ZeroMinusTick,e13fff23-15bb-4967-1b46-3f81d27d1aad,106851,115
2018-12-14 05:45:04.931,181218225146992,18121405,XBTUSD,Buy,5,3251,PlusTick,696d69eb-b50c-be2c-9d94-babe8d6287f3,106856,116
2018-12-14 05:45:06.725,181218225146992,18121405,XBTUSD,Buy,50,3251,ZeroPlusTick,b8f1736f-c0f2-a7e5-639e-5d609cd3b157,106906,117
2018-12-14 05:45:07.324,181218225146992,18121405,XBTUSD,Buy,9,3251.5,ZeroPlusTick,08e817a1-a7db-121f-ea8d-41397491301d,106915,118
2018-12-14 05:45:10.171,181218225146992,18121405,XBTUSD,Buy,500,3251.5,ZeroPlusTick,cb84385f-7f28-21c4-2986-3f37ef2d7a87,107415,119
2018-12-14 05:45:10.330,181218225146992,18121405,XBTUSD,Buy,1330,3251.5,ZeroPlusTick,467d2c83-8c5f-c90e-2846-706abef647b0,108745,120
2018-12-14 05:45:11.553,181218225146992,18121405,XBTUSD,Buy,100,3251.5,ZeroPlusTick,f3fc4d79-28b5-b24b-f9d1-6f7091e53ab8,108845,121
2018-12-14 05:45:11.774,181218225146992,18121405,XBTUSD,Buy,1,3252,PlusTick,ca95a3e1-2949-5086-f43b-189658889c5b,108846,122
2018-12-14 05:45:12.519,181218225146992,18121405,XBTUSD,Buy,500,3252,ZeroPlusTick,2112e025-cdee-de93-0ab3-6b9bb6f04c42,109346,123
2018-12-14 05:45:12.519,181218225146992,18121405,XBTUSD,Buy,70,3252,ZeroPlusTick,19d8ae4d-4a60-1f1a-7a8e-895292fcedf8,109416,124
2018-12-14 05:45:12.519,181218225146992,18121405,XBTUSD,Buy,100,3252,ZeroPlusTick,6c150af8-4c4b-bfde-a255-42584e23b9d0,109516,125
2018-12-14 05:45:32.883,181218225146992,18121405,XBTUSD,Buy,5000,3252,ZeroPlusTick,97f71b58-29c6-b5a7-d066-f0ca6d370a9b,114516,126
2018-12-14 05:45:44.146,181218225146992,18121405,XBTUSD,Buy,300,3252,ZeroPlusTick,35aabff4-7bcc-d543-2fb7-6d2cd950f9ae,114816,127
2018-12-14 05:45:45.224,181218225146992,18121405,XBTUSD,Buy,300,3252,ZeroPlusTick,e8776135-061e-52fd-cf26-be24efc2d480,115116,128
2018-12-14 05:45:46.015,181218225146992,18121405,XBTUSD,Buy,18673,3252,ZeroPlusTick,988df4e9-0614-528c-c40c-9b31c09abbd7,133789,129
2018-12-14 05:45:54.595,181218225146992,18121405,XBTUSD,Buy,3000,3252,ZeroPlusTick,761d4b68-2c88-3982-d79d-36b496429b93,136789,130
2018-12-14 05:45:54.595,181218225146992,18121405,XBTUSD,Buy,100,3252,ZeroPlusTick,5f7ada09-bf74-c7e6-4cd7-2d9dd02fa349,136889,131
2018-12-14 05:45:54.595,181218225146992,18121405,XBTUSD,Buy,3979,3252,ZeroPlusTick,88df2a44-e216-fdaa-0530-3898d9656c4f,140868,132
2018-12-14 05:46:04.223,181218225146992,18121405,XBTUSD,Buy,24,3252,ZeroPlusTick,f3c7de06-5c07-09c5-abab-90e47569352e,140892,133
2018-12-14 05:46:37.372,181218225146992,18121405,XBTUSD,Sell,163,3251.5,ZeroMinusTick,a3756872-e26d-58d4-ef42-a1d8de62d1e1,141055,134
2018-12-14 05:46:44.573,181218225146992,18121405,XBTUSD,Sell,112,3251.5,ZeroMinusTick,02c18495-6906-89ee-d3eb-883ab2655708,141167,135
2018-12-14 05:46:44.621,181218225146992,18121405,XBTUSD,Sell,162,3251.5,ZeroMinusTick,3ca347a6-4a88-aa2e-f5ff-8621fe1f493a,141329,136
2018-12-14 05:46:44.737,181218225146992,18121405,XBTUSD,Sell,1,3251.5,ZeroMinusTick,df11b849-b992-a5d6-b874-4203ccf127ef,141330,137
2018-12-14 05:46:45.987,181218225146992,18121405,XBTUSD,Sell,163,3251.5,ZeroMinusTick,5ef8c08c-488e-b247-b76a-68d7448a1902,141493,138
2018-12-14 05:48:06.850,181218225146992,18121405,XBTUSD,Sell,3094,3251.5,ZeroMinusTick,f7f43523-6f28-a9bb-f83f-2d1c9bd85148,144587,139
2018-12-14 05:48:08.282,181218225146992,18121405,XBTUSD,Sell,21,3251.5,ZeroMinusTick,ef396873-08b6-0237-6922-ecf0cfa8d3af,144608,140
2018-12-14 05:48:09.538,181218225146992,18121405,XBTUSD,Sell,25,3251.5,ZeroMinusTick,d90cd161-ba86-d20d-a7f9-500230d39cfa,144633,141
2018-12-14 05:48:10.920,181218225146992,18121405,XBTUSD,Sell,10,3251.5,ZeroMinusTick,f2507195-6fbc-e733-eb52-0c8e315f3320,144643,142
2018-12-14 05:48:16.514,181218225146992,18121405,XBTUSD,Sell,95,3251.5,ZeroMinusTick,aaf45050-9afc-ac54-524f-daa7017b2da8,144738,143
2018-12-14 05:48:22.859,181218225146992,18121405,XBTUSD,Sell,10000,3251.5,ZeroMinusTick,3da709d5-b609-03ba-cffa-67735afd2dae,154738,144
2018-12-14 05:45:06.725,181218225146992,18121405,XBTUSD,Buy,37,3251,ZeroPlusTick,c3463070-c49b-3f07-af58-20a878bb36f9,154775,145
2018-12-14 05:45:07.256,181218225146992,18121405,XBTUSD,Buy,95,3251.5,PlusTick,1174c90c-5425-d0d2-21c2-867e90bae1bb,154870,146
2018-12-14 05:45:07.324,181218225146992,18121405,XBTUSD,Buy,10,3251.5,ZeroPlusTick,061ee602-082b-2b0c-bfaa-462f81a193ca,154880,147
2018-12-14 05:45:10.330,181218225146992,18121405,XBTUSD,Buy,50,3251.5,ZeroPlusTick,c3099260-2673-3320-8e62-651b00c0971e,154930,148
2018-12-14 05:45:11.553,181218225146992,18121405,XBTUSD,Buy,562,3251.5,ZeroPlusTick,145ca64d-2852-9454-cab5-811cb0219f70,155492,149
2018-12-14 05:45:12.519,181218225146992,18121405,XBTUSD,Buy,12,3252,ZeroPlusTick,068e792f-0c2b-f8c7-c2e2-7f9f72f4e44b,155504,150
2018-12-14 05:45:12.519,181218225146992,18121405,XBTUSD,Buy,300,3252,ZeroPlusTick,7616811c-f786-82a1-5bbd-666e8133f102,155804,151
2018-12-14 05:45:12.519,181218225146992,18121405,XBTUSD,Buy,110,3252,ZeroPlusTick,015e329d-a6c4-ffda-b1f1-439b522304da,155914,152
2018-12-14 05:45:12.519,181218225146992,18121405,XBTUSD,Buy,50,3252,ZeroPlusTick,07267e09-030d-9c17-62ed-577432fe00b5,155964,153
2018-12-14 05:45:17.310,181218225146992,18121405,XBTUSD,Buy,7500,3252,ZeroPlusTick,569bcf9e-ef4f-f2fb-5a7f-d7cf147e4ebd,163464,154
2018-12-14 05:45:35.401,181218225146992,18121405,XBTUSD,Buy,5000,3252,ZeroPlusTick,b8effef0-5156-cde4-2761-06b0e51d8713,168464,155
2018-12-14 05:45:40.732,181218225146992,18121405,XBTUSD,Sell,10,3251.5,MinusTick,cc1670ce-81ea-0203-9294-46d0089a68ce,168474,156
2018-12-14 05:45:40.831,181218225146992,18121405,XBTUSD,Buy,500,3252,PlusTick,aa026903-2c90-1cc3-7b16-68c809d0b720,168974,157
2018-12-14 05:45:54.595,181218225146993,18121405,XBTUSD,Buy,1000,3252,ZeroPlusTick,4ad7277a-03b5-380c-119e-e0c7073dc401,169974,158
2018-12-14 05:45:54.595,181218225146993,18121405,XBTUSD,Buy,100,3252,ZeroPlusTick,e9c05b79-4f2c-f556-aca7-f2beeb794fa2,170074,159
2018-12-14 05:45:54.595,181218225146993,18121405,XBTUSD,Buy,4000,3252,ZeroPlusTick,7e0c4762-a38c-8dac-5e88-454d0078a3e2,174074,160
2018-12-14 05:47:14.613,181218225146993,18121405,XBTUSD,Sell,2500,3251.5,ZeroMinusTick,2be6e2a1-bee2-270a-970e-51757717f3b3,176574,161
2018-12-14 05:47:39.653,181218225146993,18121405,XBTUSD,Sell,1,3251.5,ZeroMinusTick,c43107af-c333-edc1-9b8c-f03ca760d56b,176575,162
2018-12-14 05:47:39.940,181218225146993,18121405,XBTUSD,Sell,163,3251.5,ZeroMinusTick,904581b7-f620-7942-fba3-25bb7de9acb7,176738,163
2018-12-14 05:48:01.904,181218225146993,18121405,XBTUSD,Sell,40000,3251.5,MinusTick,66f4802d-6289-532d-c0fd-b660bbf13724,216738,164
2018-12-14 05:48:06.850,181218225146993,18121405,XBTUSD,Sell,5000,3251.5,ZeroMinusTick,71ab1f1d-ddaa-c964-2602-de76ce3ee8d9,221738,165
2018-12-14 05:48:08.282,181218225146993,18121405,XBTUSD,Sell,30,3251.5,ZeroMinusTick,23647255-4d0b-f18e-91b1-0c616a268ede,221768,166
2018-12-14 05:48:09.538,181218225146993,18121405,XBTUSD,Sell,20,3251.5,ZeroMinusTick,9163498b-51fd-4fbe-a86a-f9cc138a7b8d,221788,167
2018-12-14 05:48:10.920,181218225146993,18121405,XBTUSD,Sell,1000,3251.5,ZeroMinusTick,163c0c35-05e5-1694-1000-f23ae7a3cba0,222788,168
2018-12-14 05:48:50.982,181218225146993,18121405,XBTUSD,Buy,1500,3252,PlusTick,cbb81372-2e5c-e0e4-2195-3920a1b97dc8,224288,169
2018-12-14 05:49:01.620,181218225146993,18121405,XBTUSD,Sell,623,3251.5,ZeroMinusTick,6f682497-f733-cf60-dfe3-297af53d6d61,224911,170
2018-12-14 05:49:09.639,181218225146993,18121405,XBTUSD,Sell,3500,3251.5,MinusTick,663ad22a-d262-6a15-aa5d-a28044dc86ee,228411,171
2018-12-14 05:49:24.059,181218225146993,18121405,XBTUSD,Sell,100,3251.5,ZeroMinusTick,516eac6a-8aab-c3a7-6c75-27bbdd68a111,228511,172
2018-12-14 05:49:24.059,181218225146993,18121405,XBTUSD,Sell,9,3251.5,ZeroMinusTick,9de273d2-0ffe-8e15-edbc-f52dd71da6b5,228520,173
2018-12-14 05:49:24.059,181218225146993,18121405,XBTUSD,Sell,9,3251.5,ZeroMinusTick,e7e851ef-a824-8035-78a4-8078913fae8a,228529,174
2018-12-14 05:49:24.059,181218225146993,18121405,XBTUSD,Sell,50,3251.5,ZeroMinusTick,2582c4b2-2ed2-79fe-1e66-78d41a57c434,228579,175
2018-12-14 05:49:24.059,181218225146993,18121405,XBTUSD,Sell,50,3251.5,ZeroMinusTick,008a4cf4-7124-7a36-376f-d98132d5bc70,228629,176
2018-12-14 05:49:24.059,181218225146993,18121405,XBTUSD,Sell,20,3251.5,ZeroMinusTick,856cab45-cc6f-251b-8ed5-7a1914af5a22,228649,177
2018-12-14 05:49:24.059,181218225146993,18121405,XBTUSD,Sell,2175,3251,ZeroMinusTick,4f0aa440-48fe-540c-5429-eb7217285759,230824,178
2018-12-14 05:45:36.460,181218225146993,18121405,XBTUSD,Sell,500,3251.5,MinusTick,12fdeba8-7211-fda2-22e5-0e896aebaf72,231324,179
2018-12-14 05:45:51.444,181218225146993,18121405,XBTUSD,Buy,1500,3252,ZeroPlusTick,67f0bda0-827a-c897-a716-b41bd6df73f2,232824,180
2018-12-14 05:45:54.595,181218225146993,18121405,XBTUSD,Buy,1000,3252,ZeroPlusTick,0d18a3f0-de18-626f-fb7f-f05644a745e7,233824,181
2018-12-14 05:45:54.595,181218225146993,18121405,XBTUSD,Buy,21,3252,ZeroPlusTick,4d1be1b5-d9c1-7931-4ff1-3ac1ed37b2fc,233845,182
2018-12-14 05:45:54.595,181218225146993,18121405,XBTUSD,Buy,100,3252,ZeroPlusTick,173b66af-20f7-e48e-3a0a-753e005298be,233945,183
2018-12-14 05:45:56.979,181218225146993,18121405,XBTUSD,Buy,8241,3252,ZeroPlusTick,bbb2faac-0d01-d904-2713-956e7aa6d92d,242186,184
2018-12-14 05:46:00.470,181218225146993,18121405,XBTUSD,Buy,3500,3252,ZeroPlusTick,bd9472a0-7a3b-c556-fa1a-4fc176da59ea,245686,185
2018-12-14 05:46:06.422,181218225146993,18121405,XBTUSD,Sell,7,3251.5,MinusTick,d927c271-d4cd-a645-3155-4231d83d5c7b,245693,186
2018-12-14 05:46:20.129,181218225146993,18121405,XBTUSD,Sell,1,3251.5,ZeroMinusTick,415f5f84-649c-8bca-6951-ae8dc4519f6e,245694,187
2018-12-14 05:46:28.488,181218225146993,18121405,XBTUSD,Buy,87,3252,PlusTick,c54db892-bd50-5539-6cfe-a1a6ec1f6008,245781,188
2018-12-14 05:46:37.372,181218225146993,18121405,XBTUSD,Sell,5000,3251.5,ZeroMinusTick,9c28b569-5590-fc46-b763-fd18d45ad0b7,250781,189
2018-12-14 05:46:49.569,181218225146993,18121405,XBTUSD,Sell,1755,3251.5,ZeroMinusTick,5957f2d1-6edf-dc93-5dfe-aadb6d28220c,252536,190
2018-12-14 05:46:52.985,181218225146993,18121405,XBTUSD,Sell,1000,3251.5,ZeroMinusTick,035ff769-028a-f3a4-b8c6-7193678f6566,253536,191
2018-12-14 05:46:59.801,181218225146993,18121405,XBTUSD,Sell,79,3251.5,ZeroMinusTick,69fc36b2-c39a-0dc2-43f4-dc4b71d1b34a,253615,192
2018-12-14 05:48:06.850,181218225146993,18121405,XBTUSD,Sell,6006,3251.5,ZeroMinusTick,01241e49-cec1-1906-43ee-80b92afcf018,259621,193
2018-12-14 05:48:10.920,181218225146993,18121405,XBTUSD,Sell,4,3251.5,ZeroMinusTick,528e4ed6-4922-3854-e7d3-dc839a6bbe04,259625,194
2018-12-14 05:48:19.081,181218225146993,18121405,XBTUSD,Sell,95,3251.5,ZeroMinusTick,56bdb9cb-d4e0-9221-406e-ce57c0316ef6,259720,195
2018-12-14 05:48:24.587,181218225146993,18121405,XBTUSD,Sell,2000,3251.5,ZeroMinusTick,27dd53b2-f605-5448-9e5d-0c4f0377b954,261720,196
2018-12-14 05:48:24.921,181218225146993,18121405,XBTUSD,Buy,14650,3252,PlusTick,f7ac7e34-c5d3-bcf4-113b-b83e7a5586c3,276370,197
2018-12-14 05:49:01.620,181218225146993,18121405,XBTUSD,Sell,22,3251.5,ZeroMinusTick,cf2b3eba-c790-6370-38b4-aa3143c9203e,276392,198
2018-12-14 05:49:24.059,181218225146994,18121405,XBTUSD,Sell,36,3251.5,ZeroMinusTick,6cee4b04-b13a-df50-ccfe-e39dde77b99f,276428,199
2018-12-14 05:49:24.059,181218225146994,18121405,XBTUSD,Sell,100,3251.5,ZeroMinusTick,762ef787-bffb-ef12-72f2-ba80c434f876,276528,200
2018-12-14 05:49:24.059,181218225146994,18121405,XBTUSD,Sell,200,3251.5,ZeroMinusTick,12a37a2b-c7fe-e8a7-f934-ae76cae915ec,276728,201
2018-12-14 05:49:24.059,181218225146994,18121405,XBTUSD,Sell,30,3251.5,ZeroMinusTick,f8a8e29b-23ab-4b1c-583b-b22281caf86a,276758,202
2018-12-14 05:49:24.059,181218225146994,18121405,XBTUSD,Sell,50,3251.5,ZeroMinusTick,2c703f5c-ac2d-9b63-8f6c-9c3e3b132ca6,276808,203
2018-12-14 05:49:24.059,181218225146994,18121405,XBTUSD,Sell,57,3251.5,ZeroMinusTick,2b6a5b46-fe29-eb4a-89b0-131258ac0e44,276865,204
2018-12-14 05:49:24.059,181218225146994,18121405,XBTUSD,Sell,4500,3251.5,ZeroMinusTick,e76849c5-4622-510e-b0f6-83de6940cefb,281365,205
2018-12-14 05:49:24.059,181218225146994,18121405,XBTUSD,Sell,30,3251,ZeroMinusTick,8adc82d5-22b2-b7e4-3233-7f378ddc1cb4,281395,206
2018-12-14 05:49:24.059,181218225146994,18121405,XBTUSD,Sell,25000,3251,ZeroMinusTick,3e0c1ca7-25fb-2f8e-ec9c-8b1fbad63870,306395,207
2018-12-14 05:49:24.059,181218225146994,18121405,XBTUSD,Sell,23,3251,ZeroMinusTick,fda75e38-08d2-fc2d-a300-28bca0fe58c6,306418,208
2018-12-14 05:49:24.059,181218225146994,18121405,XBTUSD,Sell,9,3251,ZeroMinusTick,a2645b08-4fdf-0b05-537e-3a464569a270,306427,209
2018-12-14 05:49:24.059,181218225146994,18121405,XBTUSD,Sell,5000,3251,ZeroMinusTick,6b834a5c-da77-a1f0-3834-18766bc29577,311427,210
2018-12-14 05:49:25.042,181218225146994,18121405,XBTUSD,Sell,30,3250.5,ZeroMinusTick,1ce6f02e-eaca-09a5-53a4-2bdbab43bb71,311457,211
2018-12-14 05:49:31.163,181218225146994,18121405,XBTUSD,Sell,3000,3250.5,ZeroMinusTick,45a4a84c-653a-4b51-ae0a-01b36afa4429,314457,212
2018-12-14 05:45:26.003,181218225146994,18121405,XBTUSD,Buy,1000,3252,ZeroPlusTick,3c025108-8e23-b55e-fdf0-eeacd3860a03,315457,213
2018-12-14 05:45:29.202,181218225146994,18121405,XBTUSD,Sell,251,3251.5,MinusTick,21d2cdef-23b4-eeec-a616-e3945aa9c246,315708,214
2018-12-14 05:45:34.567,181218225146994,18121405,XBTUSD,Buy,730,3252,ZeroPlusTick,45494845-1ecb-712d-7fc1-6e5a7969c010,316438,215
2018-12-14 05:45:46.015,181218225146994,18121405,XBTUSD,Buy,1327,3252,ZeroPlusTick,6abba24c-2abc-50c9-997c-0abd7ef9a99a,317765,216
2018-12-14 05:45:54.595,181218225146994,18121405,XBTUSD,Buy,162,3252,ZeroPlusTick,8ae56725-3798-bb8e-3bda-cccf3e7e2f4b,317927,217
2018-12-14 05:45:54.595,181218225146994,18121405,XBTUSD,Buy,23,3252,ZeroPlusTick,729854dd-12da-a725-7e3b-59de4547be57,317950,218
2018-12-14 05:45:54.595,181218225146994,18121405,XBTUSD,Buy,20,3252,ZeroPlusTick,c2858d4b-3cf7-8962-7ccf-cfa4a7027c40,317970,219
2018-12-14 05:46:01.728,181218225146994,18121405,XBTUSD,Buy,75,3252,ZeroPlusTick,660c68d0-48d2-fb89-e769-833df17b9138,318045,220
2018-12-14 05:46:02.972,181218225146994,18121405,XBTUSD,Buy,100,3252,ZeroPlusTick,61d6c37b-8fb4-a2a1-91c1-42b1e7543f2f,318145,221
2018-12-14 05:46:11.649,181218225146994,18121405,XBTUSD,Sell,4400,3251.5,ZeroMinusTick,d2c054aa-7cea-09a0-b563-c613f7e67dd6,322545,222
2018-12-14 05:46:49.569,181218225146994,18121405,XBTUSD,Sell,1133,3251.5,ZeroMinusTick,1f72daf0-212b-33d5-a89f-c8a958e04c9b,323678,223
2018-12-14 05:46:52.985,181218225146994,18121405,XBTUSD,Sell,5000,3251.5,ZeroMinusTick,49da2f22-b43f-ead2-345c-4235bf190c6f,328678,224
2018-12-14 05:46:59.801,181218225146994,18121405,XBTUSD,Sell,1000,3251.5,ZeroMinusTick,17e5ae25-0efb-9e56-4b87-0f7c640e0383,329678,225
2018-12-14 05:47:30.561,181218225146994,18121405,XBTUSD,Sell,1,3251.5,ZeroMinusTick,df2884e1-87d0-58ec-691f-4eef16c0508c,329679,226
2018-12-14 05:47:36.414,181218225146994,18121405,XBTUSD,Sell,162,3251.5,MinusTick,c78830c6-2f34-3293-414e-4eefa548065a,329841,227
2018-12-14 05:47:36.852,181218225146994,18121405,XBTUSD,Sell,163,3251.5,ZeroMinusTick,4ec7d290-efd8-c8e2-6d5b-b9d5a59bce38,330004,228
2018-12-14 05:47:37.056,181218225146994,18121405,XBTUSD,Sell,1,3251.5,ZeroMinusTick,e9c88070-b2a8-5176-ce9a-af56b5e28540,330005,229
2018-12-14 05:47:40.434,181218225146994,18121405,XBTUSD,Sell,1,3251.5,ZeroMinusTick,bb7ae35d-d3bb-ef6e-a585-fd24261559ba,330006,230
2018-12-14 05:47:40.778,181218225146994,18121405,XBTUSD,Sell,162,3251.5,ZeroMinusTick,54a3daf9-0442-1e7a-1ce6-3f83e1a2ba89,330168,231
2018-12-14 05:47:40.859,181218225146994,18121405,XBTUSD,Sell,1,3251.5,ZeroMinusTick,e78dbdb9-5ba0-b3bc-6925-317edb928bbc,330169,232
2018-12-14 05:48:08.282,181218225146994,18121405,XBTUSD,Sell,2502,3251.5,ZeroMinusTick,64ec9ae4-3f42-126b-9d2e-568b4291acc2,332671,233
2018-12-14 05:48:10.920,181218225146994,18121405,XBTUSD,Sell,7513,3251.5,ZeroMinusTick,32fe6113-8b43-f00a-4163-5f87dddc22fc,340184,234
2018-12-14 05:48:20.431,181218225146994,18121405,XBTUSD,Sell,100,3251.5,ZeroMinusTick,511a1f6b-9076-9bba-3a74-00f6b04e434f,340284,235
2018-12-14 05:48:33.931,181218225146994,18121405,XBTUSD,Sell,1000,3251.5,ZeroMinusTick,2ae5f255-cf36-b3e6-a1f9-e67f5d177957,341284,236
2018-12-14 05:49:24.059,181218225146994,18121405,XBTUSD,Sell,300,3251.5,ZeroMinusTick,33329dee-51e4-eb42-198d-fd28852c8545,341584,237
2018-12-14 05:49:24.059,181218225146994,18121405,XBTUSD,Sell,229,3251.5,ZeroMinusTick,93bf44b5-3312-85cf-8ed6-cd535fe52524,341813,238
2018-12-14 05:49:24.059,181218225146994,18121405,XBTUSD,Sell,8509,3251.5,ZeroMinusTick,a656c753-d0ae-4eb6-cc98-40d5c3b716de,350322,239
2018-12-14 05:49:24.059,181218225146994,18121405,XBTUSD,Sell,2000,3251.5,ZeroMinusTick,38beab3f-e2fe-11d2-dea6-e3dc611f9abf,352322,240
2018-12-14 05:49:24.059,181218225146994,18121405,XBTUSD,Sell,24,3251.5,ZeroMinusTick,5a5a99a0-5b15-2574-41a7-c5cd2d105177,352346,241
2018-12-14 05:49:24.059,181218225146994,18121405,XBTUSD,Sell,100,3251.5,ZeroMinusTick,651454de-a037-0ce8-9a27-566a678b2c80,352446,242
2018-12-14 05:49:24.059,181218225146994,18121405,XBTUSD,Sell,12,3251.5,ZeroMinusTick,6dbfe08b-4dd5-a4af-a3ea-2b99851fb765,352458,243
2018-12-14 05:49:24.059,181218225146994,18121405,XBTUSD,Sell,500,3251,ZeroMinusTick,99bb254b-c17d-ffbf-d645-fa596a79d8f3,352958,244
2018-12-14 05:49:24.059,181218225146994,18121405,XBTUSD,Sell,36,3251,ZeroMinusTick,585725ee-6f7f-8184-ad44-3f6f10e7965b,352994,245
2018-12-14 05:47:02.774,181218225146994,18121405,XBTUSD,Sell,800,3251.5,ZeroMinusTick,1b1a1043-5e9d-60ac-8be8-34d9a8d890b7,353794,246
2018-12-14 05:47:59.451,181218225146994,18121405,XBTUSD,Buy,600,3252,PlusTick,a99cbb90-2b60-a1fd-77fa-ade899e9074e,354394,247
2018-12-14 05:48:03.925,181218225146994,18121405,XBTUSD,Buy,2500,3252,PlusTick,ed71aaca-d66b-6b4d-2a56-3663be86d23c,356894,248
2018-12-14 05:48:08.282,181218225146994,18121405,XBTUSD,Sell,222,3251.5,ZeroMinusTick,f2d106f0-5ad4-b559-c931-a32223bf7617,357116,249
2018-12-14 05:48:08.544,181218225146994,18121405,XBTUSD,Sell,2500,3251.5,ZeroMinusTick,bea569e0-dcd1-6d3e-45ea-4c69334d6313,359616,250
2018-12-14 05:48:09.538,181218225146994,18121405,XBTUSD,Sell,53,3251.5,ZeroMinusTick,3b7513ab-5cea-9a2a-f284-ab79fef72b2f,359669,251
2018-12-14 05:48:10.920,181218225146995,18121405,XBTUSD,Sell,10,3251.5,ZeroMinusTick,34628344-4415-6f24-3958-2d88a72d023f,359679,252
2018-12-14 05:48:33.806,181218225146995,18121405,XBTUSD,Sell,435,3251.5,ZeroMinusTick,7a4e73fd-93fd-e0f7-7d85-d839b52a6cc5,360114,253
2018-12-14 05:49:01.307,181218225146995,18121405,XBTUSD,Buy,8000,3252,PlusTick,411db476-dd2f-7ffd-196b-0cacf55aebdf,368114,254
2018-12-14 05:49:01.620,181218225146995,18121405,XBTUSD,Sell,255,3251.5,MinusTick,23425b42-786d-9e71-aa17-3c9f31ffb34f,368369,255
2018-12-14 05:49:22.059,181218225146995,18121405,XBTUSD,Sell,627,3251.5,MinusTick,c2546de2-f5a4-35a2-d7a1-77d77e8a4fab,368996,256
2018-12-14 05:49:24.059,181218225146995,18121405,XBTUSD,Sell,35,3251.5,ZeroMinusTick,a07dcf5d-f437-06ea-c156-6091aef16324,369031,257
2018-12-14 05:49:24.059,181218225146995,18121405,XBTUSD,Sell,38,3251.5,ZeroMinusTick,2729a608-f195-d212-9dcc-03dd3e08d860,369069,258
2018-12-14 05:49:24.059,181218225146995,18121405,XBTUSD,Sell,108,3251.5,ZeroMinusTick,738a80ba-c5fb-35c9-96b1-f1bf06c859bb,369177,259
2018-12-14 05:49:24.059,181218225146995,18121405,XBTUSD,Sell,10,3251.5,ZeroMinusTick,ade5f195-dd4f-aa9a-25a2-4f647fdfa6eb,369187,260
2018-12-14 05:49:24.059,181218225146995,18121405,XBTUSD,Sell,69,3251.5,ZeroMinusTick,2be6faf1-2fdd-513d-e737-b93ef0de78ec,369256,261
2018-12-14 05:49:24.059,181218225146995,18121405,XBTUSD,Sell,5000,3251.5,ZeroMinusTick,7eb5c072-1568-ce70-6976-396566d303d4,374256,262
2018-12-14 05:49:24.059,181218225146995,18121405,XBTUSD,Sell,49,3251.5,ZeroMinusTick,a34fc29a-b978-f613-af65-33e7d8c12d8f,374305,263
2018-12-14 05:49:24.059,181218225146995,18121405,XBTUSD,Sell,207,3251,ZeroMinusTick,9a4f8d24-0841-277b-5d98-9d87ec1cdd34,374512,264
2018-12-14 05:49:24.059,181218225146995,18121405,XBTUSD,Sell,77,3251,ZeroMinusTick,fe4cf606-c1af-3560-75c7-aa49d582ff0c,374589,265
2018-12-14 05:49:24.059,181218225146995,18121405,XBTUSD,Sell,21,3251,ZeroMinusTick,c0bf6eb6-4ba8-f5c3-1a4e-659659b2f7ed,374610,266
2018-12-14 05:49:24.059,181218225146995,18121405,XBTUSD,Sell,28,3251,ZeroMinusTick,540fe806-3cf8-5069-f5fe-b535bdeea512,374638,267
2018-12-14 05:49:24.059,181218225146995,18121405,XBTUSD,Sell,4500,3251,ZeroMinusTick,1cc3c54b-84db-724d-d6e6-800e2ae3301e,379138,268
2018-12-14 05:49:25.042,181218225146995,18121405,XBTUSD,Sell,75,3250.5,ZeroMinusTick,96745229-e076-7d42-0586-94ac3660352e,379213,269
2018-12-14 05:49:31.331,181218225146995,18121405,XBTUSD,Sell,500,3250.5,ZeroMinusTick,10aaf2d5-e1ba-df00-051b-2744e4027de4,379713,270
2018-12-14 05:49:37.953,181218225146995,18121405,XBTUSD,Sell,242,3250.5,ZeroMinusTick,33d7d36f-9b51-b191-8b1d-ad90da5324f9,379955,271
2018-12-14 05:49:39.715,181218225146995,18121405,XBTUSD,Sell,25,3250.5,ZeroMinusTick,7f788df3-037d-bc5b-0804-7fe9d694d668,379980,272
2018-12-14 05:49:47.855,181218225146995,18121405,XBTUSD,Sell,500,3250,ZeroMinusTick,0b3e6c3d-b19e-30fd-5a0e-55fbb643af74,380480,273
2018-12-14 05:49:50.810,181218225146995,18121405,XBTUSD,Sell,500,3250,ZeroMinusTick,0555b99c-8f26-55e6-0a3e-45a1b7293b77,380980,274
2018-12-14 05:49:56.583,181218225146995,18121405,XBTUSD,Buy,10000,3250.5,PlusTick,4c4127bf-844b-118c-2fc3-cd6e6ded1811,390980,275
2018-12-14 05:50:01.821,181218225146995,18121405,XBTUSD,Sell,905,3250,ZeroMinusTick,e54b1b1b-0d56-8082-e886-ca9522b07759,391885,276
2018-12-14 05:50:09.359,181218225146995,18121405,XBTUSD,Sell,4330,3250,ZeroMinusTick,236b8617-2c1b-d41c-2da3-39208653a457,396215,277
2018-12-14 05:50:11.637,181218225146995,18121405,XBTUSD,Sell,100,3250,ZeroMinusTick,12bdea28-8c3d-0f99-aeb7-3b4e470b8a9c,396315,278
2018-12-14 05:50:12.320,181218225146995,18121405,XBTUSD,Sell,100,3250,ZeroMinusTick,d1b50f41-fb3c-d73c-60e2-e208bf0e04e7,396415,279
2018-12-14 05:50:13.773,181218225146995,18121405,XBTUSD,Sell,108,3250,ZeroMinusTick,88813b97-7aab-ffa4-b315-e67109e96974,396523,280
2018-12-14 05:50:15.751,181218225146995,18121405,XBTUSD,Sell,14000,3250,ZeroMinusTick,3deac7b9-1cf8-a392-1571-a73db558378c,410523,281
2018-12-14 05:46:52.985,181218225146995,18121405,XBTUSD,Sell,1000,3251.5,ZeroMinusTick,75ad940a-5959-29c1-7471-c84fca44fea5,411523,282
2018-12-14 05:46:59.801,181218225146995,18121405,XBTUSD,Sell,21,3251.5,ZeroMinusTick,33ef26da-cce3-89ff-7239-3f5a315efd03,411544,283
2018-12-14 05:48:04.413,181218225146995,18121405,XBTUSD,Sell,100,3251.5,MinusTick,d0b03e85-5d2b-52d7-a02b-cbbbe96db9af,411644,284
2018-12-14 05:48:06.850,181218225146995,18121405,XBTUSD,Sell,2900,3251.5,ZeroMinusTick,d3026fb3-4ebf-0e56-261d-f6906bb47105,414544,285
2018-12-14 05:48:08.282,181218225146995,18121405,XBTUSD,Sell,270,3251.5,ZeroMinusTick,e52dfc5e-1d00-e732-ab03-540678e72bf5,414814,286
2018-12-14 05:48:08.544,181218225146996,18121405,XBTUSD,Sell,335,3251.5,ZeroMinusTick,9ce80b27-8983-486b-b3d0-8e96104ec2dc,415149,287
2018-12-14 05:48:09.538,181218225146996,18121405,XBTUSD,Sell,2487,3251.5,ZeroMinusTick,5c930e3b-df45-5d7b-29f8-750a00d6945f,417636,288
2018-12-14 05:48:10.920,181218225146996,18121405,XBTUSD,Sell,1000,3251.5,ZeroMinusTick,025b3ffc-e72f-be65-2f3b-3929d865c631,418636,289
2018-12-14 05:48:33.806,181218225146996,18121405,XBTUSD,Sell,800,3251.5,ZeroMinusTick,60bb4bb8-8af9-4fef-96ea-5cff6997ba03,419436,290
2018-12-14 05:49:24.059,181218225146996,18121405,XBTUSD,Sell,100,3251.5,ZeroMinusTick,50539c34-cd05-ee5d-f2f4-4b8437b9bfa7,419536,291
2018-12-14 05:49:24.059,181218225146996,18121405,XBTUSD,Sell,750,3251.5,ZeroMinusTick,145102fb-72d6-497a-e445-89c5266a2c5a,420286,292
2018-12-14 05:49:24.059,181218225146996,18121405,XBTUSD,Sell,23000,3251.5,ZeroMinusTick,7cb05705-3520-ea6e-09bf-fd20a8315616,443286,293
2018-12-14 05:49:24.059,181218225146996,18121405,XBTUSD,Sell,399,3251.5,ZeroMinusTick,41425d0b-987f-e256-b281-1bc9ab5615dd,443685,294
2018-12-14 05:49:24.059,181218225146996,18121405,XBTUSD,Sell,16400,3251.5,ZeroMinusTick,10c5088e-491b-9509-f0b2-3c0e7e92049c,460085,295
2018-12-14 05:49:24.059,181218225146996,18121405,XBTUSD,Sell,41,3251,MinusTick,027876fe-4815-c6f7-7677-c08fb89e8581,460126,296
2018-12-14 05:49:24.059,181218225146996,18121405,XBTUSD,Sell,4000,3251,ZeroMinusTick,4e0059b6-b98d-0e64-e5df-9b507cbc0478,464126,297
2018-12-14 05:49:24.059,181218225146996,18121405,XBTUSD,Sell,24,3251,ZeroMinusTick,dca7472f-36dc-c987-fac2-1cdc9b861454,464150,298
2018-12-14 05:49:24.059,181218225146996,18121405,XBTUSD,Sell,10,3251,ZeroMinusTick,412a0a38-ac10-1ae6-5b49-462004d3831e,464160,299
2018-12-14 05:49:24.059,181218225146996,18121405,XBTUSD,Sell,500,3251,ZeroMinusTick,168ff993-72fc-a5cb-ec36-25aa16f70d0c,464660,300
2018-12-14 05:49:24.059,181218225146996,18121405,XBTUSD,Sell,37,3251,ZeroMinusTick,86b8de69-448c-155d-ee9f-5539e6345f88,464697,301
2018-12-14 05:49:25.042,181218225146996,18121405,XBTUSD,Sell,51,3250.5,ZeroMinusTick,c99e0d4b-b1be-0620-ec28-ccac2086bcb1,464748,302
2018-12-14 05:49:31.331,181218225146996,18121405,XBTUSD,Sell,1649,3250.5,ZeroMinusTick,ac46b62d-8b1e-8aa0-d9a0-639233a22a15,466397,303
2018-12-14 05:49:37.953,181218225146996,18121405,XBTUSD,Sell,22,3250.5,ZeroMinusTick,11ec83c6-419b-9878-268b-5366840a12ec,466419,304
2018-12-14 05:49:37.953,181218225146996,18121405,XBTUSD,Sell,1508,3250.5,ZeroMinusTick,374871c6-deab-3a55-357d-bb04c4cdc750,467927,305
2018-12-14 05:49:39.715,181218225146996,18121405,XBTUSD,Sell,27,3250.5,ZeroMinusTick,fb077de3-5149-68d9-8111-fb2b73d297b4,467954,306
2018-12-14 05:49:50.810,181218225146996,18121405,XBTUSD,Sell,1000,3250,ZeroMinusTick,85121f4c-0a68-ac35-3644-7dee73318b3f,468954,307
2018-12-14 05:50:01.821,181218225146996,18121405,XBTUSD,Sell,1000,3250,ZeroMinusTick,b1d33d41-22a2-9381-c430-18fac801ef5c,469954,308
2018-12-14 05:50:09.359,181218225146996,18121405,XBTUSD,Sell,555,3250,ZeroMinusTick,32f62fc4-f6cf-f8ed-7e84-62897e146fff,470509,309
2018-12-14 05:50:12.320,181218225146996,18121405,XBTUSD,Sell,30,3250,ZeroMinusTick,0f720879-46ff-e430-3309-ca910d186e87,470539,310
2018-12-14 05:50:12.320,181218225146996,18121405,XBTUSD,Sell,2204,3250,ZeroMinusTick,77fefa80-fc16-75c0-a45c-be0890d17fe2,472743,311
2018-12-14 05:50:13.773,181218225146996,18121405,XBTUSD,Sell,2000,3250,ZeroMinusTick,70a772db-ee29-e195-5d5c-138594565799,474743,312
2018-12-14 05:50:13.773,181218225146996,18121405,XBTUSD,Sell,9,3250,ZeroMinusTick,3c15e3ab-0a45-df40-f554-6d6c869d4ded,474752,313
2018-12-14 05:50:15.751,181218225146996,18121405,XBTUSD,Sell,7,3250,ZeroMinusTick,2bcc0aa2-e0cf-6889-136e-103708d113e3,474759,314
2018-12-14 05:50:17.370,181218225146996,18121405,XBTUSD,Sell,329,3250,ZeroMinusTick,fa933cef-61ba-633f-f4ec-8f3670f769f4,475088,315
2018-12-14 05:50:17.687,181218225146996,18121405,XBTUSD,Sell,1000,3250,ZeroMinusTick,3c302df4-c994-65b1-0f82-2a1c8de74c91,476088,316
2018-12-14 05:50:21.719,181218225146996,18121405,XBTUSD,Sell,50,3250,ZeroMinusTick,f7a956b7-b8b9-f50b-2e88-e91e625550c4,476138,317
2018-12-14 05:50:24.792,181218225146996,18121405,XBTUSD,Sell,30,3250,ZeroMinusTick,8e2e37e7-0463-573c-0916-1d320274efff,476168,318
2018-12-14 05:46:48.249,181218225146996,18121405,XBTUSD,Sell,162,3251.5,ZeroMinusTick,5e33ef3b-6fc6-7e30-cb6a-7de5f0179f8b,476330,319
2018-12-14 05:46:48.791,181218225146996,18121405,XBTUSD,Sell,1,3251.5,ZeroMinusTick,40dd125c-dec2-521e-24d6-92c3c5f8fc67,476331,320
2018-12-14 05:47:19.623,181218225146996,18121405,XBTUSD,Sell,7300,3251.5,ZeroMinusTick,3a097d7f-2dc7-12b5-988e-4cac345650d1,483631,321
2018-12-14 05:47:44.860,181218225146997,18121405,XBTUSD,Sell,163,3251.5,ZeroMinusTick,0b3ec25f-2574-d87d-9a7a-9c53068cf951,483794,322
2018-12-14 05:47:45.085,181218225146997,18121405,XBTUSD,Sell,1,3251.5,ZeroMinusTick,14c4dc23-abf7-c19e-4a5d-63c126a7285b,483795,323
2018-12-14 05:47:49.845,181218225146997,18121405,XBTUSD,Sell,1,3251.5,ZeroMinusTick,c81353c2-5fe0-0c7d-1e1d-8a77008b24ee,483796,324
2018-12-14 05:47:49.870,181218225146997,18121405,XBTUSD,Buy,300,3252,PlusTick,d53f9757-9a67-881b-a88d-31fcf450a00f,484096,325
2018-12-14 05:48:08.282,181218225146997,18121405,XBTUSD,Sell,30,3251.5,ZeroMinusTick,3a28da18-0b73-ba55-7c00-4fd7592ec2ef,484126,326
2018-12-14 05:48:08.544,181218225146997,18121405,XBTUSD,Sell,1,3251.5,ZeroMinusTick,485201df-b47b-5812-d9f6-e483c99bdd62,484127,327
2018-12-14 05:48:09.538,181218225146997,18121405,XBTUSD,Sell,100,3251.5,ZeroMinusTick,03f8e16e-e85a-aa98-9e1c-467c583ed4ae,484227,328
2018-12-14 05:48:10.920,181218225146997,18121405,XBTUSD,Sell,8182,3251.5,ZeroMinusTick,c1f377e1-480e-e285-7369-e188dc69cfff,492409,329
2018-12-14 05:48:33.806,181218225146999,18121405,XBTUSD,Sell,35,3251.5,ZeroMinusTick,3e4757b7-f660-c924-71a4-dd8df1636594,492444,330
2018-12-14 05:49:03.910,181218225146999,18121405,XBTUSD,Buy,44,3252,PlusTick,e32f19dc-c135-deb5-779f-36f4f36dbdf0,492488,331
2018-12-14 05:49:22.059,181218225146999,18121405,XBTUSD,Sell,200,3251.5,ZeroMinusTick,4ec1ec2f-18d1-c371-971c-03749e726785,492688,332
2018-12-14 05:49:24.059,181218225146999,18121405,XBTUSD,Sell,9,3251.5,ZeroMinusTick,ab0454b8-955e-a5ef-d84d-a7827a7dae0d,492697,333
2018-12-14 05:49:24.059,181218225146999,18121405,XBTUSD,Sell,20,3251.5,ZeroMinusTick,6ab5627a-a1b1-74b2-23ba-9db6b9ed0f9b,492717,334
2018-12-14 05:49:24.059,181218225146999,18121405,XBTUSD,Sell,222,3251.5,ZeroMinusTick,0891eebc-ddc5-d1cb-e56a-4c93e83b259d,492939,335
2018-12-14 05:49:24.059,181218225146999,18121405,XBTUSD,Sell,60,3251.5,ZeroMinusTick,76a32cf5-1561-fbdc-7541-405d3a8de8bb,492999,336
2018-12-14 05:49:24.059,181218225146999,18121405,XBTUSD,Sell,106,3251.5,ZeroMinusTick,138edc40-27a1-f6d2-352d-7c0bd3caddec,493105,337
2018-12-14 05:49:24.059,181218225147000,18121405,XBTUSD,Sell,79,3251.5,ZeroMinusTick,99294658-8d19-b122-7d95-65fc14ecfe68,493184,338
2018-12-14 05:49:24.059,181218225147000,18121405,XBTUSD,Sell,50,3251.5,ZeroMinusTick,dc6a52a7-2ea9-ccfa-b98f-0efc47ae37cf,493234,339
2018-12-14 05:49:24.059,181218225147000,18121405,XBTUSD,Sell,9,3251,ZeroMinusTick,bbb0a913-2a9f-2f80-aa69-5e0ed7acdd0c,493243,340
2018-12-14 05:49:24.059,181218225147000,18121405,XBTUSD,Sell,16,3251,ZeroMinusTick,7da9b444-6328-ade9-7ddf-b64e2710772c,493259,341
2018-12-14 05:49:24.059,181218225147000,18121405,XBTUSD,Sell,15,3251,ZeroMinusTick,a0d97c07-8fd4-95f9-75c2-5532f1fca701,493274,342
2018-12-14 05:49:24.059,181218225147000,18121405,XBTUSD,Sell,9,3251,ZeroMinusTick,5c600a92-d985-1ba9-4744-74def3e4f8dc,493283,343
2018-12-14 05:49:24.059,181218225147000,18121405,XBTUSD,Sell,500,3251,ZeroMinusTick,af0f6b74-c4cb-bf78-8e49-0338570858ed,493783,344
2018-12-14 05:49:25.757,181218225147000,18121405,XBTUSD,Sell,400,3250.5,ZeroMinusTick,3812cbae-d821-6944-81a8-ab819bf7ba85,494183,345
2018-12-14 05:49:28.278,181218225147000,18121405,XBTUSD,Sell,624,3250.5,ZeroMinusTick,41e423ff-af38-ed97-61cf-2130e1633da3,494807,346
2018-12-14 05:49:29.750,181218225147000,18121405,XBTUSD,Sell,37208,3250.5,ZeroMinusTick,5a177bc8-4a16-f3ec-8a39-c2503fbd3cc5,532015,347
2018-12-14 05:49:31.331,181218225147000,18121405,XBTUSD,Sell,1000,3250.5,ZeroMinusTick,b763da56-bd35-6a4d-7394-7891b2e4e355,533015,348
2018-12-14 05:49:37.953,181218225147000,18121405,XBTUSD,Sell,500,3250.5,ZeroMinusTick,78871a2d-6328-d5a4-25d6-ce84a71479b5,533515,349
2018-12-14 05:49:39.715,181218225147000,18121405,XBTUSD,Sell,238,3250.5,ZeroMinusTick,8b7c7c73-bdff-8ba0-44bb-284a7d63f844,533753,350
2018-12-14 05:49:40.669,181218225147000,18121405,XBTUSD,Sell,3000,3250,ZeroMinusTick,855ac4d2-60e8-4fdc-dcf6-4b43928c0a46,536753,351
2018-12-14 05:49:40.921,181218225147000,18121405,XBTUSD,Sell,3000,3250,ZeroMinusTick,c3cde7b5-9ad5-30ef-a314-4c819b3f194f,539753,352
2018-12-14 05:49:40.982,181218225147000,18121405,XBTUSD,Sell,10000,3250,ZeroMinusTick,2e97471b-bff0-8e43-359f-a1a4af80243c,549753,353
2018-12-14 05:49:45.225,181218225147000,18121405,XBTUSD,Sell,50,3250,ZeroMinusTick,04f6b34f-4f1d-4a89-4206-4f1cad08d959,549803,354
2018-12-14 05:49:45.677,181218225147000,18121405,XBTUSD,Sell,100,3250,ZeroMinusTick,51fdeb33-4487-26c6-d322-dfc217b93dcd,549903,355
2018-12-14 05:49:50.810,181218225147000,18121405,XBTUSD,Sell,200,3250,ZeroMinusTick,3a242c72-9539-4ed7-83c6-656fc0eae1f9,550103,356
2018-12-14 05:50:01.821,181218225147000,18121405,XBTUSD,Sell,250,3250,ZeroMinusTick,bc1407af-6af9-acc7-d1f2-4708d04bc2c5,550353,357
2018-12-14 05:46:52.985,181218225147000,18121405,XBTUSD,Sell,2021,3251.5,ZeroMinusTick,6a89dc09-1503-3e55-4eda-fedb388d434b,552374,358
2018-12-14 05:47:11.371,181218225147000,18121405,XBTUSD,Sell,1000,3251.5,ZeroMinusTick,254e6c6a-7091-a098-7628-a8d5d2100078,553374,359
2018-12-14 05:47:11.690,181218225147000,18121405,XBTUSD,Sell,10,3251.5,ZeroMinusTick,4f9239f4-9654-f66e-0f9b-aa6ceba55270,553384,360
2018-12-14 05:47:27.723,181218225147000,18121405,XBTUSD,Sell,100,3251.5,ZeroMinusTick,664b8397-da95-3027-d584-2868b8e9834e,553484,361
2018-12-14 05:47:35.142,181218225147000,18121405,XBTUSD,Buy,6000,3252,PlusTick,5f4d37b2-2039-3457-40af-dc68b0536df3,559484,362
2018-12-14 05:47:41.896,181218225147000,18121405,XBTUSD,Sell,1000,3251.5,ZeroMinusTick,a9c1c92a-80c8-6dbb-30dd-d7471176e9d0,560484,363
2018-12-14 05:47:42.049,181218225147000,18121405,XBTUSD,Sell,162,3251.5,ZeroMinusTick,67dbd483-cbc7-d2af-b22d-7f87802a4566,560646,364
2018-12-14 05:47:43.305,181218225147000,18121405,XBTUSD,Buy,10000,3252,PlusTick,70e53071-a583-73b4-9480-04f368ca6e52,570646,365
2018-12-14 05:47:48.625,181218225147000,18121405,XBTUSD,Sell,8200,3251.5,ZeroMinusTick,f1100907-0e3d-8a57-07ed-928bf40c4390,578846,366
2018-12-14 05:47:48.655,181218225147000,18121405,XBTUSD,Sell,162,3251.5,ZeroMinusTick,f8cfc895-55fc-7d78-ae51-c30fae5ff36a,579008,367
2018-12-14 05:47:48.768,181218225147000,18121405,XBTUSD,Sell,1,3251.5,ZeroMinusTick,ccf840f1-cb9a-e6f5-c525-6cc314d60272,579009,368
2018-12-14 05:48:08.282,181218225147000,18121405,XBTUSD,Sell,4866,3251.5,ZeroMinusTick,9c5af012-3f2d-acd1-9376-3aca5d4c1008,583875,369
2018-12-14 05:48:08.544,181218225147000,18121405,XBTUSD,Sell,134,3251.5,ZeroMinusTick,cebaf043-67b6-482a-7e5d-dbfd79ddac66,584009,370
2018-12-14 05:48:09.538,181218225147000,18121405,XBTUSD,Sell,50,3251.5,ZeroMinusTick,e31745cd-0dcd-e81b-9fa8-f36501646990,584059,371
2018-12-14 05:48:10.920,181218225147000,18121405,XBTUSD,Sell,9,3251.5,ZeroMinusTick,6b06a344-fa4f-66fa-e35b-8d3ae7de15e1,584068,372
2018-12-14 05:48:14.630,181218225147000,18121405,XBTUSD,Sell,60000,3251.5,ZeroMinusTick,6342759d-0efc-0beb-9baa-55f0aaf773e7,644068,373
2018-12-14 05:48:14.729,181218225147000,18121405,XBTUSD,Sell,188,3251.5,ZeroMinusTick,f1bb8700-53da-1fa0-8e1f-031d57ec8ef0,644256,374
2018-12-14 05:48:28.195,181218225147000,18121405,XBTUSD,Sell,950,3251.5,MinusTick,5ebb7cd9-3284-0170-162f-18fb2fdf06bc,645206,375
2018-12-14 05:48:33.806,181218225147000,18121405,XBTUSD,Sell,170,3251.5,ZeroMinusTick,3218ce98-6243-0bf8-45e1-b542115629b8,645376,376
2018-12-14 05:49:16.476,181218225147000,18121405,XBTUSD,Sell,250,3251.5,ZeroMinusTick,77303391-58b9-9a52-cf08-12d3988dfae0,645626,377
2018-12-14 05:49:18.734,181218225147000,18121405,XBTUSD,Buy,1000,3252,PlusTick,8494c8f1-aeaf-deea-2aa3-71bd60a9d6c7,646626,378
2018-12-14 05:49:22.059,181218225147000,18121405,XBTUSD,Sell,964,3251.5,ZeroMinusTick,3a0db0e8-9b1d-70bb-12a6-3264c1d93ea2,647590,379
2018-12-14 05:49:24.059,181218225147000,18121405,XBTUSD,Sell,50,3251.5,ZeroMinusTick,8f96324d-424a-10d2-fa69-1b54858e9225,647640,380
2018-12-14 05:49:24.059,181218225147000,18121405,XBTUSD,Sell,10,3251.5,ZeroMinusTick,780b322c-24a2-b34a-6686-596c6810a4aa,647650,381
2018-12-14 05:49:24.059,181218225147000,18121405,XBTUSD,Sell,30000,3251.5,ZeroMinusTick,c3f2c34f-ee45-fa85-0d31-88c045f55bc3,677650,382
2018-12-14 05:49:24.059,181218225147000,18121405,XBTUSD,Sell,400,3251.5,ZeroMinusTick,388215b7-f138-6501-14d5-b4c9e31d9dfb,678050,383
2018-12-14 05:49:24.059,181218225147000,18121405,XBTUSD,Sell,64,3251.5,ZeroMinusTick,a3abc472-3851-bb68-a4e0-70658e2104d6,678114,384
2018-12-14 05:49:24.059,181218225147000,18121405,XBTUSD,Sell,23,3251.5,ZeroMinusTick,5fa12c5d-e270-b403-f23e-63f9a1f6b1fb,678137,385
2018-12-14 05:49:24.059,181218225147001,18121405,XBTUSD,Sell,11,3251.5,ZeroMinusTick,8de0aa18-5dfa-6ec3-bce8-071683671d67,678148,386
2018-12-14 05:49:24.059,181218225147001,18121405,XBTUSD,Sell,9,3251,ZeroMinusTick,6a69dbb3-6818-4955-742d-6670f4f2f2a9,678157,387
2018-12-14 05:49:24.059,181218225147001,18121405,XBTUSD,Sell,25,3251,ZeroMinusTick,7645be72-5815-5960-94ce-3bd51c0c8cdb,678182,388
2018-12-14 05:49:24.059,181218225147001,18121405,XBTUSD,Sell,16,3251,ZeroMinusTick,8b9c52d0-4103-2cb6-4ff5-8fed94436a46,678198,389
2018-12-14 05:49:24.059,181218225147001,18121405,XBTUSD,Sell,25,3251,ZeroMinusTick,ae50d67c-0808-64e7-a9c8-6f6e04ed0e3e,678223,390
2018-12-14 05:49:24.059,181218225147001,18121405,XBTUSD,Sell,50,3251,ZeroMinusTick,45cdfc41-2128-b2e9-b1c8-3a1f55289ef2,678273,391
2018-12-14 05:49:25.042,181218225147001,18121405,XBTUSD,Sell,38,3250.5,MinusTick,98f8aec6-ab76-b963-b71b-f466c8d355b2,678311,392
2018-12-14 05:49:26.660,181218225147001,18121405,XBTUSD,Buy,1000,3251,PlusTick,3a781a56-4f9a-0e0e-b5f3-50d4f1d0bd1c,679311,393
2018-12-14 05:49:28.278,181218225147001,18121405,XBTUSD,Sell,1208,3250.5,ZeroMinusTick,87d94db5-25fe-aefe-4ec5-a3bb2d428535,680519,394
2018-12-14 05:49:30.960,181218225147001,18121405,XBTUSD,Sell,1000,3250.5,ZeroMinusTick,ca7f50f0-a43e-d8fa-598e-27ea04e37f87,681519,395
2018-12-14 05:49:31.331,181218225147001,18121405,XBTUSD,Sell,8792,3250.5,ZeroMinusTick,62c6f9f9-b0ce-64bd-7ced-067b84574c40,690311,396
2018-12-14 05:49:37.953,181218225147001,18121405,XBTUSD,Sell,60,3250.5,ZeroMinusTick,14b32bfb-fa90-dd5a-4fdb-5422814ab687,690371,397
2018-12-14 05:49:50.487,181218225147001,18121405,XBTUSD,Sell,400,3250,ZeroMinusTick,14e72da1-0dea-63ed-87f1-866878a4dfc4,690771,398
2018-12-14 05:47:31.246,181218225147001,18121405,XBTUSD,Sell,162,3251.5,ZeroMinusTick,6f475768-8cda-e32b-5ea7-f7ea663d1068,690933,399
2018-12-14 05:47:32.098,181218225147001,18121405,XBTUSD,Sell,1,3251.5,ZeroMinusTick,b73fdf4d-2621-07d6-60d1-cce41ab76710,690934,400
2018-12-14 05:47:42.397,181218225147001,18121405,XBTUSD,Sell,1,3251.5,ZeroMinusTick,74a33033-1afb-fc85-04c1-3cd137ae30dd,690935,401
2018-12-14 05:47:43.501,181218225147001,18121405,XBTUSD,Sell,162,3251.5,MinusTick,15d74916-1e37-fc65-73a8-eea01325251b,691097,402
2018-12-14 05:47:43.984,181218225147001,18121405,XBTUSD,Sell,1,3251.5,ZeroMinusTick,73d0bae4-d6c5-17f2-2090-75bc56008da4,691098,403
2018-12-14 05:47:50.872,181218225147001,18121405,XBTUSD,Sell,162,3251.5,MinusTick,7b83b5de-6ccc-a5a3-dc8d-4e6ce5b44ea8,691260,404
2018-12-14 05:48:08.282,181218225147001,18121405,XBTUSD,Sell,41,3251.5,ZeroMinusTick,6d7d25e7-f527-fd0b-039d-29bde9ed94ac,691301,405
2018-12-14 05:48:09.538,181218225147001,18121405,XBTUSD,Sell,165,3251.5,ZeroMinusTick,5245e268-282d-faa7-8a1f-b4c087a395a8,691466,406
2018-12-14 05:48:10.920,181218225147001,18121405,XBTUSD,Sell,222,3251.5,ZeroMinusTick,53f6501c-7dc9-7d9f-b768-3dca87fafc9c,691688,407
2018-12-14 05:48:17.552,181218225147001,18121405,XBTUSD,Sell,10,3251.5,ZeroMinusTick,7850e1ba-3b28-1b79-8aca-7e452c12ffa4,691698,408
2018-12-14 05:48:58.718,181218225147001,18121405,XBTUSD,Sell,300,3251.5,MinusTick,d78776ef-205e-0afa-4f4f-2eb58a7ceabc,691998,409
2018-12-14 05:49:22.059,181218225147001,18121405,XBTUSD,Sell,200,3251.5,ZeroMinusTick,08bbea5c-bca7-960e-1e06-f08f724baa11,692198,410
2018-12-14 05:49:24.059,181218225147001,18121405,XBTUSD,Sell,9293,3251.5,ZeroMinusTick,81a712c6-c6c0-1965-e18f-fcf642b16346,701491,411
2018-12-14 05:49:24.059,181218225147001,18121405,XBTUSD,Sell,10,3251.5,ZeroMinusTick,ef122a70-fb85-b2f8-a385-4760bc7969f9,701501,412
2018-12-14 05:49:24.059,181218225147001,18121405,XBTUSD,Sell,16,3251.5,ZeroMinusTick,dc454497-340d-89a3-706b-8578a036cd9a,701517,413
2018-12-14 05:49:24.059,181218225147001,18121405,XBTUSD,Sell,35,3251.5,ZeroMinusTick,1a10c2c6-ea4a-910f-8c69-9862535820f9,701552,414
2018-12-14 05:49:24.059,181218225147001,18121405,XBTUSD,Sell,16,3251.5,ZeroMinusTick,5a201f7d-d5ef-5447-7239-09c87f61ed43,701568,415
2018-12-14 05:49:24.059,181218225147001,18121405,XBTUSD,Sell,46,3251.5,ZeroMinusTick,4e678e7e-37dd-7803-8f47-9c3372b3f1ec,701614,416
2018-12-14 05:49:24.059,181218225147001,18121405,XBTUSD,Sell,37,3251.5,ZeroMinusTick,a907be7b-aeca-d215-7aec-f058ca79bf86,701651,417
2018-12-14 05:49:24.059,181218225147001,18121405,XBTUSD,Sell,9,3251,ZeroMinusTick,35eac09e-08de-0124-d3d2-f6adebd035ce,701660,418
2018-12-14 05:49:24.059,181218225147001,18121405,XBTUSD,Sell,55,3251,ZeroMinusTick,92f33659-0f0e-3b10-96c1-860abc861eba,701715,419
2018-12-14 05:49:24.059,181218225147001,18121405,XBTUSD,Sell,13,3251,ZeroMinusTick,b826e4b9-f9ae-727f-72ce-9eceaedfb2e6,701728,420
2018-12-14 05:49:24.059,181218225147001,18121405,XBTUSD,Sell,50,3251,ZeroMinusTick,b010349f-e295-fa08-35a7-59a8bae79121,701778,421
2018-12-14 05:49:24.059,181218225147001,18121405,XBTUSD,Sell,200,3251,ZeroMinusTick,6479b0f8-8a49-1286-77d8-aba96243c412,701978,422
2018-12-14 05:49:27.163,181218225147001,18121405,XBTUSD,Sell,375,3250.5,ZeroMinusTick,678a7f10-d579-8158-9376-37e666617b8e,702353,423
2018-12-14 05:49:31.331,181218225147001,18121405,XBTUSD,Sell,50,3250.5,ZeroMinusTick,654c2a3c-60bc-ad7d-fb32-e5fd2dc4d139,702403,424
2018-12-14 05:49:37.953,181218225147002,18121405,XBTUSD,Sell,3409,3250.5,ZeroMinusTick,1eec4f8e-3c25-0a34-9a4b-61485ac6245d,705812,425
2018-12-14 05:49:37.953,181218225147002,18121405,XBTUSD,Sell,25,3250.5,ZeroMinusTick,614e6412-bd14-aee9-973e-bdc2e2de56b3,705837,426
2018-12-14 05:49:39.715,181218225147002,18121405,XBTUSD,Sell,10,3250.5,ZeroMinusTick,9886fa47-cdcb-eca1-07e3-665229142d87,705847,427
2018-12-14 05:49:50.810,181218225147002,18121405,XBTUSD,Sell,220,3250,ZeroMinusTick,fad14ce0-3026-b54a-ac48-c4f23dc888fc,706067,428
2018-12-14 05:50:09.359,181218225147002,18121405,XBTUSD,Sell,495,3250,ZeroMinusTick,0c556825-2df6-0554-6b53-275b0d976482,706562,429
2018-12-14 05:50:12.320,181218225147002,18121405,XBTUSD,Sell,20,3250,ZeroMinusTick,17af744a-fc3b-a819-d7d6-e82fa9fda134,706582,430
2018-12-14 05:50:13.769,181218225147002,18121405,XBTUSD,Sell,2000,3250,ZeroMinusTick,70819c42-662f-2151-6dd7-1cfc142d3f55,708582,431
2018-12-14 05:50:13.773,181218225147002,18121405,XBTUSD,Sell,79,3250,ZeroMinusTick,c54e510f-91bb-e419-f258-28e7242b025e,708661,432
2018-12-14 05:50:15.751,181218225147002,18121405,XBTUSD,Sell,20,3250,ZeroMinusTick,bba0daf1-d995-8152-f555-57efb8033949,708681,433
2018-12-14 05:50:17.370,181218225147002,18121405,XBTUSD,Sell,24,3250,ZeroMinusTick,0324658d-4f37-b7dd-94ec-d12f7075cba9,708705,434
2018-12-14 05:50:21.719,181218225147002,18121405,XBTUSD,Sell,1675,3250,ZeroMinusTick,07a03f96-a303-947e-e4e0-757f3fa0645e,710380,435
2018-12-14 05:50:23.911,181218225147002,18121405,XBTUSD,Sell,32,3250,ZeroMinusTick,8646575b-2ed3-b3dc-bea5-f16860f95817,710412,436
2018-12-14 05:50:24.792,181218225147002,18121405,XBTUSD,Sell,30,3249.5,MinusTick,4bd81e3c-da45-53f9-88ab-f414afddb964,710442,437
2018-12-14 05:50:25.128,181218225147002,18121405,XBTUSD,Sell,500,3249.5,ZeroMinusTick,890b14e7-ba30-5c54-4b19-16dcd2769cd4,710942,438
2018-12-14 05:48:33.806,181218225147002,18121405,XBTUSD,Sell,60,3251.5,ZeroMinusTick,2fc972be-53d0-a4a4-3103-b232889ee247,711002,439
2018-12-14 05:49:05.166,181218225147002,18121405,XBTUSD,Buy,50,3252,ZeroPlusTick,12483c18-f28c-f1f9-6b4b-842126fa228c,711052,440
2018-12-14 05:49:24.059,181218225147002,18121405,XBTUSD,Sell,2000,3251.5,ZeroMinusTick,5b6ff1eb-5ccf-f2af-5513-5acf84812a0f,713052,441
2018-12-14 05:49:24.059,181218225147002,18121405,XBTUSD,Sell,5000,3251.5,ZeroMinusTick,d7575594-ae4b-f9e9-8052-cd5ac9dc1112,718052,442
2018-12-14 05:49:24.059,181218225147002,18121405,XBTUSD,Sell,9,3251.5,ZeroMinusTick,ac598fe7-f64d-d3ee-81b9-2a27b953f336,718061,443
2018-12-14 05:49:24.059,181218225147002,18121405,XBTUSD,Sell,500,3251.5,ZeroMinusTick,9c9e4a73-5e70-b125-f0fc-a246dcc9b52d,718561,444
2018-12-14 05:49:24.059,181218225147002,18121405,XBTUSD,Sell,5000,3251.5,ZeroMinusTick,0ffb0eef-7da6-7469-047a-6e07fa669b27,723561,445
2018-12-14 05:49:24.059,181218225147002,18121405,XBTUSD,Sell,50,3251.5,ZeroMinusTick,fc1bf0d3-16d6-d313-8ff2-19497c217016,723611,446
2018-12-14 05:49:24.059,181218225147002,18121405,XBTUSD,Sell,14,3251.5,ZeroMinusTick,911a02a5-0105-dd5b-9cdd-ba5a1fea1c0a,723625,447
2018-12-14 05:49:24.059,181218225147002,18121405,XBTUSD,Sell,30,3251,ZeroMinusTick,1f88cabe-4340-7346-538c-cb00969d01ab,723655,448
2018-12-14 05:49:24.059,181218225147002,18121405,XBTUSD,Sell,20,3251,ZeroMinusTick,e4171caa-4f0d-5fd7-40c9-ec25a7674ac7,723675,449
2018-12-14 05:49:24.059,181218225147002,18121405,XBTUSD,Sell,70,3251,ZeroMinusTick,2c523b44-affb-169c-4197-838b704fc740,723745,450
2018-12-14 05:49:24.059,181218225147002,18121405,XBTUSD,Sell,17,3251,ZeroMinusTick,42e60f7a-891d-b0bf-0ef0-0ae47ce03b94,723762,451
2018-12-14 05:49:24.059,181218225147002,18121405,XBTUSD,Sell,200,3251,ZeroMinusTick,c711bb1e-962d-280e-c247-be5f2585ea2c,723962,452
2018-12-14 05:49:25.042,181218225147002,18121405,XBTUSD,Sell,30,3250.5,ZeroMinusTick,92145551-366c-056c-869a-ee4b980b8d41,723992,453
2018-12-14 05:49:28.278,181218225147002,18121405,XBTUSD,Sell,168,3250.5,ZeroMinusTick,45f52b5f-fe9e-b894-bd66-27b5bbf4e390,724160,454
2018-12-14 05:49:31.331,181218225147002,18121405,XBTUSD,Sell,9,3250.5,ZeroMinusTick,6ac9142e-6d10-30af-6227-aef4231f309e,724169,455
2018-12-14 05:49:37.953,181218225147002,18121405,XBTUSD,Sell,19,3250.5,ZeroMinusTick,3dd860c1-1758-eadc-940c-0fa9727ec543,724188,456
2018-12-14 05:49:39.715,181218225147002,18121405,XBTUSD,Sell,5000,3250.5,ZeroMinusTick,4d8bf8f9-f6a9-db33-2287-d5014eb59ead,729188,457
2018-12-14 05:49:41.795,181218225147002,18121405,XBTUSD,Buy,9000,3250.5,PlusTick,6d34eb16-753f-541a-f6e0-62194da20c98,738188,458
2018-12-14 05:49:44.875,181218225147002,18121405,XBTUSD,Sell,231,3250,ZeroMinusTick,07aff05e-53a4-f47a-023c-a2e3c279cdc2,738419,459
2018-12-14 05:49:50.810,181218225147002,18121405,XBTUSD,Sell,500,3250,ZeroMinusTick,acf88bc6-54cb-dbc2-8cc6-d28b988b0de7,738919,460
2018-12-14 05:50:09.359,181218225147002,18121405,XBTUSD,Sell,20,3250,ZeroMinusTick,177211f1-e61c-7a86-360b-0650d04c527e,738939,461
2018-12-14 05:50:12.320,181218225147002,18121405,XBTUSD,Sell,26,3250,ZeroMinusTick,1a2cb86d-13f1-e481-0c94-68c4f6cded57,738965,462
2018-12-14 05:50:13.773,181218225147002,18121405,XBTUSD,Sell,100,3250,ZeroMinusTick,4afa5e31-13aa-6646-ae9c-af5b16b97d32,739065,463
2018-12-14 05:50:15.264,181218225147002,18121405,XBTUSD,Sell,400,3250,ZeroMinusTick,31020142-3f2e-14f0-4aae-6fddd3bff4c9,739465,464
2018-12-14 05:50:15.751,181218225147002,18121405,XBTUSD,Sell,8058,3250,ZeroMinusTick,12e962ef-a3f1-9f61-f354-40014e4052ba,747523,465
2018-12-14 05:50:15.751,181218225147002,18121405,XBTUSD,Sell,10000,3250,ZeroMinusTick,b7a88480-01ea-546d-a694-f35f25185748,757523,466
2018-12-14 05:50:20.553,181218225147002,18121405,XBTUSD,Sell,100,3250,ZeroMinusTick,0d28e37d-e41e-5792-400a-b23c7cbc8f57,757623,467
2018-12-14 05:50:20.759,181218225147003,18121405,XBTUSD,Sell,1509,3250,ZeroMinusTick,a31d7e5d-aef0-b76f-83d2-ccf60addb038,759132,468
2018-12-14 05:50:21.719,181218225147003,18121405,XBTUSD,Sell,9,3250,ZeroMinusTick,ffdfa632-0fdc-ab2d-351c-b507018b0013,759141,469
2018-12-14 05:50:24.792,181218225147003,18121405,XBTUSD,Sell,1000,3249.5,ZeroMinusTick,b0365405-7d49-fcb9-1534-5d0bbf180f62,760141,470
2018-12-14 05:50:25.128,181218225147003,18121405,XBTUSD,Sell,100,3249.5,ZeroMinusTick,6e283465-e5d9-38d3-aac0-0e5bf8ece4af,760241,471
2018-12-14 05:50:38.724,181218225147003,18121405,XBTUSD,Sell,131,3249.5,ZeroMinusTick,6d6abeb0-dd16-52d1-4bb0-555eb79ff1f6,760372,472
2018-12-14 05:50:40.880,181218225147003,18121405,XBTUSD,Sell,3000,3249.5,ZeroMinusTick,9edf5a2b-ac18-177b-2bfb-e38436468a76,763372,473
2018-12-14 05:50:41.225,181218225147003,18121405,XBTUSD,Sell,9,3249.5,ZeroMinusTick,7d1980bd-bc2a-0ac5-c0c9-ffdbbc97bd1a,763381,474
2018-12-14 05:50:41.225,181218225147003,18121405,XBTUSD,Sell,16,3249.5,ZeroMinusTick,52130fbd-ec8b-0625-0e47-1cface2e5e6a,763397,475
2018-12-14 05:50:41.225,181218225147003,18121405,XBTUSD,Sell,25,3249.5,ZeroMinusTick,b90e3ab0-ad32-0171-1b28-d24c5bf8e1e1,763422,476
2018-12-14 05:50:47.214,181218225147003,18121405,XBTUSD,Sell,10,3249.5,ZeroMinusTick,925bd498-608e-7e31-26d7-e482fac66f0b,763432,477
2018-12-14 05:50:47.214,181218225147003,18121405,XBTUSD,Sell,22,3249.5,ZeroMinusTick,e3eb9f63-b9fc-56c6-99d0-78f1394b19fa,763454,478
2018-12-14 05:49:22.059,181218225147003,18121405,XBTUSD,Sell,9,3251.5,ZeroMinusTick,d3e7f22c-f949-e5ef-7c73-474e11137292,763463,479
2018-12-14 05:49:24.059,181218225147003,18121405,XBTUSD,Sell,8000,3251.5,ZeroMinusTick,2498ee19-ef93-53aa-79be-ab9a71c43700,771463,480
2018-12-14 05:49:24.059,181218225147003,18121405,XBTUSD,Sell,25,3251.5,ZeroMinusTick,74976092-af2d-1196-494a-8b6f5c39aa44,771488,481
2018-12-14 05:49:24.059,181218225147003,18121405,XBTUSD,Sell,79,3251.5,ZeroMinusTick,82ef1112-a073-4c50-c823-5db942fe7084,771567,482
2018-12-14 05:49:24.059,181218225147003,18121405,XBTUSD,Sell,10,3251.5,ZeroMinusTick,ed68bd65-52b0-0d97-71a2-b97dbdd916f6,771577,483
2018-12-14 05:49:24.059,181218225147003,18121405,XBTUSD,Sell,2000,3251.5,ZeroMinusTick,77410c9d-f719-3d50-2bb9-9c9191a63fa6,773577,484
2018-12-14 05:49:24.059,181218225147003,18121405,XBTUSD,Sell,200,3251.5,ZeroMinusTick,4753f5db-79a1-258d-afa2-413009dd48aa,773777,485
2018-12-14 05:49:24.059,181218225147003,18121405,XBTUSD,Sell,31,3251.5,ZeroMinusTick,138c82e6-6319-54f7-6927-7b33c90df8d8,773808,486
2018-12-14 05:49:24.059,181218225147003,18121405,XBTUSD,Sell,13,3251,ZeroMinusTick,57c5dec5-91ae-607c-8369-fe72e2fa5750,773821,487
2018-12-14 05:49:24.059,181218225147003,18121405,XBTUSD,Sell,9,3251,ZeroMinusTick,ebb73d3c-71e0-026e-d33b-cd6095a12342,773830,488
2018-12-14 05:49:24.059,181218225147003,18121405,XBTUSD,Sell,16,3251,ZeroMinusTick,13b38f33-5f65-ca17-dfd8-f07e87dbdb1d,773846,489
2018-12-14 05:49:24.059,181218225147003,18121405,XBTUSD,Sell,76,3251,ZeroMinusTick,0c7470b3-65cb-dfab-6f4d-af538dc4bb23,773922,490
2018-12-14 05:49:24.059,181218225147003,18121405,XBTUSD,Sell,9,3251,ZeroMinusTick,14161a52-c270-4057-b04e-90f7f8d547bb,773931,491
2018-12-14 05:49:27.317,181218225147003,18121405,XBTUSD,Sell,1,3250.5,ZeroMinusTick,94dac7b0-faf7-67aa-2816-f7379c206f44,773932,492
2018-12-14 05:49:37.953,181218225147003,18121405,XBTUSD,Sell,40,3250.5,ZeroMinusTick,87e10f39-987d-151b-710d-cd0bcf3b5c36,773972,493
2018-12-14 05:49:39.715,181218225147003,18121405,XBTUSD,Sell,10,3250.5,ZeroMinusTick,2bc1f0ef-f924-b0b5-ded8-890c8783af9a,773982,494
2018-12-14 05:49:48.320,181218225147003,18121405,XBTUSD,Sell,5000,3250,ZeroMinusTick,185c10b1-2c60-16e3-0b2f-e7e7dacfd88d,778982,495
2018-12-14 05:49:50.810,181218225147003,18121405,XBTUSD,Sell,250,3250,ZeroMinusTick,397d3c50-62e9-f238-04dd-85a85969ac0e,779232,496
2018-12-14 05:50:09.359,181218225147003,18121405,XBTUSD,Sell,1000,3250,ZeroMinusTick,c4ff0682-e08a-8d44-3fec-2eb7d4338928,780232,497
2018-12-14 05:50:12.320,181218225147003,18121405,XBTUSD,Sell,5000,3250,ZeroMinusTick,97145bbe-cbbf-b88f-1777-d9ddddb5135f,785232,498
2018-12-14 05:50:13.773,181218225147003,18121405,XBTUSD,Sell,5000,3250,ZeroMinusTick,5d056e5a-3a42-2d66-998f-786b00c8dbcd,790232,499
2018-12-14 05:50:13.773,181218225147003,18121405,XBTUSD,Sell,13,3250,ZeroMinusTick,35f5bee1-d349-cafc-4907-31ce1751b2b0,790245,500
2018-12-14 05:50:15.751,181218225147003,18121405,XBTUSD,Sell,202,3250,ZeroMinusTick,1d5d65f6-2b1a-fe4c-0309-2cff20aa7a94,790447,501
2018-12-14 05:50:21.719,181218225147003,18121405,XBTUSD,Sell,36,3250,ZeroMinusTick,8b24c0c8-e6ac-cbca-e9f5-81ce4cbe4eb5,790483,502
2018-12-14 05:50:24.792,181218225147003,18121405,XBTUSD,Sell,60,3250,ZeroMinusTick,a4cd6f9d-0f25-0c15-2be7-bbba9d0992d2,790543,503
2018-12-14 05:50:25.128,181218225147003,18121405,XBTUSD,Sell,100,3249.5,ZeroMinusTick,2412f77a-2e97-6bac-5bd7-402df55783f0,790643,504
2018-12-14 05:50:41.225,181218225147005,18121405,XBTUSD,Sell,70,3249.5,ZeroMinusTick,91c6f3cc-c1ce-7e17-d998-4bf699520342,790713,505
2018-12-14 05:50:41.225,181218225147005,18121405,XBTUSD,Sell,17,3249.5,ZeroMinusTick,3340263a-f711-0c57-d238-b9948f32fb40,790730,506
2018-12-14 05:50:47.214,181218225147005,18121405,XBTUSD,Sell,12,3249.5,ZeroMinusTick,278d03b9-bad8-a2d4-e4bc-cfbec69ad92a,790742,507
2018-12-14 05:50:47.214,181218225147006,18121405,XBTUSD,Sell,500,3249.5,ZeroMinusTick,11c52551-6f72-d18e-d052-7f516ee0a72d,791242,508
2018-12-14 05:50:51.654,181218225147006,18121405,XBTUSD,Sell,444,3249,ZeroMinusTick,5fce0acc-d090-16b7-ae59-1feb26c2fe46,791686,509
2018-12-14 05:50:51.669,181218225147006,18121405,XBTUSD,Sell,468,3249,ZeroMinusTick,475a8468-a5cc-7d9c-5b2a-3abaa556105a,792154,510
2018-12-14 05:50:56.445,181218225147006,18121405,XBTUSD,Sell,5000,3249,ZeroMinusTick,64f75d12-00cc-5d08-f203-81c8a89fa0d1,797154,511
2018-12-14 05:50:56.445,181218225147006,18121405,XBTUSD,Sell,10,3249,ZeroMinusTick,ddfa8e3e-e3db-73c2-d60d-749445134491,797164,512
2018-12-14 05:50:56.445,181218225147006,18121405,XBTUSD,Sell,207,3249,ZeroMinusTick,5f8bd5bc-f2c7-fd54-e7cd-4a961ab94b74,797371,513
2018-12-14 05:50:57.214,181218225147006,18121405,XBTUSD,Sell,10,3249,ZeroMinusTick,1020687c-6373-0091-be29-2dbf111f400b,797381,514
2018-12-14 05:50:57.214,181218225147006,18121405,XBTUSD,Sell,72,3249,ZeroMinusTick,599b72cc-cd20-5667-bb78-9a3572e575d6,797453,515
2018-12-14 05:50:57.214,181218225147006,18121405,XBTUSD,Sell,4500,3248.5,ZeroMinusTick,a97dbded-8186-942f-d370-d049e1182761,801953,516
2018-12-14 05:49:24.059,181218225147006,18121405,XBTUSD,Sell,20000,3251,ZeroMinusTick,3921c398-ca32-4897-4024-b4e2f3e12a91,821953,517
2018-12-14 05:49:24.059,181218225147006,18121405,XBTUSD,Sell,22,3251,ZeroMinusTick,432725df-ecc7-69dc-880c-f1f469512e83,821975,518
2018-12-14 05:49:24.059,181218225147006,18121405,XBTUSD,Sell,5000,3251,ZeroMinusTick,f54950a1-6d5e-9c30-6064-fb0aefb75fcc,826975,519
2018-12-14 05:49:25.042,181218225147006,18121405,XBTUSD,Sell,5,3250.5,ZeroMinusTick,f159aa5d-7f04-b42f-643a-aa057c98a30d,826980,520
2018-12-14 05:49:28.278,181218225147006,18121405,XBTUSD,Sell,1000,3250.5,ZeroMinusTick,a7b84b83-67a1-7e5b-e7cc-beb0845e8a91,827980,521
2018-12-14 05:49:31.331,181218225147006,18121405,XBTUSD,Sell,5000,3250.5,ZeroMinusTick,7ab29264-293a-2784-d593-ba5c8980d6f2,832980,522
2018-12-14 05:49:37.953,181218225147006,18121405,XBTUSD,Sell,5000,3250.5,ZeroMinusTick,8cca031d-36a8-c9e2-818c-ce24835c6c78,837980,523
2018-12-14 05:49:39.715,181218225147006,18121405,XBTUSD,Sell,5648,3250,MinusTick,c03fd9e8-2090-42e8-82db-6be6354ce734,843628,524
2018-12-14 05:49:39.851,181218225147006,18121405,XBTUSD,Sell,4000,3250,ZeroMinusTick,b9ad80b6-7fe0-ef2f-6611-fa7f89919438,847628,525
2018-12-14 05:49:40.048,181218225147006,18121405,XBTUSD,Sell,3158,3250,ZeroMinusTick,038f53ca-bd8e-bffe-5770-785e640cecce,850786,526
2018-12-14 05:49:50.810,181218225147006,18121405,XBTUSD,Sell,500,3250,ZeroMinusTick,08663463-d738-aa72-36a9-b0df7cb4deff,851286,527
2018-12-14 05:49:55.424,181218225147007,18121405,XBTUSD,Buy,44,3250.5,PlusTick,b47500f3-ce28-c2ed-b434-a52d75bbcc0e,851330,528
2018-12-14 05:49:55.844,181218225147007,18121405,XBTUSD,Sell,2000,3250,MinusTick,e6a3eabe-6a2f-b027-24fa-e2b245101595,853330,529
2018-12-14 05:50:04.147,181218225147007,18121405,XBTUSD,Sell,595,3250,ZeroMinusTick,0a621519-a193-1480-3d43-5ad69cd929d3,853925,530
2018-12-14 05:50:07.153,181218225147007,18121405,XBTUSD,Sell,505,3250,ZeroMinusTick,e28a3726-3d5a-5404-3507-031c59d7ac2f,854430,531
2018-12-14 05:50:09.359,181218225147007,18121405,XBTUSD,Sell,1500,3250,ZeroMinusTick,14e4c61c-58d3-7874-245a-73554c3ddefd,855930,532
2018-12-14 05:50:12.181,181218225147007,18121405,XBTUSD,Buy,1000,3250.5,PlusTick,aa532735-25d1-1602-8a90-02599120ffa2,856930,533
2018-12-14 05:50:12.320,181218225147007,18121405,XBTUSD,Sell,5570,3250,MinusTick,9c128bc3-ea79-9ed5-3c1a-1cec3cbcfc0f,862500,534
2018-12-14 05:50:12.320,181218225147007,18121405,XBTUSD,Sell,10000,3250,ZeroMinusTick,89c900cf-61a9-9918-aaab-869ba54fd637,872500,535
2018-12-14 05:50:13.773,181218225147007,18121405,XBTUSD,Sell,600,3250,ZeroMinusTick,9e9fc01f-272d-405c-07f2-29e89698da7c,873100,536
2018-12-14 05:50:13.773,181218225147007,18121405,XBTUSD,Sell,207,3250,ZeroMinusTick,30a3520d-4535-4ffa-62b0-ea2141f92d16,873307,537
2018-12-14 05:50:15.751,181218225147007,18121405,XBTUSD,Sell,23,3250,ZeroMinusTick,ae56fc47-12e6-3b6f-6ee9-cef790453cc2,873330,538
2018-12-14 05:50:21.719,181218225147007,18121405,XBTUSD,Sell,50,3250,ZeroMinusTick,0fbe59cf-dda4-3826-4327-efa138c496f0,873380,539
2018-12-14 05:50:24.792,181218225147007,18121405,XBTUSD,Sell,30,3249.5,ZeroMinusTick,fe0390ae-2cba-60d0-d836-d8d9a266234f,873410,540
2018-12-14 05:50:25.128,181218225147007,18121405,XBTUSD,Sell,1600,3249.5,ZeroMinusTick,637a723b-e666-05ef-7d2d-95fa5381f11d,875010,541
2018-12-14 05:50:25.128,181218225147007,18121405,XBTUSD,Sell,11,3249.5,ZeroMinusTick,10477c7d-b7da-ac7d-b476-5592528cc11b,875021,542
2018-12-14 05:50:41.225,181218225147007,18121405,XBTUSD,Sell,16,3249.5,ZeroMinusTick,6de308d6-16ef-9388-56f9-072d8ab0eab4,875037,543
2018-12-14 05:50:41.225,181218225147007,18121405,XBTUSD,Sell,10,3249.5,ZeroMinusTick,80320594-efdb-1d06-8e22-6525c8dce029,875047,544
2018-12-14 05:50:41.225,181218225147007,18121405,XBTUSD,Sell,9,3249.5,ZeroMinusTick,528e17b4-2a16-b728-3790-a60846210e03,875056,545
2018-12-14 05:50:47.214,181218225147007,18121405,XBTUSD,Sell,5000,3249.5,ZeroMinusTick,37c55d6a-d6e1-98f6-0a4d-57e0270dc97e,880056,546
2018-12-14 05:50:47.214,181218225147007,18121405,XBTUSD,Sell,28,3249.5,ZeroMinusTick,1b51772c-19cf-e4b9-16a4-9997c1839da6,880084,547
2018-12-14 05:50:51.669,181218225147007,18121405,XBTUSD,Sell,30,3249,ZeroMinusTick,323d9d59-6ce3-3344-8eaa-78dbd65eb0aa,880114,548
2018-12-14 05:50:56.445,181218225147007,18121405,XBTUSD,Sell,254,3249,ZeroMinusTick,bc2ca537-7d75-09c9-59f1-14a414e29bfd,880368,549
2018-12-14 05:50:56.445,181218225147007,18121405,XBTUSD,Sell,25,3249,ZeroMinusTick,b2eab210-300d-614c-767f-34ed7f1c69b5,880393,550
2018-12-14 05:50:57.214,181218225147007,18121405,XBTUSD,Sell,35,3249,ZeroMinusTick,61254800-7c4c-f2b7-04d9-6a9241fe3d15,880428,551
2018-12-14 05:49:24.059,181218225147007,18121405,XBTUSD,Sell,28,3251,ZeroMinusTick,651df045-8507-a6c0-a3bf-898b0077ddb7,880456,552
2018-12-14 05:49:24.059,181218225147007,18121405,XBTUSD,Sell,2,3251,ZeroMinusTick,41f02849-d40c-b1f4-3d3c-dd159684add1,880458,553
2018-12-14 05:49:25.042,181218225147007,18121405,XBTUSD,Sell,21,3250.5,ZeroMinusTick,3db59507-e675-6050-a7ed-a7fb910ed554,880479,554
2018-12-14 05:49:27.163,181218225147007,18121405,XBTUSD,Sell,25,3250.5,MinusTick,41487a99-2281-091b-78ba-457df7388d40,880504,555
2018-12-14 05:49:29.750,181218225147007,18121405,XBTUSD,Sell,2792,3250.5,ZeroMinusTick,98232276-12be-31c5-665b-bcb314a858e7,883296,556
2018-12-14 05:49:31.331,181218225147007,18121405,XBTUSD,Sell,3000,3250.5,ZeroMinusTick,c157b66b-dd3a-e2e6-2aeb-740f4a09d218,886296,557
2018-12-14 05:49:37.953,181218225147007,18121405,XBTUSD,Sell,200,3250.5,ZeroMinusTick,01598bc9-fc1b-6140-32bf-7a694f735b07,886496,558
2018-12-14 05:49:39.715,181218225147007,18121405,XBTUSD,Sell,21,3250.5,ZeroMinusTick,7d21d616-dcd6-b61f-f255-886ea342abe7,886517,559
2018-12-14 05:50:04.147,181218225147007,18121405,XBTUSD,Sell,9905,3250,ZeroMinusTick,37bbbb24-f4c6-d1b7-ab17-7109155e0ad7,896422,560
2018-12-14 05:50:06.165,181218225147008,18121405,XBTUSD,Buy,10,3250.5,PlusTick,0dc0229c-59c9-2197-8f76-9ce4fd5d3cd9,896432,561
2018-12-14 05:50:09.359,181218225147008,18121405,XBTUSD,Sell,1000,3250,ZeroMinusTick,f9d86fee-4c0d-1485-582b-b45b279fe627,897432,562
2018-12-14 05:50:12.320,181218225147008,18121405,XBTUSD,Sell,1250,3250,ZeroMinusTick,dd13a605-1da7-6733-842c-6f08262f8602,898682,563
2018-12-14 05:50:13.773,181218225147008,18121405,XBTUSD,Sell,16,3250,ZeroMinusTick,e805fd38-567b-40cc-7f10-65e69003a4c2,898698,564
2018-12-14 05:50:15.751,181218225147008,18121405,XBTUSD,Sell,208,3250,ZeroMinusTick,9f555695-0d54-5eef-94e9-cb61558d4ad3,898906,565
2018-12-14 05:50:21.719,181218225147008,18121405,XBTUSD,Sell,77,3250,ZeroMinusTick,4a837bb1-6477-b961-4fcb-ff887a43b7d7,898983,566
2018-12-14 05:50:22.231,181218225147008,18121405,XBTUSD,Sell,2,3250,ZeroMinusTick,2f157bd4-ab9e-547c-415d-50b6e415f20c,898985,567
2018-12-14 05:50:22.374,181218225147008,18121405,XBTUSD,Buy,2,3250.5,PlusTick,db48e94e-5de7-e0c5-12cf-63552be13a25,898987,568
2018-12-14 05:50:24.792,181218225147008,18121405,XBTUSD,Sell,21,3250,ZeroMinusTick,40210dcd-9aed-51a5-4165-e4d192abc5b3,899008,569
2018-12-14 05:50:24.792,181218225147008,18121405,XBTUSD,Sell,1000,3249.5,ZeroMinusTick,b06d3ea0-3083-12c6-203d-c6b708fef12f,900008,570
2018-12-14 05:50:25.128,181218225147008,18121405,XBTUSD,Sell,933,3249.5,ZeroMinusTick,b4cec61a-c2f1-7bad-65d1-8d66f64fb1c1,900941,571
2018-12-14 05:50:25.128,181218225147008,18121405,XBTUSD,Sell,26,3249.5,ZeroMinusTick,b6b5416f-08a5-55b9-68f4-9f12d3fdc37b,900967,572
2018-12-14 05:50:28.204,181218225147008,18121405,XBTUSD,Sell,11,3249.5,ZeroMinusTick,142e46e7-331b-9aaf-987e-a028f826af0c,900978,573
2018-12-14 05:50:41.225,181218225147008,18121405,XBTUSD,Sell,50,3249.5,ZeroMinusTick,9b2b60ed-ed32-6dc2-0ac4-9c941c0da921,901028,574
2018-12-14 05:50:41.225,181218225147008,18121405,XBTUSD,Sell,22,3249.5,ZeroMinusTick,fdb7f841-b3e9-57a6-782c-e54eb0f5c289,901050,575
2018-12-14 05:50:41.225,181218225147008,18121405,XBTUSD,Sell,845,3249.5,ZeroMinusTick,7cb19f25-e367-f0df-afb9-a8ee38fd3ae1,901895,576
2018-12-14 05:50:41.779,181218225147008,18121405,XBTUSD,Sell,131,3249.5,ZeroMinusTick,74a1bf8a-e85a-adaf-d804-39ac78ac7a16,902026,577
2018-12-14 05:50:47.214,181218225147008,18121405,XBTUSD,Sell,10,3249.5,ZeroMinusTick,58f1a709-b4a3-9b4a-89a2-05cfc66d22e3,902036,578
2018-12-14 05:50:47.214,181218225147008,18121405,XBTUSD,Sell,500,3249.5,ZeroMinusTick,02067c42-8f91-b642-5698-27e2da46a0d7,902536,579
2018-12-14 05:50:47.654,181218225147008,18121405,XBTUSD,Sell,30,3249,MinusTick,879fae81-43c7-2813-c0c2-8fa4ba9275f9,902566,580
2018-12-14 05:50:51.654,181218225147008,18121405,XBTUSD,Sell,13000,3249,ZeroMinusTick,8ce9a256-b860-9bb3-a5c9-710b203caaa6,915566,581
2018-12-14 05:50:56.445,181218225147008,18121405,XBTUSD,Sell,3998,3249,MinusTick,ca66246f-9090-a456-3ba9-f607242cc6d4,919564,582
2018-12-14 05:50:56.445,181218225147008,18121405,XBTUSD,Sell,500,3249,ZeroMinusTick,aac02c96-78c7-d8c2-6a5a-4ebfe973e7c4,920064,583
2018-12-14 05:50:56.445,181218225147008,18121405,XBTUSD,Sell,9,3249,ZeroMinusTick,e88ace12-36de-b605-065b-42c2e8524ad0,920073,584
2018-12-14 05:50:57.214,181218225147008,18121405,XBTUSD,Sell,22,3249,ZeroMinusTick,d31ebb30-2757-73a4-a7ee-a83e1f56ac8f,920095,585
2018-12-14 05:50:57.214,181218225147008,18121405,XBTUSD,Sell,30,3248.5,ZeroMinusTick,1c83bf70-7dd9-72df-1249-5b055cfd5fe0,920125,586
2018-12-14 05:51:12.109,181218225147008,18121405,XBTUSD,Buy,10,3249,PlusTick,02be9af4-87ee-d250-5fa8-1dd033d97cd9,920135,587
2018-12-14 05:51:22.152,181218225147008,18121405,XBTUSD,Sell,3831,3248.5,ZeroMinusTick,c1ede245-2d33-41f8-5d8d-148a1ea93e6e,923966,588
2018-12-14 05:51:23.604,181218225147008,18121405,XBTUSD,Sell,15,3248.5,ZeroMinusTick,3c62c05e-f136-6967-4b2c-84af87687977,923981,589
2018-12-14 05:51:23.604,181218225147008,18121405,XBTUSD,Sell,20,3248.5,ZeroMinusTick,f5a2863b-46fb-18f3-a1d6-6b56535d042b,924001,590
2018-12-14 05:51:23.604,181218225147008,18121405,XBTUSD,Sell,500,3248.5,ZeroMinusTick,969330d2-5b2d-e542-f936-7eb645506adf,924501,591
2018-12-14 05:51:23.604,181218225147009,18121405,XBTUSD,Sell,8,3248.5,ZeroMinusTick,8df5e95c-dd6f-b130-81a6-02bd096d49c1,924509,592
2018-12-14 05:51:29.930,181218225147009,18121405,XBTUSD,Sell,283,3248,ZeroMinusTick,7493b5bd-20e8-07bb-7f72-e21071c13376,924792,593
2018-12-14 05:49:33.116,181218225147009,18121405,XBTUSD,Sell,5000,3250.5,ZeroMinusTick,0d009522-b297-e50b-a313-6fc49ade3c08,929792,594
2018-12-14 05:49:36.861,181218225147009,18121405,XBTUSD,Sell,100,3250.5,ZeroMinusTick,c930b74e-574e-cc70-9652-133064e86ca7,929892,595
2018-12-14 05:49:37.953,181218225147009,18121405,XBTUSD,Sell,280,3250.5,ZeroMinusTick,e3ac989c-6a4f-e2ee-9cfc-07738faea0a4,930172,596
2018-12-14 05:49:37.953,181218225147009,18121405,XBTUSD,Sell,250,3250.5,ZeroMinusTick,d083205c-374e-4a2e-649f-52d0bb3cbeab,930422,597
2018-12-14 05:49:39.715,181218225147009,18121405,XBTUSD,Sell,21,3250.5,ZeroMinusTick,be3abe1a-2d89-cd3d-323c-2bb84da17fdc,930443,598
2018-12-14 05:49:43.486,181218225147009,18121405,XBTUSD,Sell,100,3250,MinusTick,774dd64b-caeb-2df7-6600-3cdca3440aa0,930543,599
2018-12-14 05:49:50.810,181218225147009,18121405,XBTUSD,Sell,26675,3250,ZeroMinusTick,7e694903-2573-e1f2-8936-233070a05df7,957218,600
2018-12-14 05:50:01.821,181218225147009,18121405,XBTUSD,Sell,7845,3250,MinusTick,dba6064d-d216-9b68-74bb-064384527818,965063,601
2018-12-14 05:50:05.988,181218225147009,18121405,XBTUSD,Sell,5,3250,ZeroMinusTick,8a2e431f-906c-3ca5-c859-3e9751dca345,965068,602
2018-12-14 05:50:09.359,181218225147009,18121405,XBTUSD,Sell,1000,3250,ZeroMinusTick,ef32e83b-d85c-427e-7d21-dd0a90bede0b,966068,603
2018-12-14 05:50:12.320,181218225147009,18121405,XBTUSD,Sell,30,3250,ZeroMinusTick,337ade4e-4f54-4cc1-4014-a93428eb5b16,966098,604
2018-12-14 05:50:12.320,181218225147009,18121405,XBTUSD,Sell,70,3250,ZeroMinusTick,d155d1ec-ac18-cff1-52d5-7d23661cad66,966168,605
2018-12-14 05:50:13.773,181218225147009,18121405,XBTUSD,Sell,5000,3250,ZeroMinusTick,59f56058-b82b-ce85-e33c-58f3f224929a,971168,606
2018-12-14 05:50:13.773,181218225147009,18121405,XBTUSD,Sell,16,3250,ZeroMinusTick,c1da977b-c566-71ad-a537-10f9ca9d6689,971184,607
2018-12-14 05:50:15.751,181218225147009,18121405,XBTUSD,Sell,500,3250,ZeroMinusTick,b583568c-39b8-6058-fc4b-8a8e59d97448,971684,608
2018-12-14 05:50:15.751,181218225147009,18121405,XBTUSD,Sell,6422,3250,ZeroMinusTick,64d2cfd1-e11d-b5a6-1916-97a605c6f9a1,978106,609
2018-12-14 05:50:21.719,181218225147009,18121405,XBTUSD,Sell,160,3250,ZeroMinusTick,48acde68-64bc-c56a-9166-f5d50ee7b7cd,978266,610
2018-12-14 05:50:24.792,181218225147009,18121405,XBTUSD,Sell,172,3250,ZeroMinusTick,0e3129c3-3641-f586-5932-9498b923d520,978438,611
2018-12-14 05:50:25.128,181218225147009,18121405,XBTUSD,Sell,20,3249.5,ZeroMinusTick,355181d5-89e9-1888-1d87-48ca34674dc4,978458,612
2018-12-14 05:50:40.270,181218225147009,18121405,XBTUSD,Sell,18,3249.5,ZeroMinusTick,6771eb80-e7a4-f78d-55d1-0873dad55dfe,978476,613
2018-12-14 05:50:41.225,181218225147009,18121405,XBTUSD,Sell,76,3249.5,ZeroMinusTick,8f0518bb-8cfb-8842-46e5-5233f60e2a52,978552,614
2018-12-14 05:50:41.225,181218225147009,18121405,XBTUSD,Sell,15,3249.5,ZeroMinusTick,afbee7fa-2b7b-99fd-cf73-49a184ecffc5,978567,615
2018-12-14 05:50:41.225,181218225147009,18121405,XBTUSD,Sell,90,3249.5,ZeroMinusTick,907b4714-e51c-c6a3-80c7-a697ef5f78ef,978657,616
2018-12-14 05:50:43.194,181218225147009,18121405,XBTUSD,Sell,400,3249.5,ZeroMinusTick,7d647e1f-faa5-2854-b955-2c16668d8507,979057,617
2018-12-14 05:50:43.950,181218225147009,18121405,XBTUSD,Sell,2000,3249.5,ZeroMinusTick,3a3cdc87-24c5-7981-ca83-447745a1ed73,981057,618
2018-12-14 05:50:47.214,181218225147009,18121405,XBTUSD,Sell,21,3249.5,ZeroMinusTick,ea152934-ef07-b198-b5da-054ebdd82f26,981078,619
2018-12-14 05:50:47.214,181218225147009,18121405,XBTUSD,Sell,4250,3249.5,ZeroMinusTick,e94cb506-34ff-f1a8-5f0d-a1dec86d553f,985328,620
2018-12-14 05:50:51.654,181218225147009,18121405,XBTUSD,Sell,300,3249,ZeroMinusTick,7631c619-fefd-8b42-f5e0-8d8952905ee0,985628,621
2018-12-14 05:50:56.445,181218225147010,18121405,XBTUSD,Sell,51,3249,ZeroMinusTick,5d128384-7557-2413-9b57-846475daf084,985679,622
2018-12-14 05:50:56.445,181218225147010,18121405,XBTUSD,Sell,79,3249,ZeroMinusTick,183b8cc7-113c-2dfe-8b7b-0501efad6fca,985758,623
2018-12-14 05:50:57.214,181218225147010,18121405,XBTUSD,Sell,30,3249,ZeroMinusTick,3ca5e4d0-6722-8f3e-9217-7d8e13538fe4,985788,624
2018-12-14 05:50:57.214,181218225147010,18121405,XBTUSD,Sell,1000,3248.5,ZeroMinusTick,d168fc79-e62c-ed46-aa08-05ac753d0f86,986788,625
2018-12-14 05:51:15.074,181218225147010,18121405,XBTUSD,Sell,231,3248.5,MinusTick,5fcef0da-ed8c-781f-be10-b9e31556a188,987019,626
2018-12-14 05:51:22.152,181218225147010,18121405,XBTUSD,Sell,5000,3248.5,ZeroMinusTick,c1c05493-b604-30c3-d171-cb619bb85eba,992019,627
2018-12-14 05:51:23.604,181218225147010,18121405,XBTUSD,Sell,222,3248.5,ZeroMinusTick,3cc7fbc9-22be-953c-58ed-0d1bb86f828a,992241,628
2018-12-14 05:51:23.604,181218225147010,18121405,XBTUSD,Sell,23,3248.5,ZeroMinusTick,c5190811-ce21-e8de-74eb-c3f68855b863,992264,629
2018-12-14 05:51:23.604,181218225147010,18121405,XBTUSD,Sell,1000,3248.5,ZeroMinusTick,f1d6a64a-3c4f-e774-c965-db0c93dac5b7,993264,630
2018-12-14 05:51:23.604,181218225147010,18121405,XBTUSD,Sell,24,3248.5,ZeroMinusTick,c926a091-c42d-9601-e7ef-ac58c12e711f,993288,631
2018-12-14 05:51:29.930,181218225147010,18121405,XBTUSD,Sell,26,3248,MinusTick,0de31dc7-04ac-dc5c-9c17-8e46ff37a004,993314,632
2018-12-14 05:51:29.930,181218225147010,18121405,XBTUSD,Sell,1000,3248,ZeroMinusTick,de9f3605-cabd-ffe5-08b7-87c8a0961cb1,994314,633
2018-12-14 05:51:31.407,181218225147010,18121405,XBTUSD,Sell,2000,3248,ZeroMinusTick,de76d616-d8e1-6abe-25c4-5bc697a7bcf6,996314,634
2018-12-14 05:49:50.707,181218225147010,18121405,XBTUSD,Sell,5000,3250,ZeroMinusTick,94bb199a-872f-aad1-b5f7-a7f59df3c427,1001314,635
2018-12-14 05:49:50.810,181218225147010,18121405,XBTUSD,Sell,20155,3250,ZeroMinusTick,847e9c23-2fbe-4363-6f6b-917aec20770d,1021469,636
2018-12-14 05:50:12.320,181218225147010,18121405,XBTUSD,Sell,100,3250,ZeroMinusTick,c563f02b-833d-123b-5726-2b7315d6f58d,1021569,637
2018-12-14 05:50:13.773,181218225147010,18121405,XBTUSD,Sell,796,3250,ZeroMinusTick,8a038221-26d7-a623-d8a0-fd11978ee1c4,1022365,638
2018-12-14 05:50:13.773,181218225147010,18121405,XBTUSD,Sell,9,3250,ZeroMinusTick,ae6b3731-3946-9754-63a5-b2bd39d4b91d,1022374,639
2018-12-14 05:50:15.751,181218225147010,18121405,XBTUSD,Sell,60,3250,ZeroMinusTick,79ecfb15-892a-b587-c301-a3859fea68cc,1022434,640
2018-12-14 05:50:21.719,181218225147010,18121405,XBTUSD,Sell,12754,3250,ZeroMinusTick,abb3b44a-0222-71f7-f95d-7c37277d710d,1035188,641
2018-12-14 05:50:24.792,181218225147010,18121405,XBTUSD,Sell,1000,3250,ZeroMinusTick,6fa53302-cf3b-54fc-2078-b1bf6d5aefbd,1036188,642
2018-12-14 05:50:24.792,181218225147010,18121405,XBTUSD,Sell,67,3249.5,ZeroMinusTick,49a384a1-9542-2f9a-69b9-630819b99577,1036255,643
2018-12-14 05:50:25.128,181218225147010,18121405,XBTUSD,Sell,200,3249.5,ZeroMinusTick,5c9db045-1871-ec03-b812-1c839048b288,1036455,644
2018-12-14 05:50:28.204,181218225147010,18121405,XBTUSD,Sell,4989,3249.5,ZeroMinusTick,a9d48c0d-abd4-59a5-d871-25e9e9dd72cd,1041444,645
2018-12-14 05:50:36.279,181218225147010,18121405,XBTUSD,Sell,131,3249.5,ZeroMinusTick,4c2b7d7c-a588-fdca-74dd-fed7c711afe9,1041575,646
2018-12-14 05:50:40.270,181218225147010,18121405,XBTUSD,Sell,2323,3249.5,ZeroMinusTick,37f80c7f-bec2-9e12-8c13-79ca3d992126,1043898,647
2018-12-14 05:50:41.225,181218225147011,18121405,XBTUSD,Sell,341,3249.5,ZeroMinusTick,4ca3990f-48e9-22aa-59c3-bef0e2a1e6fd,1044239,648
2018-12-14 05:50:41.225,181218225147011,18121405,XBTUSD,Sell,23,3249.5,ZeroMinusTick,cbcf2a4e-1f88-77d4-c23c-e640032e3076,1044262,649
2018-12-14 05:50:41.225,181218225147011,18121405,XBTUSD,Sell,9,3249.5,ZeroMinusTick,4bf6d82a-5287-4037-45f9-6bc1bae80da4,1044271,650
2018-12-14 05:50:47.131,181218225147011,18121405,XBTUSD,Sell,50,3249.5,ZeroMinusTick,91ff3ddd-de86-d517-911f-2a135ba8ac89,1044321,651
2018-12-14 05:50:47.214,181218225147011,18121405,XBTUSD,Sell,5081,3249.5,ZeroMinusTick,7a32437c-f228-0921-7d05-cae24ff07cb7,1049402,652
2018-12-14 05:50:47.214,181218225147011,18121405,XBTUSD,Sell,60,3249.5,ZeroMinusTick,849eb9bd-66bf-0161-69df-6fc461bb3f38,1049462,653
2018-12-14 05:50:47.654,181218225147011,18121405,XBTUSD,Sell,25,3249,ZeroMinusTick,9debd07d-5cb7-0827-76b5-41c93c2bad31,1049487,654
2018-12-14 05:50:48.041,181218225147011,18121405,XBTUSD,Sell,200,3249,ZeroMinusTick,33bbee41-607e-7954-6af1-d2dad58fc80f,1049687,655
2018-12-14 05:50:51.654,181218225147011,18121405,XBTUSD,Sell,150,3249,ZeroMinusTick,69c32534-73ee-beb1-9b2b-58e4ee435b8c,1049837,656
2018-12-14 05:50:56.445,181218225147011,18121405,XBTUSD,Sell,60,3249,ZeroMinusTick,9f5a23bf-b007-5860-e49f-ea6f5c5153bd,1049897,657
2018-12-14 05:50:56.445,181218225147011,18121405,XBTUSD,Sell,9,3249,ZeroMinusTick,9ed61a78-2575-db54-82f4-9341cc1429c5,1049906,658
2018-12-14 05:50:57.214,181218225147011,18121405,XBTUSD,Sell,8508,3249,ZeroMinusTick,347d7217-cb90-2705-d3e3-391ab40b49d4,1058414,659
2018-12-14 05:50:57.214,181218225147011,18121405,XBTUSD,Sell,44,3248.5,MinusTick,afc0ec6a-7f4f-e0e8-9cc6-30c095ce0d57,1058458,660
2018-12-14 05:50:57.214,181218225147011,18121405,XBTUSD,Sell,88,3248.5,ZeroMinusTick,c1be8ed3-9f77-17ef-1410-c5771b9fac76,1058546,661
2018-12-14 05:51:22.152,181218225147011,18121405,XBTUSD,Sell,7,3248.5,ZeroMinusTick,b231b887-5466-9993-e6ff-50e6faf712ca,1058553,662
2018-12-14 05:51:23.604,181218225147011,18121405,XBTUSD,Sell,20,3248.5,ZeroMinusTick,b07a94fe-af95-d5f8-62c2-f86ebcb31690,1058573,663
2018-12-14 05:51:23.604,181218225147011,18121405,XBTUSD,Sell,8508,3248.5,ZeroMinusTick,2b2babf1-ee56-6387-3b4a-eebf506cfde4,1067081,664
2018-12-14 05:51:23.604,181218225147011,18121405,XBTUSD,Sell,10,3248.5,ZeroMinusTick,e49b0d37-484b-ff4b-5161-a5bafda38b88,1067091,665
2018-12-14 05:51:23.604,181218225147011,18121405,XBTUSD,Sell,79,3248.5,ZeroMinusTick,34a45ea7-1795-4a97-490e-c30bc39553d8,1067170,666
2018-12-14 05:51:29.930,181218225147011,18121405,XBTUSD,Sell,9,3248,ZeroMinusTick,56f9a764-62ae-bd58-1b8f-4cee554a3aaf,1067179,667
2018-12-14 05:51:31.407,181218225147011,18121405,XBTUSD,Sell,30,3248,ZeroMinusTick,0fdf0063-b7fc-2f26-7340-205159dbaa5b,1067209,668
2018-12-14 05:51:38.857,181218225147011,18121405,XBTUSD,Sell,1200,3248,ZeroMinusTick,914c8bcc-03ad-2797-f7f7-6162b4360d3f,1068409,669
2018-12-14 05:50:05.988,181218225147011,18121405,XBTUSD,Sell,95,3250,ZeroMinusTick,9a236993-8a50-3e92-e7f0-952e4e889c3d,1068504,670
2018-12-14 05:50:07.153,181218225147011,18121405,XBTUSD,Sell,495,3250,MinusTick,94274d86-26ec-4a72-be3a-1ccc3c90f4b7,1068999,671
2018-12-14 05:50:09.359,181218225147011,18121405,XBTUSD,Sell,100,3250,ZeroMinusTick,82084130-7645-dee9-36fb-46e7f357a2bf,1069099,672
2018-12-14 05:50:12.320,181218225147011,18121405,XBTUSD,Sell,200,3250,ZeroMinusTick,f4418dd3-f387-d91d-0d00-57c567b785f1,1069299,673
2018-12-14 05:50:12.320,181218225147011,18121405,XBTUSD,Sell,400,3250,ZeroMinusTick,b630819e-c012-68b2-6169-110676799d71,1069699,674
2018-12-14 05:50:13.773,181218225147011,18121405,XBTUSD,Sell,2042,3250,ZeroMinusTick,59c8270f-f5fb-317e-96f1-a55a13c8dc44,1071741,675
2018-12-14 05:50:13.773,181218225147011,18121405,XBTUSD,Sell,16505,3250,ZeroMinusTick,689a5547-d6db-5f5f-4861-34b6e1522031,1088246,676
2018-12-14 05:50:14.896,181218225147011,18121405,XBTUSD,Sell,50,3250,ZeroMinusTick,43e18e10-dcfb-41b4-9e1a-ff878dca459d,1088296,677
2018-12-14 05:50:15.751,181218225147011,18121405,XBTUSD,Sell,500,3250,ZeroMinusTick,1c91649f-c501-52c9-6b93-8b0cec5394c6,1088796,678
2018-12-14 05:50:17.370,181218225147011,18121405,XBTUSD,Sell,3578,3250,ZeroMinusTick,4fa976b2-81c8-b4ce-d01c-7f6c1218b164,1092374,679
2018-12-14 05:50:21.719,181218225147011,18121405,XBTUSD,Sell,889,3250,ZeroMinusTick,7b0b0ce7-1349-24c2-170b-196342d5c522,1093263,680
2018-12-14 05:50:23.911,181218225147011,18121405,XBTUSD,Sell,3323,3250,MinusTick,a02e9731-aa5c-8753-ee7d-584ed38736d1,1096586,681
2018-12-14 05:50:24.792,181218225147011,18121405,XBTUSD,Sell,36,3250,ZeroMinusTick,add24b85-ec43-226c-9dfb-23c5b7a15ac8,1096622,682
2018-12-14 05:50:25.128,181218225147011,18121405,XBTUSD,Sell,1000,3249.5,ZeroMinusTick,92942270-427a-e195-6e69-8a48f42726b5,1097622,683
2018-12-14 05:50:40.270,181218225147011,18121405,XBTUSD,Sell,1659,3249.5,ZeroMinusTick,9ea908e5-1c70-c4ff-56df-96a8aa6dcd15,1099281,684
2018-12-14 05:50:41.225,181218225147011,18121405,XBTUSD,Sell,28,3249.5,ZeroMinusTick,d92f2d70-ec4d-ce80-e4ee-c5f3a6147514,1099309,685
2018-12-14 05:50:41.225,181218225147011,18121405,XBTUSD,Sell,13,3249.5,ZeroMinusTick,0e219200-5669-93cb-f477-9d2f2e513b4a,1099322,686
2018-12-14 05:50:41.225,181218225147011,18121405,XBTUSD,Sell,79,3249.5,ZeroMinusTick,7b8bc30d-c952-11dc-1ffb-bcda6c0a3ff3,1099401,687
2018-12-14 05:50:47.214,181218225147011,18121405,XBTUSD,Sell,10,3249.5,ZeroMinusTick,c1b5a40e-d2bc-7059-8b9f-32b74c11f575,1099411,688
2018-12-14 05:50:47.214,181218225147012,18121405,XBTUSD,Sell,222,3249.5,ZeroMinusTick,1e4d78d7-048b-f8f9-6e9e-43808ebc7dd8,1099633,689
2018-12-14 05:50:51.654,181218225147012,18121405,XBTUSD,Sell,1000,3249,ZeroMinusTick,8128d082-a323-5ccf-10c0-8616c96eef11,1100633,690
2018-12-14 05:50:51.669,181218225147012,18121405,XBTUSD,Sell,502,3249,ZeroMinusTick,b855fd7d-8c33-0e5d-4b7b-d0519817cec2,1101135,691
2018-12-14 05:50:56.445,181218225147012,18121405,XBTUSD,Sell,20,3249,ZeroMinusTick,d350632d-fbf3-907f-a2f6-aa6ba2a1af10,1101155,692
2018-12-14 05:50:56.445,181218225147012,18121405,XBTUSD,Sell,108,3249,ZeroMinusTick,28ab20e9-0470-f2c1-4248-c32f64bf63b4,1101263,693
2018-12-14 05:50:57.214,181218225147012,18121405,XBTUSD,Sell,100,3249,ZeroMinusTick,692e077f-a14d-cd8a-0f55-bd8502c4d178,1101363,694
2018-12-14 05:50:57.214,181218225147012,18121405,XBTUSD,Sell,4500,3248.5,ZeroMinusTick,f13430cd-3182-4f74-da23-2698e2f33209,1105863,695
2018-12-14 05:51:23.604,181218225147012,18121405,XBTUSD,Sell,26,3248.5,ZeroMinusTick,3e39f1a6-b203-a25a-59e3-9eaad362ee0d,1105889,696
2018-12-14 05:51:23.604,181218225147012,18121405,XBTUSD,Sell,40,3248.5,ZeroMinusTick,c91db5d4-3262-2158-ce63-862d589fad3d,1105929,697
2018-12-14 05:51:23.604,181218225147012,18121405,XBTUSD,Sell,8,3248.5,ZeroMinusTick,fa2176e3-fb29-6bb0-c5c9-320c17f70784,1105937,698
2018-12-14 05:51:23.604,181218225147012,18121405,XBTUSD,Sell,31,3248.5,ZeroMinusTick,6953cb25-20de-c934-e840-c3cb82f5c160,1105968,699
2018-12-14 05:51:24.396,181218225147012,18121405,XBTUSD,Sell,9,3248,ZeroMinusTick,d1bc0abb-992a-699d-ac59-9309731917f6,1105977,700
2018-12-14 05:51:29.930,181218225147012,18121405,XBTUSD,Sell,500,3248,ZeroMinusTick,c3eb1da7-6c31-7128-813a-9e84e39b9e5b,1106477,701
2018-12-14 05:51:48.543,181218225147012,18121405,XBTUSD,Sell,110,3248,ZeroMinusTick,0ad99c5a-3faa-a967-4ca9-6ec782de97e6,1106587,702
2018-12-14 05:51:48.907,181218225147012,18121405,XBTUSD,Sell,2500,3248,ZeroMinusTick,c6ce366c-e8e5-9b1d-4a81-9e9145e281aa,1109087,703
2018-12-14 05:51:50.961,181218225147012,18121405,XBTUSD,Buy,25,3248.5,PlusTick,c8413635-5d80-a236-219d-76a6914337c5,1109112,704
2018-12-14 05:51:52.425,181218225147012,18121405,XBTUSD,Sell,106,3248,ZeroMinusTick,9d2b4f4f-b295-3d77-9a7f-c2643d25d5b6,1109218,705
2018-12-14 05:51:52.425,181218225147012,18121405,XBTUSD,Sell,15,3248,ZeroMinusTick,cc8160f6-2570-8576-364d-88f7ad03a349,1109233,706
2018-12-14 05:51:52.425,181218225147012,18121405,XBTUSD,Sell,25,3248,ZeroMinusTick,bee60b8d-502b-e56d-60a8-7d32e5e94343,1109258,707
2018-12-14 05:52:04.406,181218225147012,18121405,XBTUSD,Buy,300,3248.5,PlusTick,d2daf492-64f1-37fc-5903-74b51da4da3a,1109558,708
2018-12-14 05:50:17.370,181218225147012,18121405,XBTUSD,Sell,69,3250,ZeroMinusTick,8a79cd19-bcbd-e21d-21d4-40706c841b1b,1109627,709
2018-12-14 05:50:23.911,181218225147012,18121405,XBTUSD,Sell,1645,3250,ZeroMinusTick,855b4b4e-0e3c-ee59-83b1-c8ee6e5bc2a2,1111272,710
2018-12-14 05:50:24.792,181218225147012,18121405,XBTUSD,Sell,10,3249.5,ZeroMinusTick,cc4fb36b-a3f4-3c15-da1a-5db251431f84,1111282,711
2018-12-14 05:50:25.128,181218225147012,18121405,XBTUSD,Sell,1000,3249.5,ZeroMinusTick,6a12e197-36fe-813e-ee39-96883274c888,1112282,712
2018-12-14 05:50:41.225,181218225147012,18121405,XBTUSD,Sell,106,3249.5,ZeroMinusTick,290a9fc3-7d8c-4cbb-da17-8500b6363570,1112388,713
2018-12-14 05:50:41.225,181218225147012,18121405,XBTUSD,Sell,21,3249.5,ZeroMinusTick,e407a40d-1bdc-4514-9a2c-ff27944806e3,1112409,714
2018-12-14 05:50:41.225,181218225147012,18121405,XBTUSD,Sell,9,3249.5,ZeroMinusTick,73899e60-26aa-3900-a0b5-e25dbbb0d2a1,1112418,715
2018-12-14 05:50:47.214,181218225147012,18121405,XBTUSD,Sell,3,3249.5,ZeroMinusTick,59dbfe8e-6ce5-b3cd-fe75-145f63923db3,1112421,716
2018-12-14 05:50:47.214,181218225147012,18121405,XBTUSD,Sell,5000,3249.5,ZeroMinusTick,611fe9fb-8078-8dc0-9eb0-efd77886a56d,1117421,717
2018-12-14 05:50:51.654,181218225147012,18121405,XBTUSD,Sell,1000,3249,ZeroMinusTick,62c12e02-234b-e222-0d42-ed6fb346e24b,1118421,718
2018-12-14 05:50:56.445,181218225147012,18121405,XBTUSD,Sell,100,3249,ZeroMinusTick,95d5ba6b-69a8-8a45-7991-5f6211ba31f0,1118521,719
2018-12-14 05:50:56.445,181218225147012,18121405,XBTUSD,Sell,9,3249,ZeroMinusTick,5de7a228-5ac0-641c-abf7-f0fb445c7365,1118530,720
2018-12-14 05:50:56.445,181218225147013,18121405,XBTUSD,Sell,16,3249,ZeroMinusTick,ad2c8a37-e776-34a9-755e-a8c538a35af1,1118546,721
2018-12-14 05:50:57.214,181218225147013,18121405,XBTUSD,Sell,590,3249,ZeroMinusTick,3a32c5fd-0cc8-24fe-8bd9-ea0b61345712,1119136,722
2018-12-14 05:50:57.214,181218225147013,18121405,XBTUSD,Sell,80,3249,ZeroMinusTick,ea759d58-f51a-60b4-f38a-5c2d57e57cc0,1119216,723
2018-12-14 05:50:57.214,181218225147013,18121405,XBTUSD,Sell,1000,3248.5,ZeroMinusTick,0766c255-9ff7-6e6e-b5f7-7e5b922af9a4,1120216,724
2018-12-14 05:51:19.964,181218225147013,18121405,XBTUSD,Sell,1181,3248.5,ZeroMinusTick,9ef43f36-3bad-c813-9f87-a2bb440b9a20,1121397,725
2018-12-14 05:51:22.152,181218225147013,18121405,XBTUSD,Sell,36,3248.5,ZeroMinusTick,68204d83-9cd4-929c-a621-f3a14522fd74,1121433,726
2018-12-14 05:51:23.604,181218225147013,18121405,XBTUSD,Sell,10,3248.5,ZeroMinusTick,23c89fb7-4d4e-7e11-08bd-437401585969,1121443,727
2018-12-14 05:51:23.604,181218225147013,18121405,XBTUSD,Sell,131,3248.5,ZeroMinusTick,63cd09a8-af5e-dd7c-19a9-6fe5d1c7f6d0,1121574,728
2018-12-14 05:51:23.604,181218225147013,18121405,XBTUSD,Sell,10,3248.5,ZeroMinusTick,ca874c9a-2ad8-3256-6b2e-8cd1cffe0be3,1121584,729
2018-12-14 05:51:23.604,181218225147013,18121405,XBTUSD,Sell,9,3248.5,ZeroMinusTick,dc22ad70-e235-fc00-33ac-ec66bcd05af7,1121593,730
2018-12-14 05:51:29.930,181218225147013,18121405,XBTUSD,Sell,30,3248,ZeroMinusTick,724a02be-ffb0-6e34-221e-4dcc3de72839,1121623,731
2018-12-14 05:51:31.407,181218225147013,18121405,XBTUSD,Sell,489,3248,ZeroMinusTick,83f37d66-2e27-fa8c-4215-5aac63bb70a0,1122112,732
2018-12-14 05:51:33.475,181218225147013,18121405,XBTUSD,Sell,3000,3248,ZeroMinusTick,45e412d8-6142-09d0-0283-93dddb8ea506,1125112,733
2018-12-14 05:51:34.140,181218225147013,18121405,XBTUSD,Sell,1000,3248,ZeroMinusTick,e24b4ea8-3abe-2221-f762-e3156fabccbc,1126112,734
2018-12-14 05:51:40.213,181218225147013,18121405,XBTUSD,Sell,600,3248,MinusTick,09f33a09-2173-b4c8-1043-08979f747fe3,1126712,735
2018-12-14 05:51:40.718,181218225147013,18121405,XBTUSD,Sell,3754,3248,ZeroMinusTick,76d972f0-9b39-a5fe-2a9e-4fc9f2f80c91,1130466,736
2018-12-14 05:51:48.543,181218225147013,18121405,XBTUSD,Sell,60,3248,ZeroMinusTick,8991cbd6-9a2e-0b73-19d4-add89c2ada6f,1130526,737
2018-12-14 05:51:52.425,181218225147013,18121405,XBTUSD,Sell,26,3248,ZeroMinusTick,f4a51e84-adb8-c27a-a431-19c4f98d80c3,1130552,738
2018-12-14 05:51:52.425,181218225147013,18121405,XBTUSD,Sell,70,3248,ZeroMinusTick,64f89cfd-c2fa-3f24-d8ac-e7dc5f58319f,1130622,739
2018-12-14 05:51:52.425,181218225147013,18121405,XBTUSD,Sell,9,3248,ZeroMinusTick,c1909ad3-7746-62e5-f2b6-8facfa6a0cb8,1130631,740
2018-12-14 05:52:09.108,181218225147013,18121405,XBTUSD,Sell,20,3248,ZeroMinusTick,ac1c7ca5-6342-f9b5-d0d8-7a103bb3b1c8,1130651,741
2018-12-14 05:52:22.346,181218225147013,18121405,XBTUSD,Sell,100,3248,ZeroMinusTick,23c546da-0f33-bd2c-d544-a62496ce5381,1130751,742
2018-12-14 05:52:22.346,181218225147013,18121405,XBTUSD,Sell,26,3248,ZeroMinusTick,ed47380e-ad62-92aa-d137-e71d6ab2f793,1130777,743
2018-12-14 05:52:22.346,181218225147013,18121405,XBTUSD,Sell,120,3248,ZeroMinusTick,fb3e8b22-7276-94b4-ec40-306448f28d7d,1130897,744
2018-12-14 05:52:22.346,181218225147013,18121405,XBTUSD,Sell,24,3248,ZeroMinusTick,fe448fdc-ec35-052a-b374-7888bf78ec90,1130921,745
2018-12-14 05:50:32.103,181218225147013,18121405,XBTUSD,Sell,2295,3249.5,ZeroMinusTick,1b155dfb-cb20-0ea2-3cc7-89e5c1b39b90,1133216,746
2018-12-14 05:50:32.188,181218225147013,18121405,XBTUSD,Sell,109,3249.5,ZeroMinusTick,1074636c-ebcf-103e-505b-b4b11ba2d645,1133325,747
2018-12-14 05:50:41.225,181218225147013,18121405,XBTUSD,Sell,24,3249.5,ZeroMinusTick,98f62632-19a3-9304-8a11-95acec63b19b,1133349,748
2018-12-14 05:50:41.225,181218225147013,18121405,XBTUSD,Sell,28,3249.5,ZeroMinusTick,36f313cd-5a08-801a-ed7a-2f525b3a3a34,1133377,749
2018-12-14 05:50:47.214,181218225147013,18121405,XBTUSD,Sell,146,3249.5,ZeroMinusTick,21a54a45-d7db-e420-8aaa-9ae48143b775,1133523,750
2018-12-14 05:50:47.214,181218225147014,18121405,XBTUSD,Sell,10,3249.5,ZeroMinusTick,2c027347-e7d3-e521-c862-3bdfb3c851d2,1133533,751
2018-12-14 05:50:51.654,181218225147014,18121405,XBTUSD,Sell,44,3249,ZeroMinusTick,5a5a2242-c8ea-1f8f-5027-05497c69c913,1133577,752
2018-12-14 05:50:56.445,181218225147014,18121405,XBTUSD,Sell,1000,3249,ZeroMinusTick,bbd1b3a9-8fb8-71c2-4a00-13b0d1857a55,1134577,753
2018-12-14 05:50:56.445,181218225147014,18121405,XBTUSD,Sell,50,3249,ZeroMinusTick,a507a91e-66a1-6412-f955-50dc24202f67,1134627,754
2018-12-14 05:50:56.445,181218225147014,18121405,XBTUSD,Sell,13,3249,ZeroMinusTick,8071ee7b-c58e-1d2a-bc9a-cedbf6e93f1f,1134640,755
2018-12-14 05:50:57.214,181218225147014,18121405,XBTUSD,Sell,124,3249,ZeroMinusTick,c7661809-b890-3141-baa5-3a52dfcd907e,1134764,756
2018-12-14 05:50:57.214,181218225147014,18121405,XBTUSD,Sell,26,3249,ZeroMinusTick,c80039e4-852d-5a24-c797-a809b0e46a8a,1134790,757
