timestamp,reformattedDate,hour,symbol,bidPrice,bidSize,askPrice,askSize,midPrice,microPrice
2018-12-14 03:00:03.477,181214221500913,18121403,XBTZ18,3225,77048,3225.5,110027,3225.25,3225.5
2018-12-14 03:00:03.869,181214221500915,18121403,XBTZ18,3225,69264,3225.5,107532,3225.25,3225.5
2018-12-14 03:00:04.166,181214221500915,18121403,XBTZ18,3225,63968,3225.5,106582,3225.25,3225.5
2018-12-14 03:00:04.676,181214221500915,18121403,XBTZ18,3225,52925,3225.5,116621,3225.25,3225.5
2018-12-14 03:00:04.912,181214221500915,18121403,XBTZ18,3225,49439,3225.5,116623,3225.25,3225.5
2018-12-14 03:00:03.522,181214221500915,18121403,XBTZ18,3225,77048,3225.5,110026,3225.25,3225.5
2018-12-14 03:00:03.896,181214221500915,18121403,XBTZ18,3225,68968,3225.5,107532,3225.25,3225.5
2018-12-14 03:00:04.258,181214221500915,18121403,XBTZ18,3225,63968,3225.5,108582,3225.25,3225.5
2018-12-14 03:00:04.948,181214221500915,18121403,XBTZ18,3225,49439,3225.5,117623,3225.25,3225.5
2018-12-14 03:00:03.680,181214221500915,18121403,XBTZ18,3225,75639,3225.5,107532,3225.25,3225.5
2018-12-14 03:00:04.402,181214221500915,18121403,XBTZ18,3225,56693,3225.5,113582,3225.25,3225.5
2018-12-14 03:00:04.696,181214221500916,18121403,XBTZ18,3225,52925,3225.5,116622,3225.25,3225.5
2018-12-14 03:00:05.007,181214221500916,18121403,XBTZ18,3225,44156,3225.5,85271,3225.25,3225.5
2018-12-14 03:00:05.632,181214221500916,18121403,XBTZ18,3225,44107,3225.5,98038,3225.25,3225.5
2018-12-14 03:00:07.103,181214221500916,18121403,XBTZ18,3225,22141,3225.5,98038,3225.25,3225.5
2018-12-14 03:00:07.295,181214221500916,18121403,XBTZ18,3225,15000,3225.5,97488,3225.25,3225.5
2018-12-14 03:00:04.038,181214221500916,18121403,XBTZ18,3225,68968,3225.5,106582,3225.25,3225.5
2018-12-14 03:00:05.000,181214221500916,18121403,XBTZ18,3225,49156,3225.5,85271,3225.25,3225.5
2018-12-14 03:00:07.896,181214221500916,18121403,XBTZ18,3225,8050,3225.5,93738,3225.25,3225.5
2018-12-14 03:00:09.667,181214221500916,18121403,XBTZ18,3225,2650,3225.5,138784,3225.25,3225.5
2018-12-14 03:00:11.886,181214221500916,18121403,XBTZ18,3223,4857,3225.5,130817,3224.25,3225.5
2018-12-14 03:00:12.608,181214221500916,18121403,XBTZ18,3223,4537,3224,500,3223.5,3224
2018-12-14 03:00:12.786,181214221500916,18121403,XBTZ18,3223,4537,3224,500,3223.5,3224
2018-12-14 03:00:13.612,181214221500916,18121403,XBTZ18,3223,4537,3223.5,20500,3223.25,3223.5
2018-12-14 03:00:14.647,181214221500916,18121403,XBTZ18,3223,4537,3223.5,38082,3223.25,3223.5
2018-12-14 03:00:15.143,181214221500916,18121403,XBTZ18,3223,4537,3223.5,38661,3223.25,3223.5
2018-12-14 03:00:03.630,181214221500916,18121403,XBTZ18,3225,75848,3225.5,107532,3225.25,3225.5
2018-12-14 03:00:04.348,181214221500916,18121403,XBTZ18,3225,58968,3225.5,113582,3225.25,3225.5
2018-12-14 03:00:04.953,181214221500916,18121403,XBTZ18,3225,49439,3225.5,85271,3225.25,3225.5
2018-12-14 03:00:07.307,181214221500916,18121403,XBTZ18,3225,14739,3225.5,97488,3225.25,3225.5
2018-12-14 03:00:08.820,181214221500916,18121403,XBTZ18,3225,5150,3225.5,93738,3225.25,3225.5
2018-12-14 03:00:10.999,181214221500916,18121403,XBTZ18,3225,412,3225.5,138784,3225.25,3225.5
2018-12-14 03:00:12.043,181214221500916,18121403,XBTZ18,3223,4537,3225,1000,3224,3225
2018-12-14 03:00:12.726,181214221500916,18121403,XBTZ18,3223,4537,3224,500,3223.5,3224
2018-12-14 03:00:12.922,181214221500916,18121403,XBTZ18,3223,4537,3224,500,3223.5,3224
2018-12-14 03:00:15.899,181214221500916,18121403,XBTZ18,3223,4557,3223.5,32661,3223.25,3223.5
2018-12-14 03:00:16.550,181214221500916,18121403,XBTZ18,3223,4557,3223.5,52661,3223.25,3223.5
2018-12-14 03:00:18.180,181214221500916,18121403,XBTZ18,3223,4557,3223.5,50574,3223.25,3223.5
2018-12-14 03:00:19.509,181214221500916,18121403,XBTZ18,3223,3757,3223.5,61339,3223.25,3223.5
2018-12-14 03:00:03.578,181214221500916,18121403,XBTZ18,3225,77048,3225.5,107532,3225.25,3225.5
2018-12-14 03:00:04.327,181214221500916,18121403,XBTZ18,3225,58968,3225.5,108582,3225.25,3225.5
2018-12-14 03:00:04.950,181214221500916,18121403,XBTZ18,3225,49439,3225.5,84521,3225.25,3225.5
2018-12-14 03:00:07.583,181214221500916,18121403,XBTZ18,3225,11850,3225.5,94738,3225.25,3225.5
2018-12-14 03:00:10.946,181214221500916,18121403,XBTZ18,3225,412,3225.5,143784,3225.25,3225.5
2018-12-14 03:00:12.043,181214221500916,18121403,XBTZ18,3223,4537,3225.5,125817,3224.25,3225.5
2018-12-14 03:00:12.741,181214221500916,18121403,XBTZ18,3223,4537,3223.5,10000,3223.25,3223.5
2018-12-14 03:00:12.981,181214221500916,18121403,XBTZ18,3223,4537,3223.5,10000,3223.25,3223.5
2018-12-14 03:00:03.734,181214221500916,18121403,XBTZ18,3225,75488,3225.5,107532,3225.25,3225.5
2018-12-14 03:00:04.450,181214221500916,18121403,XBTZ18,3225,56693,3225.5,113602,3225.25,3225.5
2018-12-14 03:00:04.770,181214221500916,18121403,XBTZ18,3225,52693,3225.5,116622,3225.25,3225.5
2018-12-14 03:00:05.020,181214221500916,18121403,XBTZ18,3225,44108,3225.5,85271,3225.25,3225.5
2018-12-14 03:00:06.930,181214221500916,18121403,XBTZ18,3225,22804,3225.5,98038,3225.25,3225.5
2018-12-14 03:00:07.284,181214221500916,18121403,XBTZ18,3225,15000,3225.5,93038,3225.25,3225.5
2018-12-14 03:00:08.510,181214221500916,18121403,XBTZ18,3225,6650,3225.5,93738,3225.25,3225.5
2018-12-14 03:00:10.141,181214221500916,18121403,XBTZ18,3225,650,3225.5,138784,3225.25,3225.5
2018-12-14 03:00:12.641,181214221500916,18121403,XBTZ18,3223,4537,3224,500,3223.5,3224
2018-12-14 03:00:12.818,181214221500916,18121403,XBTZ18,3223,4537,3224,500,3223.5,3224
2018-12-14 03:00:13.616,181214221500916,18121403,XBTZ18,3223,4537,3223.5,21760,3223.25,3223.5
2018-12-14 03:00:14.920,181214221500916,18121403,XBTZ18,3223,4537,3223.5,38661,3223.25,3223.5
2018-12-14 03:00:15.618,181214221500916,18121403,XBTZ18,3223,4557,3223.5,48266,3223.25,3223.5
2018-12-14 03:00:17.408,181214221500916,18121403,XBTZ18,3223,4557,3223.5,56266,3223.25,3223.5
2018-12-14 03:00:02.712,181214221500916,18121403,XBTZ18,3225,77048,3225.5,110028,3225.25,3225.5
2018-12-14 03:00:03.830,181214221500916,18121403,XBTZ18,3225,75037,3225.5,107532,3225.25,3225.5
2018-12-14 03:00:04.544,181214221500916,18121403,XBTZ18,3225,52925,3225.5,114621,3225.25,3225.5
2018-12-14 03:00:04.791,181214221500916,18121403,XBTZ18,3225,52039,3225.5,116623,3225.25,3225.5
2018-12-14 03:00:05.388,181214221500916,18121403,XBTZ18,3225,44107,3225.5,93038,3225.25,3225.5
2018-12-14 03:00:05.796,181214221500917,18121403,XBTZ18,3225,31262,3225.5,98038,3225.25,3225.5
2018-12-14 03:00:07.142,181214221500917,18121403,XBTZ18,3225,18000,3225.5,98038,3225.25,3225.5
2018-12-14 03:00:07.326,181214221500917,18121403,XBTZ18,3225,14739,3225.5,96738,3225.25,3225.5
2018-12-14 03:00:10.820,181214221500917,18121403,XBTZ18,3225,650,3225.5,143784,3225.25,3225.5
2018-12-14 03:00:12.672,181214221500917,18121403,XBTZ18,3223,4537,3224,500,3223.5,3224
2018-12-14 03:00:12.849,181214221500917,18121403,XBTZ18,3223,4537,3224,500,3223.5,3224
2018-12-14 03:00:13.841,181214221500917,18121403,XBTZ18,3223,4537,3223.5,33085,3223.25,3223.5
2018-12-14 03:00:16.766,181214221500917,18121403,XBTZ18,3223,4557,3223.5,66266,3223.25,3223.5
2018-12-14 03:00:17.936,181214221500917,18121403,XBTZ18,3223,4557,3223.5,48574,3223.25,3223.5
2018-12-14 03:00:19.900,181214221500917,18121403,XBTZ18,3223,3757,3223.5,61339,3223.25,3223.5
2018-12-14 03:00:20.320,181214221500917,18121403,XBTZ18,3223,3757,3223.5,51859,3223.25,3223.5
2018-12-14 03:00:21.454,181214221500917,18121403,XBTZ18,3223,3757,3223.5,49946,3223.25,3223.5
2018-12-14 03:00:03.802,181214221500917,18121403,XBTZ18,3225,75085,3225.5,107532,3225.25,3225.5
2018-12-14 03:00:04.492,181214221500917,18121403,XBTZ18,3225,56693,3225.5,114621,3225.25,3225.5
2018-12-14 03:00:04.778,181214221500917,18121403,XBTZ18,3225,52693,3225.5,116623,3225.25,3225.5
2018-12-14 03:00:05.227,181214221500917,18121403,XBTZ18,3225,44107,3225.5,85271,3225.25,3225.5
2018-12-14 03:00:07.258,181214221500917,18121403,XBTZ18,3225,18000,3225.5,93038,3225.25,3225.5
2018-12-14 03:00:08.202,181214221500917,18121403,XBTZ18,3225,7350,3225.5,93738,3225.25,3225.5
2018-12-14 03:00:09.747,181214221500917,18121403,XBTZ18,3225,1650,3225.5,138784,3225.25,3225.5
2018-12-14 03:00:11.717,181214221500917,18121403,XBTZ18,3223,4857,3225.5,131017,3224.25,3225.5
2018-12-14 03:00:12.624,181214221500917,18121403,XBTZ18,3223,4537,3223.5,10000,3223.25,3223.5
2018-12-14 03:00:12.804,181214221500917,18121403,XBTZ18,3223,4537,3223.5,10000,3223.25,3223.5
2018-12-14 03:00:13.646,181214221500917,18121403,XBTZ18,3223,4537,3223.5,31760,3223.25,3223.5
2018-12-14 03:00:15.255,181214221500917,18121403,XBTZ18,3223,4537,3223.5,49266,3223.25,3223.5
2018-12-14 03:00:03.835,181214221500917,18121403,XBTZ18,3225,69405,3225.5,107532,3225.25,3225.5
2018-12-14 03:00:04.361,181214221500917,18121403,XBTZ18,3225,58668,3225.5,113582,3225.25,3225.5
2018-12-14 03:00:05.958,181214221500917,18121403,XBTZ18,3225,25104,3225.5,98038,3225.25,3225.5
2018-12-14 03:00:07.539,181214221500917,18121403,XBTZ18,3225,11850,3225.5,96738,3225.25,3225.5
2018-12-14 03:00:10.923,181214221500917,18121403,XBTZ18,3225,586,3225.5,143784,3225.25,3225.5
2018-12-14 03:00:12.457,181214221500917,18121403,XBTZ18,3223,4537,3224,500,3223.5,3224
2018-12-14 03:00:12.657,181214221500917,18121403,XBTZ18,3223,4537,3223.5,10000,3223.25,3223.5
2018-12-14 03:00:12.836,181214221500917,18121403,XBTZ18,3223,4537,3223.5,10000,3223.25,3223.5
2018-12-14 03:00:13.820,181214221500917,18121403,XBTZ18,3223,4537,3223.5,31921,3223.25,3223.5
2018-12-14 03:00:14.987,181214221500917,18121403,XBTZ18,3223,4537,3223.5,38662,3223.25,3223.5
2018-12-14 03:00:15.207,181214221500917,18121403,XBTZ18,3223,4537,3223.5,39661,3223.25,3223.5
2018-12-14 03:00:18.827,181214221500917,18121403,XBTZ18,3223,4557,3223.5,51735,3223.25,3223.5
2018-12-14 03:00:07.803,181214221500917,18121403,XBTZ18,3225,9950,3225.5,93738,3225.25,3225.5
2018-12-14 03:00:09.440,181214221500917,18121403,XBTZ18,3225,2650,3225.5,93738,3225.25,3225.5
2018-12-14 03:00:11.027,181214221500917,18121403,XBTZ18,3225,412,3225.5,131017,3225.25,3225.5
2018-12-14 03:00:12.024,181214221500917,18121403,XBTZ18,3223,4857,3225.5,125817,3224.25,3225.5
2018-12-14 03:00:12.592,181214221500917,18121403,XBTZ18,3223,4537,3223.5,10000,3223.25,3223.5
2018-12-14 03:00:12.770,181214221500917,18121403,XBTZ18,3223,4537,3223.5,10000,3223.25,3223.5
2018-12-14 03:00:13.155,181214221500917,18121403,XBTZ18,3223,4537,3223.5,20000,3223.25,3223.5
2018-12-14 03:00:14.201,181214221500917,18121403,XBTZ18,3223,4537,3223.5,37921,3223.25,3223.5
2018-12-14 03:00:15.539,181214221500917,18121403,XBTZ18,3223,4537,3223.5,48266,3223.25,3223.5
2018-12-14 03:00:18.838,181214221500917,18121403,XBTZ18,3223,3757,3223.5,51735,3223.25,3223.5
2018-12-14 03:00:24.219,181214221500917,18121403,XBTZ18,3223,3257,3223.5,49859,3223.25,3223.5
2018-12-14 03:00:29.417,181214221500917,18121403,XBTZ18,3223,3257,3223.5,54201,3223.25,3223.5
2018-12-14 03:00:32.380,181214221500917,18121403,XBTZ18,3223,1857,3223.5,62303,3223.25,3223.5
2018-12-14 03:00:07.590,181214221500917,18121403,XBTZ18,3225,9950,3225.5,94738,3225.25,3225.5
2018-12-14 03:00:09.125,181214221500917,18121403,XBTZ18,3225,3650,3225.5,93738,3225.25,3225.5
2018-12-14 03:00:12.043,181214221500917,18121403,XBTZ18,3223,4657,3225.5,125817,3224.25,3225.5
2018-12-14 03:00:12.753,181214221500917,18121403,XBTZ18,3223,4537,3224,500,3223.5,3224
2018-12-14 03:00:13.064,181214221500917,18121403,XBTZ18,3223,4537,3224,500,3223.5,3224
2018-12-14 03:00:15.724,181214221500917,18121403,XBTZ18,3223,4557,3223.5,38661,3223.25,3223.5
2018-12-14 03:00:17.899,181214221500917,18121403,XBTZ18,3223,4557,3223.5,46661,3223.25,3223.5
2018-12-14 03:00:20.187,181214221500917,18121403,XBTZ18,3223,3757,3223.5,61463,3223.25,3223.5
2018-12-14 03:00:22.007,181214221500917,18121403,XBTZ18,3223,3757,3223.5,51859,3223.25,3223.5
2018-12-14 03:00:26.952,181214221500917,18121403,XBTZ18,3223,3257,3223.5,69464,3223.25,3223.5
2018-12-14 03:00:28.448,181214221500917,18121403,XBTZ18,3223,3257,3223.5,54201,3223.25,3223.5
2018-12-14 03:00:33.257,181214221500917,18121403,XBTZ18,3223,1857,3223.5,62303,3223.25,3223.5
2018-12-14 03:00:35.555,181214221500918,18121403,XBTZ18,3223,1257,3223.5,62303,3223.25,3223.5
2018-12-14 03:00:12.698,181214221500918,18121403,XBTZ18,3223,4537,3223.5,10000,3223.25,3223.5
2018-12-14 03:00:12.871,181214221500918,18121403,XBTZ18,3223,4537,3223.5,10000,3223.25,3223.5
2018-12-14 03:00:13.938,181214221500918,18121403,XBTZ18,3223,4537,3223.5,31921,3223.25,3223.5
2018-12-14 03:00:16.648,181214221500918,18121403,XBTZ18,3223,4557,3223.5,62266,3223.25,3223.5
2018-12-14 03:00:19.822,181214221500918,18121403,XBTZ18,3223,3757,3223.5,62339,3223.25,3223.5
2018-12-14 03:00:20.515,181214221500918,18121403,XBTZ18,3223,3757,3223.5,49946,3223.25,3223.5
2018-12-14 03:00:23.085,181214221500918,18121403,XBTZ18,3223,3257,3223.5,61463,3223.25,3223.5
2018-12-14 03:00:23.731,181214221500918,18121403,XBTZ18,3223,3257,3223.5,51859,3223.25,3223.5
2018-12-14 03:00:25.961,181214221500918,18121403,XBTZ18,3223,3257,3223.5,69464,3223.25,3223.5
2018-12-14 03:00:30.354,181214221500918,18121403,XBTZ18,3223,3257,3223.5,61893,3223.25,3223.5
2018-12-14 03:00:34.322,181214221500918,18121403,XBTZ18,3223,1757,3223.5,62303,3223.25,3223.5
2018-12-14 03:00:37.518,181214221500918,18121403,XBTZ18,3223,1257,3223.5,62303,3223.25,3223.5
2018-12-14 03:00:38.710,181214221500918,18121403,XBTZ18,3223,1257,3223.5,52701,3223.25,3223.5
2018-12-14 03:00:18.615,181214221500918,18121403,XBTZ18,3223,4557,3223.5,50735,3223.25,3223.5
2018-12-14 03:00:35.824,181214221500918,18121403,XBTZ18,3223,1257,3223.5,52701,3223.25,3223.5
2018-12-14 03:00:37.265,181214221500918,18121403,XBTZ18,3223,1257,3223.5,62303,3223.25,3223.5
2018-12-14 03:00:52.740,181214221500918,18121403,XBTZ18,3223,257,3223.5,56121,3223.25,3223.5
2018-12-14 03:00:24.851,181214221500918,18121403,XBTZ18,3223,3257,3223.5,69463,3223.25,3223.5
2018-12-14 03:00:29.085,181214221500918,18121403,XBTZ18,3223,3257,3223.5,63806,3223.25,3223.5
2018-12-14 03:00:34.421,181214221500918,18121403,XBTZ18,3223,1757,3223.5,52701,3223.25,3223.5
2018-12-14 03:00:37.441,181214221500918,18121403,XBTZ18,3223,1257,3223.5,63303,3223.25,3223.5
2018-12-14 03:00:54.023,181214221500918,18121403,XBTZ18,3223,257,3223.5,73677,3223.25,3223.5
2018-12-14 03:00:20.559,181214221500918,18121403,XBTZ18,3223,3757,3223.5,59550,3223.25,3223.5
2018-12-14 03:00:26.260,181214221500918,18121403,XBTZ18,3223,3257,3223.5,59859,3223.25,3223.5
2018-12-14 03:00:28.065,181214221500918,18121403,XBTZ18,3223,3257,3223.5,65464,3223.25,3223.5
2018-12-14 03:00:31.538,181214221500918,18121403,XBTZ18,3223,1857,3223.5,52288,3223.25,3223.5
2018-12-14 03:00:34.171,181214221500918,18121403,XBTZ18,3223,1757,3223.5,52701,3223.25,3223.5
2018-12-14 03:00:36.560,181214221500918,18121403,XBTZ18,3223,1257,3223.5,62303,3223.25,3223.5
2018-12-14 03:00:38.950,181214221500918,18121403,XBTZ18,3223,1257,3223.5,54701,3223.25,3223.5
2018-12-14 03:00:57.653,181214221500918,18121403,XBTZ18,3223,257,3223.5,56121,3223.25,3223.5
2018-12-14 03:00:59.614,181214221500918,18121403,XBTZ18,3223,257,3223.5,55101,3223.25,3223.5
2018-12-14 03:00:27.355,181214221500918,18121403,XBTZ18,3223,3257,3223.5,59859,3223.25,3223.5
2018-12-14 03:00:32.252,181214221500918,18121403,XBTZ18,3223,1857,3223.5,61890,3223.25,3223.5
2018-12-14 03:00:50.991,181214221500918,18121403,XBTZ18,3223,757,3223.5,55101,3223.25,3223.5
2018-12-14 03:00:51.623,181214221500918,18121403,XBTZ18,3223,757,3223.5,67657,3223.25,3223.5
2018-12-14 03:00:59.653,181214221500918,18121403,XBTZ18,3223,257,3223.5,36759,3223.25,3223.5
2018-12-14 03:00:22.782,181214221500918,18121403,XBTZ18,3223,3757,3223.5,61463,3223.25,3223.5
2018-12-14 03:00:25.126,181214221500918,18121403,XBTZ18,3223,3257,3223.5,59859,3223.25,3223.5
2018-12-14 03:00:28.387,181214221500918,18121403,XBTZ18,3223,3257,3223.5,55859,3223.25,3223.5
2018-12-14 03:00:30.350,181214221500918,18121403,XBTZ18,3223,3257,3223.5,63806,3223.25,3223.5
2018-12-14 03:00:31.230,181214221500918,18121403,XBTZ18,3223,1857,3223.5,61893,3223.25,3223.5
2018-12-14 03:00:33.330,181214221500918,18121403,XBTZ18,3223,1857,3223.5,52701,3223.25,3223.5
2018-12-14 03:00:35.302,181214221500918,18121403,XBTZ18,3223,1757,3223.5,62303,3223.25,3223.5
2018-12-14 03:00:40.814,181214221500918,18121403,XBTZ18,3223,1257,3223.5,64703,3223.25,3223.5
2018-12-14 03:00:48.217,181214221500918,18121403,XBTZ18,3223,757,3223.5,55101,3223.25,3223.5
2018-12-14 03:00:56.899,181214221500918,18121403,XBTZ18,3223,257,3223.5,68676,3223.25,3223.5
2018-12-14 03:00:58.651,181214221500918,18121403,XBTZ18,3223,257,3223.5,67677,3223.25,3223.5
2018-12-14 03:00:24.416,181214221500918,18121403,XBTZ18,3223,3257,3223.5,59859,3223.25,3223.5
2018-12-14 03:00:32.615,181214221500918,18121403,XBTZ18,3223,1857,3223.5,52701,3223.25,3223.5
2018-12-14 03:00:40.639,181214221500918,18121403,XBTZ18,3223,1257,3223.5,64303,3223.25,3223.5
2018-12-14 03:00:41.557,181214221500918,18121403,XBTZ18,3223,1257,3223.5,55101,3223.25,3223.5
2018-12-14 03:00:44.834,181214221500918,18121403,XBTZ18,3223,757,3223.5,64702,3223.25,3223.5
2018-12-14 03:00:28.005,181214221500918,18121403,XBTZ18,3223,3257,3223.5,69464,3223.25,3223.5
2018-12-14 03:00:39.556,181214221500918,18121403,XBTZ18,3223,1257,3223.5,64303,3223.25,3223.5
2018-12-14 03:00:40.453,181214221500918,18121403,XBTZ18,3223,1257,3223.5,54701,3223.25,3223.5
2018-12-14 03:00:43.488,181214221500918,18121403,XBTZ18,3223,757,3223.5,64702,3223.25,3223.5
2018-12-14 03:00:51.649,181214221500918,18121403,XBTZ18,3223,757,3223.5,68657,3223.25,3223.5
2018-12-14 03:00:53.519,181214221500918,18121403,XBTZ18,3223,257,3223.5,68677,3223.25,3223.5
2018-12-14 03:00:55.628,181214221500918,18121403,XBTZ18,3223,257,3223.5,56121,3223.25,3223.5
2018-12-14 03:00:59.443,181214221500918,18121403,XBTZ18,3223,257,3223.5,55121,3223.25,3223.5
2018-12-14 03:00:51.671,181214221500919,18121403,XBTZ18,3223,257,3223.5,68657,3223.25,3223.5
2018-12-14 03:00:52.441,181214221500919,18121403,XBTZ18,3223,257,3223.5,68677,3223.25,3223.5
2018-12-14 03:00:56.644,181214221500919,18121403,XBTZ18,3223,257,3223.5,56121,3223.25,3223.5
2018-12-14 03:01:10.872,181214221500919,18121403,XBTZ18,3223,257,3223.5,36346,3223.25,3223.5
2018-12-14 03:01:12.387,181214221500919,18121403,XBTZ18,3223,257,3223.5,34346,3223.25,3223.5
2018-12-14 03:00:37.183,181214221500919,18121403,XBTZ18,3223,1257,3223.5,63303,3223.25,3223.5
2018-12-14 03:00:42.821,181214221500919,18121403,XBTZ18,3223,1257,3223.5,64702,3223.25,3223.5
2018-12-14 03:00:49.124,181214221500919,18121403,XBTZ18,3223,757,3223.5,64703,3223.25,3223.5
2018-12-14 03:01:00.586,181214221500919,18121403,XBTZ18,3223,257,3223.5,49317,3223.25,3223.5
2018-12-14 03:01:15.581,181214221500919,18121403,XBTZ18,3223,321,3223.5,66842,3223.25,3223.5
2018-12-14 03:01:17.791,181214221500919,18121403,XBTZ18,3223,321,3223.5,55307,3223.25,3223.5
2018-12-14 03:00:44.638,181214221500919,18121403,XBTZ18,3223,757,3223.5,55101,3223.25,3223.5
2018-12-14 03:01:01.568,181214221500919,18121403,XBTZ18,3223,257,3223.5,36759,3223.25,3223.5
2018-12-14 03:01:10.143,181214221500919,18121403,XBTZ18,3223,257,3223.5,49317,3223.25,3223.5
2018-12-14 03:01:12.500,181214221500919,18121403,XBTZ18,3223,257,3223.5,34366,3223.25,3223.5
2018-12-14 03:01:15.608,181214221500919,18121403,XBTZ18,3223,321,3223.5,54282,3223.25,3223.5
2018-12-14 03:01:17.722,181214221500919,18121403,XBTZ18,3223,321,3223.5,54307,3223.25,3223.5
2018-12-14 03:01:19.520,181214221500919,18121403,XBTZ18,3223,321,3223.5,66811,3223.25,3223.5
2018-12-14 03:00:54.823,181214221500919,18121403,XBTZ18,3223,257,3223.5,61121,3223.25,3223.5
2018-12-14 03:00:55.744,181214221500919,18121403,XBTZ18,3223,257,3223.5,68676,3223.25,3223.5
2018-12-14 03:00:58.156,181214221500919,18121403,XBTZ18,3223,257,3223.5,68677,3223.25,3223.5
2018-12-14 03:01:02.714,181214221500919,18121403,XBTZ18,3223,257,3223.5,49317,3223.25,3223.5
2018-12-14 03:01:03.568,181214221500919,18121403,XBTZ18,3223,257,3223.5,36759,3223.25,3223.5
2018-12-14 03:01:06.711,181214221500919,18121403,XBTZ18,3223,257,3223.5,36759,3223.25,3223.5
2018-12-14 03:01:10.782,181214221500919,18121403,XBTZ18,3223,257,3223.5,48904,3223.25,3223.5
2018-12-14 03:01:11.929,181214221500919,18121403,XBTZ18,3223,257,3223.5,34346,3223.25,3223.5
2018-12-14 03:01:18.771,181214221500919,18121403,XBTZ18,3223,321,3223.5,66831,3223.25,3223.5
2018-12-14 03:01:21.719,181214221500919,18121403,XBTZ18,3223,321,3223.5,54307,3223.25,3223.5
2018-12-14 03:01:26.320,181214221500919,18121403,XBTZ18,3223,321,3223.5,56220,3223.25,3223.5
2018-12-14 03:01:31.996,181214221500919,18121403,XBTZ18,3223,321,3223.5,68725,3223.25,3223.5
2018-12-14 03:01:09.340,181214221500919,18121403,XBTZ18,3223,257,3223.5,36759,3223.25,3223.5
2018-12-14 03:01:13.478,181214221500919,18121403,XBTZ18,3223,257,3223.5,34346,3223.25,3223.5
2018-12-14 03:01:25.301,181214221500919,18121403,XBTZ18,3223,321,3223.5,56220,3223.25,3223.5
2018-12-14 03:01:27.384,181214221500919,18121403,XBTZ18,3223,321,3223.5,68725,3223.25,3223.5
2018-12-14 03:01:37.322,181214221500919,18121403,XBTZ18,3223,321,3223.5,56220,3223.25,3223.5
2018-12-14 03:01:38.594,181214221500919,18121403,XBTZ18,3223,321,3223.5,68725,3223.25,3223.5
2018-12-14 03:01:55.664,181214221500919,18121403,XBTZ18,3223,321,3223.5,56220,3223.25,3223.5
2018-12-14 03:01:11.172,181214221500919,18121403,XBTZ18,3223,257,3223.5,48904,3223.25,3223.5
2018-12-14 03:01:14.560,181214221500919,18121403,XBTZ18,3223,321,3223.5,46842,3223.25,3223.5
2018-12-14 03:01:18.513,181214221500919,18121403,XBTZ18,3223,321,3223.5,54327,3223.25,3223.5
2018-12-14 03:01:30.711,181214221500919,18121403,XBTZ18,3223,321,3223.5,68725,3223.25,3223.5
2018-12-14 03:01:50.215,181214221500919,18121403,XBTZ18,3223,1588,3223.5,68726,3223.25,3223.5
2018-12-14 03:01:04.813,181214221500919,18121403,XBTZ18,3223,257,3223.5,49316,3223.25,3223.5
2018-12-14 03:01:14.017,181214221500919,18121403,XBTZ18,3223,257,3223.5,34282,3223.25,3223.5
2018-12-14 03:01:20.955,181214221500919,18121403,XBTZ18,3223,321,3223.5,66811,3223.25,3223.5
2018-12-14 03:01:29.625,181214221500919,18121403,XBTZ18,3223,321,3223.5,68725,3223.25,3223.5
2018-12-14 03:01:36.511,181214221500919,18121403,XBTZ18,3223,321,3223.5,68726,3223.25,3223.5
2018-12-14 03:01:42.241,181214221500919,18121403,XBTZ18,3223,1588,3223.5,56220,3223.25,3223.5
2018-12-14 03:01:44.932,181214221500919,18121403,XBTZ18,3223,1588,3223.5,68726,3223.25,3223.5
2018-12-14 03:01:57.748,181214221500919,18121403,XBTZ18,3223,1588,3223.5,56220,3223.25,3223.5
2018-12-14 03:01:13.289,181214221500919,18121403,XBTZ18,3223,257,3223.5,46927,3223.25,3223.5
2018-12-14 03:01:14.499,181214221500919,18121403,XBTZ18,3223,321,3223.5,34282,3223.25,3223.5
2018-12-14 03:01:16.697,181214221500919,18121403,XBTZ18,3223,321,3223.5,66788,3223.25,3223.5
2018-12-14 03:01:18.500,181214221500919,18121403,XBTZ18,3223,321,3223.5,55327,3223.25,3223.5
2018-12-14 03:01:25.371,181214221500919,18121403,XBTZ18,3223,321,3223.5,68725,3223.25,3223.5
2018-12-14 03:01:27.443,181214221500920,18121403,XBTZ18,3223,321,3223.5,56220,3223.25,3223.5
2018-12-14 03:01:41.845,181214221500920,18121403,XBTZ18,3223,1588,3223.5,67725,3223.25,3223.5
2018-12-14 03:01:49.190,181214221500920,18121403,XBTZ18,3223,1588,3223.5,68726,3223.25,3223.5
2018-12-14 03:01:52.702,181214221500920,18121403,XBTZ18,3223,321,3223.5,56220,3223.25,3223.5
2018-12-14 03:01:07.990,181214221500920,18121403,XBTZ18,3223,257,3223.5,49318,3223.25,3223.5
2018-12-14 03:01:11.792,181214221500920,18121403,XBTZ18,3223,257,3223.5,46904,3223.25,3223.5
2018-12-14 03:01:12.208,181214221500920,18121403,XBTZ18,3223,257,3223.5,46904,3223.25,3223.5
2018-12-14 03:01:24.824,181214221500920,18121403,XBTZ18,3223,321,3223.5,68724,3223.25,3223.5
2018-12-14 03:01:31.528,181214221500920,18121403,XBTZ18,3223,321,3223.5,56220,3223.25,3223.5
2018-12-14 03:01:39.990,181214221500920,18121403,XBTZ18,3223,1588,3223.5,56220,3223.25,3223.5
2018-12-14 03:01:50.664,181214221500920,18121403,XBTZ18,3223,1588,3223.5,56220,3223.25,3223.5
2018-12-14 03:01:52.415,181214221500920,18121403,XBTZ18,3223,321,3223.5,68726,3223.25,3223.5
2018-12-14 03:01:13.377,181214221500920,18121403,XBTZ18,3223,257,3223.5,34366,3223.25,3223.5
2018-12-14 03:01:23.083,181214221500920,18121403,XBTZ18,3223,321,3223.5,66811,3223.25,3223.5
2018-12-14 03:01:32.520,181214221500920,18121403,XBTZ18,3223,321,3223.5,56220,3223.25,3223.5
2018-12-14 03:01:40.823,181214221500920,18121403,XBTZ18,3223,1588,3223.5,56220,3223.25,3223.5
2018-12-14 03:01:46.523,181214221500920,18121403,XBTZ18,3223,1588,3223.5,56220,3223.25,3223.5
2018-12-14 03:01:48.138,181214221500920,18121403,XBTZ18,3223,1588,3223.5,68726,3223.25,3223.5
2018-12-14 03:01:49.659,181214221500920,18121403,XBTZ18,3223,1588,3223.5,56220,3223.25,3223.5
2018-12-14 03:01:17.681,181214221500920,18121403,XBTZ18,3223,321,3223.5,66813,3223.25,3223.5
2018-12-14 03:01:19.850,181214221500920,18121403,XBTZ18,3223,321,3223.5,54307,3223.25,3223.5
2018-12-14 03:01:30.491,181214221500920,18121403,XBTZ18,3223,321,3223.5,56220,3223.25,3223.5
2018-12-14 03:01:34.585,181214221500920,18121403,XBTZ18,3223,321,3223.5,56220,3223.25,3223.5
2018-12-14 03:01:35.327,181214221500920,18121403,XBTZ18,3223,321,3223.5,68725,3223.25,3223.5
2018-12-14 03:01:39.809,181214221500920,18121403,XBTZ18,3223,321,3223.5,56220,3223.25,3223.5
2018-12-14 03:01:42.890,181214221500920,18121403,XBTZ18,3223,1588,3223.5,68726,3223.25,3223.5
2018-12-14 03:01:44.485,181214221500920,18121403,XBTZ18,3223,1588,3223.5,56220,3223.25,3223.5
2018-12-14 03:01:47.585,181214221500920,18121403,XBTZ18,3223,1588,3223.5,56220,3223.25,3223.5
2018-12-14 03:01:51.570,181214221500920,18121403,XBTZ18,3223,1588,3223.5,68726,3223.25,3223.5
2018-12-14 03:01:54.777,181214221500920,18121403,XBTZ18,3223,321,3223.5,56220,3223.25,3223.5
2018-12-14 03:01:56.541,181214221500920,18121403,XBTZ18,3223,321,3223.5,68726,3223.25,3223.5
2018-12-14 03:01:58.644,181214221500920,18121403,XBTZ18,3223,1588,3223.5,68726,3223.25,3223.5
2018-12-14 03:02:04.787,181214221500920,18121403,XBTZ18,3223,1588,3223.5,68726,3223.25,3223.5
2018-12-14 03:02:05.365,181214221500920,18121403,XBTZ18,3223,321,3223.5,68726,3223.25,3223.5
2018-12-14 03:01:28.573,181214221500920,18121403,XBTZ18,3223,321,3223.5,68725,3223.25,3223.5
2018-12-14 03:01:29.486,181214221500920,18121403,XBTZ18,3223,321,3223.5,56220,3223.25,3223.5
2018-12-14 03:01:34.114,181214221500920,18121403,XBTZ18,3223,321,3223.5,68725,3223.25,3223.5
2018-12-14 03:01:35.635,181214221500920,18121403,XBTZ18,3223,321,3223.5,56220,3223.25,3223.5
2018-12-14 03:01:40.846,181214221500920,18121403,XBTZ18,3223,1588,3223.5,55220,3223.25,3223.5
2018-12-14 03:01:42.017,181214221500920,18121403,XBTZ18,3223,1588,3223.5,68725,3223.25,3223.5
2018-12-14 03:01:45.507,181214221500920,18121403,XBTZ18,3223,1588,3223.5,56220,3223.25,3223.5
2018-12-14 03:01:47.091,181214221500920,18121403,XBTZ18,3223,1588,3223.5,68726,3223.25,3223.5
2018-12-14 03:01:48.604,181214221500920,18121403,XBTZ18,3223,1588,3223.5,56220,3223.25,3223.5
2018-12-14 03:01:53.726,181214221500920,18121403,XBTZ18,3223,321,3223.5,56220,3223.25,3223.5
2018-12-14 03:02:07.223,181214221500920,18121403,XBTZ18,3223,1588,3223.5,56220,3223.25,3223.5
2018-12-14 03:02:08.173,181214221500920,18121403,XBTZ18,3223,1588,3223.5,68289,3223.25,3223.5
2018-12-14 03:02:10.819,181214221500920,18121403,XBTZ18,3223,1588,3223.5,55717,3223.25,3223.5
2018-12-14 03:01:40.609,181214221500920,18121403,XBTZ18,3223,1588,3223.5,68725,3223.25,3223.5
2018-12-14 03:01:46.190,181214221500920,18121403,XBTZ18,3223,1588,3223.5,68726,3223.25,3223.5
2018-12-14 03:01:54.404,181214221500920,18121403,XBTZ18,3223,321,3223.5,68726,3223.25,3223.5
2018-12-14 03:02:01.697,181214221500920,18121403,XBTZ18,3223,1588,3223.5,56220,3223.25,3223.5
2018-12-14 03:02:10.131,181214221500920,18121403,XBTZ18,3223,321,3223.5,67521,3223.25,3223.5
2018-12-14 03:01:56.747,181214221500920,18121403,XBTZ18,3223,1588,3223.5,68726,3223.25,3223.5
2018-12-14 03:01:58.759,181214221500920,18121403,XBTZ18,3223,1588,3223.5,56220,3223.25,3223.5
2018-12-14 03:02:09.180,181214221500920,18121403,XBTZ18,3223,321,3223.5,67956,3223.25,3223.5
2018-12-14 03:02:12.238,181214221500921,18121403,XBTZ18,3223,321,3223.5,65747,3223.25,3223.5
2018-12-14 03:02:13.470,181214221500921,18121403,XBTZ18,3223,321,3223.5,65833,3223.25,3223.5
2018-12-14 03:02:19.240,181214221500921,18121403,XBTZ18,3223,1588,3223.5,54717,3223.25,3223.5
2018-12-14 03:02:22.731,181214221500921,18121403,XBTZ18,3223,1588,3223.5,54727,3223.25,3223.5
2018-12-14 03:01:59.672,181214221500921,18121403,XBTZ18,3223,1588,3223.5,68726,3223.25,3223.5
2018-12-14 03:02:02.108,181214221500921,18121403,XBTZ18,3223,321,3223.5,56220,3223.25,3223.5
2018-12-14 03:02:05.646,181214221500921,18121403,XBTZ18,3223,1588,3223.5,56220,3223.25,3223.5
2018-12-14 03:02:06.525,181214221500921,18121403,XBTZ18,3223,1588,3223.5,56220,3223.25,3223.5
2018-12-14 03:02:08.919,181214221500921,18121403,XBTZ18,3223,1588,3223.5,68535,3223.25,3223.5
2018-12-14 03:02:10.358,181214221500921,18121403,XBTZ18,3223,321,3223.5,54615,3223.25,3223.5
2018-12-14 03:02:11.416,181214221500921,18121403,XBTZ18,3223,1588,3223.5,56153,3223.25,3223.5
2018-12-14 03:02:13.638,181214221500921,18121403,XBTZ18,3223,321,3223.5,65397,3223.25,3223.5
2018-12-14 03:02:20.821,181214221500921,18121403,XBTZ18,3223,1588,3223.5,54717,3223.25,3223.5
2018-12-14 03:01:53.390,181214221500921,18121403,XBTZ18,3223,321,3223.5,68726,3223.25,3223.5
2018-12-14 03:01:56.824,181214221500921,18121403,XBTZ18,3223,321,3223.5,68726,3223.25,3223.5
2018-12-14 03:01:59.762,181214221500921,18121403,XBTZ18,3223,1588,3223.5,56220,3223.25,3223.5
2018-12-14 03:02:09.237,181214221500921,18121403,XBTZ18,3223,321,3223.5,67520,3223.25,3223.5
2018-12-14 03:02:11.906,181214221500921,18121403,XBTZ18,3223,321,3223.5,55717,3223.25,3223.5
2018-12-14 03:02:14.804,181214221500921,18121403,XBTZ18,3223,321,3223.5,55717,3223.25,3223.5
2018-12-14 03:01:57.732,181214221500921,18121403,XBTZ18,3223,1588,3223.5,68726,3223.25,3223.5
2018-12-14 03:02:03.742,181214221500921,18121403,XBTZ18,3223,321,3223.5,56220,3223.25,3223.5
2018-12-14 03:02:08.172,181214221500921,18121403,XBTZ18,3223,1588,3223.5,68725,3223.25,3223.5
2018-12-14 03:02:10.876,181214221500921,18121403,XBTZ18,3223,1588,3223.5,56153,3223.25,3223.5
2018-12-14 03:02:11.174,181214221500921,18121403,XBTZ18,3223,1588,3223.5,68659,3223.25,3223.5
2018-12-14 03:02:13.828,181214221500921,18121403,XBTZ18,3223,321,3223.5,55717,3223.25,3223.5
2018-12-14 03:02:14.337,181214221500921,18121403,XBTZ18,3223,321,3223.5,63995,3223.25,3223.5
2018-12-14 03:02:16.488,181214221500921,18121403,XBTZ18,3223,321,3223.5,55717,3223.25,3223.5
2018-12-14 03:01:55.494,181214221500921,18121403,XBTZ18,3223,321,3223.5,68726,3223.25,3223.5
2018-12-14 03:02:00.895,181214221500921,18121403,XBTZ18,3223,1588,3223.5,68726,3223.25,3223.5
2018-12-14 03:02:04.382,181214221500921,18121403,XBTZ18,3223,1588,3223.5,56220,3223.25,3223.5
2018-12-14 03:02:13.320,181214221500921,18121403,XBTZ18,3223,321,3223.5,65397,3223.25,3223.5
2018-12-14 03:02:15.577,181214221500921,18121403,XBTZ18,3223,321,3223.5,63786,3223.25,3223.5
2018-12-14 03:02:02.763,181214221500921,18121403,XBTZ18,3223,321,3223.5,68726,3223.25,3223.5
2018-12-14 03:02:05.811,181214221500921,18121403,XBTZ18,3223,1588,3223.5,68726,3223.25,3223.5
2018-12-14 03:02:08.346,181214221500921,18121403,XBTZ18,3223,1588,3223.5,68725,3223.25,3223.5
2018-12-14 03:02:10.654,181214221500921,18121403,XBTZ18,3223,321,3223.5,55717,3223.25,3223.5
2018-12-14 03:02:11.852,181214221500921,18121403,XBTZ18,3223,1588,3223.5,55717,3223.25,3223.5
2018-12-14 03:02:13.577,181214221500921,18121403,XBTZ18,3223,321,3223.5,67397,3223.25,3223.5
2018-12-14 03:02:17.449,181214221500921,18121403,XBTZ18,3223,1588,3223.5,55717,3223.25,3223.5
2018-12-14 03:02:05.623,181214221500921,18121403,XBTZ18,3223,321,3223.5,56220,3223.25,3223.5
2018-12-14 03:02:06.531,181214221500921,18121403,XBTZ18,3223,321,3223.5,56220,3223.25,3223.5
2018-12-14 03:02:08.952,181214221500921,18121403,XBTZ18,3223,1588,3223.5,67956,3223.25,3223.5
2018-12-14 03:02:10.236,181214221500921,18121403,XBTZ18,3223,321,3223.5,67121,3223.25,3223.5
2018-12-14 03:02:17.724,181214221500921,18121403,XBTZ18,3223,321,3223.5,55717,3223.25,3223.5
2018-12-14 03:02:20.014,181214221500921,18121403,XBTZ18,3223,321,3223.5,54717,3223.25,3223.5
2018-12-14 03:02:09.348,181214221500921,18121403,XBTZ18,3223,321,3223.5,55015,3223.25,3223.5
2018-12-14 03:02:12.415,181214221500921,18121403,XBTZ18,3223,321,3223.5,55717,3223.25,3223.5
2018-12-14 03:02:13.484,181214221500921,18121403,XBTZ18,3223,321,3223.5,67833,3223.25,3223.5
2018-12-14 03:02:19.163,181214221500921,18121403,XBTZ18,3223,321,3223.5,54717,3223.25,3223.5
2018-12-14 03:02:26.153,181214221500921,18121403,XBTZ18,3223,1588,3223.5,57957,3223.25,3223.5
2018-12-14 03:02:37.928,181214221500921,18121403,XBTZ18,3223,1588,3223.5,55398,3223.25,3223.5
2018-12-14 03:02:37.358,181214221500921,18121403,XBTZ18,3223,1588,3223.5,55519,3223.25,3223.5
2018-12-14 03:02:40.664,181214221500921,18121403,XBTZ18,3223,1588,3223.5,53921,3223.25,3223.5
2018-12-14 03:02:49.550,181214221500921,18121403,XBTZ18,3223,1588,3223.5,51485,3223.25,3223.5
2018-12-14 03:02:27.137,181214221500921,18121403,XBTZ18,3223,1588,3223.5,59957,3223.25,3223.5
2018-12-14 03:02:38.107,181214221500921,18121403,XBTZ18,3223,1588,3223.5,53485,3223.25,3223.5
2018-12-14 03:02:36.548,181214221500921,18121403,XBTZ18,3223,1588,3223.5,63497,3223.25,3223.5
2018-12-14 03:02:50.073,181214221500921,18121403,XBTZ18,3223,1588,3223.5,51921,3223.25,3223.5
2018-12-14 03:02:40.101,181214221500921,18121403,XBTZ18,3223,1588,3223.5,53485,3223.25,3223.5
2018-12-14 03:02:47.376,181214221500921,18121403,XBTZ18,3223,1588,3223.5,51921,3223.25,3223.5
2018-12-14 03:03:03.734,181214221500921,18121403,XBTZ18,3223,1588,3223.5,54921,3223.25,3223.5
2018-12-14 03:03:10.752,181214221500921,18121403,XBTZ18,3223,1307,3223.5,32485,3223.25,3223.5
2018-12-14 03:03:12.021,181214221500921,18121403,XBTZ18,3223,3321,3223.5,44635,3223.25,3223.5
2018-12-14 03:02:37.775,181214221500922,18121403,XBTZ18,3223,1588,3223.5,55237,3223.25,3223.5
2018-12-14 03:02:39.806,181214221500922,18121403,XBTZ18,3223,1588,3223.5,53921,3223.25,3223.5
2018-12-14 03:02:49.981,181214221500922,18121403,XBTZ18,3223,1588,3223.5,51485,3223.25,3223.5
2018-12-14 03:03:04.554,181214221500922,18121403,XBTZ18,3223,1588,3223.5,54921,3223.25,3223.5
2018-12-14 03:03:10.635,181214221500922,18121403,XBTZ18,3223,321,3223.5,32485,3223.25,3223.5
2018-12-14 03:02:37.734,181214221500922,18121403,XBTZ18,3223,1588,3223.5,55680,3223.25,3223.5
2018-12-14 03:02:43.089,181214221500922,18121403,XBTZ18,3223,1588,3223.5,51921,3223.25,3223.5
2018-12-14 03:02:46.989,181214221500922,18121403,XBTZ18,3223,1588,3223.5,51485,3223.25,3223.5
2018-12-14 03:03:02.227,181214221500922,18121403,XBTZ18,3223,1588,3223.5,53921,3223.25,3223.5
2018-12-14 03:03:10.642,181214221500922,18121403,XBTZ18,3223,2728,3223.5,32485,3223.25,3223.5
2018-12-14 03:03:12.194,181214221500922,18121403,XBTZ18,3223,6307,3223.5,44635,3223.25,3223.5
2018-12-14 03:02:49.668,181214221500922,18121403,XBTZ18,3223,1588,3223.5,51921,3223.25,3223.5
2018-12-14 03:03:01.543,181214221500922,18121403,XBTZ18,3223,1588,3223.5,53485,3223.25,3223.5
2018-12-14 03:03:03.377,181214221500922,18121403,XBTZ18,3223,1588,3223.5,53921,3223.25,3223.5
2018-12-14 03:03:04.264,181214221500922,18121403,XBTZ18,3223,1588,3223.5,54485,3223.25,3223.5
2018-12-14 03:03:05.269,181214221500922,18121403,XBTZ18,3223,1588,3223.5,54921,3223.25,3223.5
2018-12-14 03:03:11.013,181214221500922,18121403,XBTZ18,3223,321,3223.5,24635,3223.25,3223.5
2018-12-14 03:03:16.449,181214221500922,18121403,XBTZ18,3223,29739,3223.5,2734,3223.25,3223.5
2018-12-14 03:02:53.471,181214221500922,18121403,XBTZ18,3223,1588,3223.5,53921,3223.25,3223.5
2018-12-14 03:03:04.646,181214221500922,18121403,XBTZ18,3223,1588,3223.5,54485,3223.25,3223.5
2018-12-14 03:03:09.953,181214221500922,18121403,XBTZ18,3223,321,3223.5,54921,3223.25,3223.5
2018-12-14 03:03:13.187,181214221500922,18121403,XBTZ18,3223,9321,3223.5,44635,3223.25,3223.5
2018-12-14 03:03:15.986,181214221500922,18121403,XBTZ18,3223,29739,3223.5,12734,3223.25,3223.5
2018-12-14 03:03:18.127,181214221500922,18121403,XBTZ18,3223,30739,3223.5,2251,3223.25,3223.5
2018-12-14 03:03:02.994,181214221500922,18121403,XBTZ18,3223,1588,3223.5,53485,3223.25,3223.5
2018-12-14 03:03:11.696,181214221500922,18121403,XBTZ18,3223,4307,3223.5,44635,3223.25,3223.5
2018-12-14 03:03:14.935,181214221500922,18121403,XBTZ18,3223,29739,3223.5,32734,3223.25,3223.5
2018-12-14 03:03:17.879,181214221500922,18121403,XBTZ18,3223,29739,3223.5,2251,3223.25,3223.5
2018-12-14 03:03:10.656,181214221500922,18121403,XBTZ18,3223,321,3223.5,32485,3223.25,3223.5
2018-12-14 03:03:12.113,181214221500922,18121403,XBTZ18,3223,4307,3223.5,44635,3223.25,3223.5
2018-12-14 03:03:18.993,181214221500922,18121403,XBTZ18,3223,31061,3223.5,2251,3223.25,3223.5
2018-12-14 03:03:10.518,181214221500922,18121403,XBTZ18,3223,321,3223.5,54485,3223.25,3223.5
2018-12-14 03:03:11.554,181214221500922,18121403,XBTZ18,3223,3321,3223.5,24635,3223.25,3223.5
2018-12-14 03:03:14.236,181214221500922,18121403,XBTZ18,3223,29321,3223.5,32734,3223.25,3223.5
2018-12-14 03:03:20.975,181214221500922,18121403,XBTZ18,3223,32105,3223.5,4164,3223.25,3223.5
2018-12-14 03:03:32.973,181214221500922,18121403,XBTZ18,3223,13105,3223.5,2251,3223.25,3223.5
2018-12-14 03:03:39.214,181214221500922,18121403,XBTZ18,3223,13105,3223.5,56585,3223.25,3223.5
2018-12-14 03:03:10.857,181214221500922,18121403,XBTZ18,3223,321,3223.5,32485,3223.25,3223.5
2018-12-14 03:03:17.211,181214221500922,18121403,XBTZ18,3223,9739,3223.5,2412,3223.25,3223.5
2018-12-14 03:03:39.462,181214221500922,18121403,XBTZ18,3223,12105,3223.5,36149,3223.25,3223.5
2018-12-14 03:03:10.615,181214221500922,18121403,XBTZ18,3223,321,3223.5,34485,3223.25,3223.5
2018-12-14 03:03:11.558,181214221500922,18121403,XBTZ18,3223,4307,3223.5,24635,3223.25,3223.5
2018-12-14 03:03:14.590,181214221500922,18121403,XBTZ18,3223,29578,3223.5,32734,3223.25,3223.5
2018-12-14 03:03:17.216,181214221500922,18121403,XBTZ18,3223,9739,3223.5,2251,3223.25,3223.5
2018-12-14 03:03:32.818,181214221500922,18121403,XBTZ18,3223,12105,3223.5,2251,3223.25,3223.5
2018-12-14 03:03:39.164,181214221500922,18121403,XBTZ18,3223,13105,3223.5,56149,3223.25,3223.5
2018-12-14 03:03:44.121,181214221500922,18121403,XBTZ18,3223,11848,3223.5,56585,3223.25,3223.5
2018-12-14 03:03:12.221,181214221500922,18121403,XBTZ18,3223,5321,3223.5,44635,3223.25,3223.5
2018-12-14 03:03:17.101,181214221500922,18121403,XBTZ18,3223,29739,3223.5,2573,3223.25,3223.5
2018-12-14 03:03:36.913,181214221500922,18121403,XBTZ18,3223,13105,3223.5,2251,3223.25,3223.5
2018-12-14 03:03:37.821,181214221500923,18121403,XBTZ18,3223,13105,3223.5,36149,3223.25,3223.5
2018-12-14 03:03:14.234,181214221500923,18121403,XBTZ18,3223,29321,3223.5,44635,3223.25,3223.5
2018-12-14 03:03:20.497,181214221500923,18121403,XBTZ18,3223,32105,3223.5,2251,3223.25,3223.5
2018-12-14 03:03:18.797,181214221500923,18121403,XBTZ18,3223,30900,3223.5,2251,3223.25,3223.5
2018-12-14 03:03:20.470,181214221500923,18121403,XBTZ18,3223,32285,3223.5,2251,3223.25,3223.5
2018-12-14 03:03:39.680,181214221500923,18121403,XBTZ18,3223,12105,3223.5,56585,3223.25,3223.5
2018-12-14 03:03:17.121,181214221500923,18121403,XBTZ18,3223,9739,3223.5,2573,3223.25,3223.5
2018-12-14 03:03:23.110,181214221500923,18121403,XBTZ18,3223,32105,3223.5,2251,3223.25,3223.5
2018-12-14 03:03:39.425,181214221500923,18121403,XBTZ18,3223,12105,3223.5,36585,3223.25,3223.5
2018-12-14 03:03:19.150,181214221500923,18121403,XBTZ18,3223,30061,3223.5,2251,3223.25,3223.5
2018-12-14 03:03:20.473,181214221500923,18121403,XBTZ18,3223,30061,3223.5,2251,3223.25,3223.5
2018-12-14 03:04:03.084,181214221500923,18121403,XBTZ18,3223,7998,3223.5,56448,3223.25,3223.5
2018-12-14 03:03:39.404,181214221500923,18121403,XBTZ18,3223,12105,3223.5,56585,3223.25,3223.5
2018-12-14 03:03:53.518,181214221500923,18121403,XBTZ18,3223,11848,3223.5,85483,3223.25,3223.5
2018-12-14 03:04:02.781,181214221500923,18121403,XBTZ18,3223,7998,3223.5,76448,3223.25,3223.5
2018-12-14 03:03:32.990,181214221500923,18121403,XBTZ18,3223,33105,3223.5,2251,3223.25,3223.5
2018-12-14 03:03:39.634,181214221500923,18121403,XBTZ18,3223,12105,3223.5,56149,3223.25,3223.5
2018-12-14 03:04:02.187,181214221500923,18121403,XBTZ18,3223,7998,3223.5,85483,3223.25,3223.5
2018-12-14 03:03:46.597,181214221500923,18121403,XBTZ18,3223,11848,3223.5,55483,3223.25,3223.5
2018-12-14 03:03:53.486,181214221500923,18121403,XBTZ18,3223,11848,3223.5,65483,3223.25,3223.5
2018-12-14 03:03:55.074,181214221500923,18121403,XBTZ18,3223,7848,3223.5,85483,3223.25,3223.5
2018-12-14 03:04:07.223,181214221500923,18121403,XBTZ18,3223,5954,3223.5,76448,3223.25,3223.5
2018-12-14 03:04:07.203,181214221500923,18121403,XBTZ18,3223,5954,3223.5,56448,3223.25,3223.5
2018-12-14 03:04:23.569,181214221500923,18121403,XBTZ18,3223,4819,3223.5,56448,3223.25,3223.5
2018-12-14 03:04:31.636,181214221500924,18121403,XBTZ18,3223,4819,3223.5,56448,3223.25,3223.5
2018-12-14 03:04:10.349,181214221500924,18121403,XBTZ18,3223,5804,3223.5,76448,3223.25,3223.5
2018-12-14 03:04:31.621,181214221500924,18121403,XBTZ18,3223,4819,3223.5,76448,3223.25,3223.5
2018-12-14 03:04:17.399,181214221500924,18121403,XBTZ18,3223,3804,3223.5,76448,3223.25,3223.5
2018-12-14 03:04:31.672,181214221500924,18121403,XBTZ18,3223,6834,3223.5,56448,3223.25,3223.5
2018-12-14 03:04:32.985,181214221500924,18121403,XBTZ18,3223,6834,3223.5,76448,3223.25,3223.5
2018-12-14 03:04:29.721,181214221500924,18121403,XBTZ18,3223,4819,3223.5,76448,3223.25,3223.5
2018-12-14 03:04:31.617,181214221500924,18121403,XBTZ18,3223,7626,3223.5,76448,3223.25,3223.5
2018-12-14 03:04:19.433,181214221500924,18121403,XBTZ18,3223,4804,3223.5,76448,3223.25,3223.5
2018-12-14 03:04:22.592,181214221500924,18121403,XBTZ18,3223,4819,3223.5,76448,3223.25,3223.5
2018-12-14 03:04:57.908,181214221500924,18121403,XBTZ18,3223,5834,3223.5,56448,3223.25,3223.5
2018-12-14 03:04:45.143,181214221500924,18121403,XBTZ18,3223,6834,3223.5,56448,3223.25,3223.5
2018-12-14 03:04:33.822,181214221500924,18121403,XBTZ18,3223,5834,3223.5,76448,3223.25,3223.5
2018-12-14 03:04:51.094,181214221500924,18121403,XBTZ18,3223,27834,3223.5,56448,3223.25,3223.5
2018-12-14 03:04:58.285,181214221500924,18121403,XBTZ18,3223,2834,3223.5,76448,3223.25,3223.5
2018-12-14 03:04:42.282,181214221500924,18121403,XBTZ18,3223,5834,3223.5,56448,3223.25,3223.5
2018-12-14 03:04:50.088,181214221500924,18121403,XBTZ18,3223,6834,3223.5,56448,3223.25,3223.5
2018-12-14 03:04:51.080,181214221500924,18121403,XBTZ18,3223,7834,3223.5,56448,3223.25,3223.5
2018-12-14 03:04:57.903,181214221500924,18121403,XBTZ18,3223,6834,3223.5,56448,3223.25,3223.5
2018-12-14 03:05:07.114,181214221500924,18121403,XBTZ18,3223,23834,3223.5,56448,3223.25,3223.5
2018-12-14 03:04:45.163,181214221500924,18121403,XBTZ18,3223,26834,3223.5,56448,3223.25,3223.5
2018-12-14 03:05:06.898,181214221500924,18121403,XBTZ18,3223,3834,3223.5,76448,3223.25,3223.5
2018-12-14 03:04:57.924,181214221500924,18121403,XBTZ18,3223,5834,3223.5,76448,3223.25,3223.5
2018-12-14 03:04:57.593,181214221500924,18121403,XBTZ18,3223,7834,3223.5,56448,3223.25,3223.5
2018-12-14 03:05:31.945,181214221500924,18121403,XBTZ18,3223,3834,3223.5,67448,3223.25,3223.5
2018-12-14 03:05:07.070,181214221500924,18121403,XBTZ18,3223,3834,3223.5,56448,3223.25,3223.5
2018-12-14 03:05:14.820,181214221500924,18121403,XBTZ18,3223,23834,3223.5,46012,3223.25,3223.5
2018-12-14 03:05:24.922,181214221500924,18121403,XBTZ18,3223,3834,3223.5,46448,3223.25,3223.5
2018-12-14 03:05:30.665,181214221500924,18121403,XBTZ18,3223,4834,3223.5,67448,3223.25,3223.5
2018-12-14 03:05:28.377,181214221500924,18121403,XBTZ18,3223,3834,3223.5,66448,3223.25,3223.5
2018-12-14 03:05:31.964,181214221500924,18121403,XBTZ18,3223,2834,3223.5,67448,3223.25,3223.5
2018-12-14 03:05:52.115,181214221500924,18121403,XBTZ18,3223,6834,3223.5,52645,3223.25,3223.5
2018-12-14 03:05:14.756,181214221500924,18121403,XBTZ18,3223,23834,3223.5,46448,3223.25,3223.5
2018-12-14 03:05:52.026,181214221500924,18121403,XBTZ18,3223,6834,3223.5,32645,3223.25,3223.5
2018-12-14 03:05:48.609,181214221500924,18121403,XBTZ18,3223,26834,3223.5,46448,3223.25,3223.5
2018-12-14 03:05:28.655,181214221500924,18121403,XBTZ18,3223,4834,3223.5,66448,3223.25,3223.5
2018-12-14 03:05:22.355,181214221500924,18121403,XBTZ18,3223,23834,3223.5,46448,3223.25,3223.5
2018-12-14 03:05:23.804,181214221500924,18121403,XBTZ18,3223,23834,3223.5,46012,3223.25,3223.5
2018-12-14 03:05:24.907,181214221500924,18121403,XBTZ18,3223,23834,3223.5,46448,3223.25,3223.5
2018-12-14 03:05:47.681,181214221500924,18121403,XBTZ18,3223,6834,3223.5,46448,3223.25,3223.5
2018-12-14 03:06:01.376,181214221500924,18121403,XBTZ18,3223,2834,3223.5,52645,3223.25,3223.5
2018-12-14 03:05:41.591,181214221500924,18121403,XBTZ18,3223,2834,3223.5,68361,3223.25,3223.5
2018-12-14 03:05:47.325,181214221500924,18121403,XBTZ18,3223,2834,3223.5,66448,3223.25,3223.5
2018-12-14 03:05:51.503,181214221500924,18121403,XBTZ18,3223,26834,3223.5,42332,3223.25,3223.5
2018-12-14 03:06:02.107,181214221500924,18121403,XBTZ18,3223,2834,3223.5,62645,3223.25,3223.5
2018-12-14 03:05:49.017,181214221500924,18121403,XBTZ18,3223,26834,3223.5,46448,3223.25,3223.5
2018-12-14 03:05:51.806,181214221500924,18121403,XBTZ18,3223,6834,3223.5,42332,3223.25,3223.5
2018-12-14 03:05:45.214,181214221500924,18121403,XBTZ18,3223,2834,3223.5,67448,3223.25,3223.5
2018-12-14 03:05:49.002,181214221500924,18121403,XBTZ18,3223,6834,3223.5,46448,3223.25,3223.5
2018-12-14 03:05:47.441,181214221500924,18121403,XBTZ18,3223,6834,3223.5,66448,3223.25,3223.5
2018-12-14 03:06:06.229,181214221500924,18121403,XBTZ18,3223,2834,3223.5,62645,3223.25,3223.5
2018-12-14 03:06:01.015,181214221500924,18121403,XBTZ18,3223,6834,3223.5,52645,3223.25,3223.5
2018-12-14 03:06:05.687,181214221500924,18121403,XBTZ18,3223,6834,3223.5,62645,3223.25,3223.5
2018-12-14 03:05:53.374,181214221500924,18121403,XBTZ18,3223,9834,3223.5,52645,3223.25,3223.5
2018-12-14 03:06:25.739,181214221500924,18121403,XBTZ18,3223,2834,3223.5,52645,3223.25,3223.5
2018-12-14 03:06:25.737,181214221500924,18121403,XBTZ18,3223,3834,3223.5,52645,3223.25,3223.5
2018-12-14 03:06:21.702,181214221500924,18121403,XBTZ18,3223,2834,3223.5,52645,3223.25,3223.5
2018-12-14 03:06:23.048,181214221500924,18121403,XBTZ18,3223,4834,3223.5,52645,3223.25,3223.5
2018-12-14 03:06:22.050,181214221500924,18121403,XBTZ18,3223,3834,3223.5,52645,3223.25,3223.5
2018-12-14 03:06:31.587,181214221500924,18121403,XBTZ18,3223,2834,3223.5,53645,3223.25,3223.5
2018-12-14 03:06:40.839,181214221500924,18121403,XBTZ18,3223,5834,3223.5,53645,3223.25,3223.5
2018-12-14 03:06:41.929,181214221500924,18121403,XBTZ18,3223,7834,3223.5,32145,3223.25,3223.5
2018-12-14 03:06:40.973,181214221500924,18121403,XBTZ18,3223,5834,3223.5,53145,3223.25,3223.5
2018-12-14 03:06:41.576,181214221500925,18121403,XBTZ18,3223,5834,3223.5,52145,3223.25,3223.5
2018-12-14 03:06:47.204,181214221500925,18121403,XBTZ18,3223,25834,3223.5,32809,3223.25,3223.5
2018-12-14 03:06:54.414,181214221500925,18121403,XBTZ18,3223,6059,3223.5,32809,3223.25,3223.5
2018-12-14 03:06:47.161,181214221500925,18121403,XBTZ18,3223,25834,3223.5,33245,3223.25,3223.5
2018-12-14 03:06:45.522,181214221500925,18121403,XBTZ18,3223,5834,3223.5,33245,3223.25,3223.5
2018-12-14 03:06:59.352,181214221500925,18121403,XBTZ18,3223,5834,3223.5,53245,3223.25,3223.5
2018-12-14 03:06:41.826,181214221500926,18121403,XBTZ18,3223,7834,3223.5,52145,3223.25,3223.5
2018-12-14 03:06:44.158,181214221500926,18121403,XBTZ18,3223,7834,3223.5,33145,3223.25,3223.5
2018-12-14 03:07:02.087,181214221500926,18121403,XBTZ18,3223,2834,3223.5,63245,3223.25,3223.5
2018-12-14 03:06:54.530,181214221500926,18121403,XBTZ18,3223,6059,3223.5,53245,3223.25,3223.5
2018-12-14 03:06:44.966,181214221500926,18121403,XBTZ18,3223,7834,3223.5,33245,3223.25,3223.5
2018-12-14 03:06:54.478,181214221500926,18121403,XBTZ18,3223,6059,3223.5,52809,3223.25,3223.5
2018-12-14 03:06:56.807,181214221500926,18121403,XBTZ18,3223,6059,3223.5,52245,3223.25,3223.5
2018-12-14 03:07:00.590,181214221500927,18121403,XBTZ18,3223,5834,3223.5,63245,3223.25,3223.5
2018-12-14 03:06:47.151,181214221500927,18121403,XBTZ18,3223,25834,3223.5,53245,3223.25,3223.5
2018-12-14 03:06:51.943,181214221500927,18121403,XBTZ18,3223,26059,3223.5,32809,3223.25,3223.5
2018-12-14 03:06:57.359,181214221500927,18121403,XBTZ18,3223,6059,3223.5,53245,3223.25,3223.5
2018-12-14 03:06:45.536,181214221500927,18121403,XBTZ18,3223,5834,3223.5,53245,3223.25,3223.5
2018-12-14 03:07:10.479,181214221500927,18121403,XBTZ18,3223,2834,3223.5,62145,3223.25,3223.5
2018-12-14 03:07:22.293,181214221500927,18121403,XBTZ18,3223,2834,3223.5,52145,3223.25,3223.5
2018-12-14 03:07:10.382,181214221500927,18121403,XBTZ18,3223,2834,3223.5,62245,3223.25,3223.5
2018-12-14 03:07:28.389,181214221500927,18121403,XBTZ18,3223,2834,3223.5,52145,3223.25,3223.5
2018-12-14 03:07:12.183,181214221500927,18121403,XBTZ18,3223,2834,3223.5,52145,3223.25,3223.5
2018-12-14 03:07:30.419,181214221500927,18121403,XBTZ18,3223,2834,3223.5,53145,3223.25,3223.5
2018-12-14 03:07:20.521,181214221500927,18121403,XBTZ18,3223,2834,3223.5,32145,3223.25,3223.5
2018-12-14 03:07:26.656,181214221500927,18121403,XBTZ18,3223,2834,3223.5,53145,3223.25,3223.5
2018-12-14 03:08:03.628,181214221500927,18121403,XBTZ18,3223,2834,3223.5,55145,3223.25,3223.5
2018-12-14 03:08:22.667,181214221500927,18121403,XBTZ18,3223,819,3223.5,63145,3223.25,3223.5
2018-12-14 03:08:21.454,181214221500927,18121403,XBTZ18,3223,1773,3223.5,63145,3223.25,3223.5
2018-12-14 03:08:32.343,181214221500927,18121403,XBTZ18,3223,1699,3223.5,53145,3223.25,3223.5
2018-12-14 03:08:34.501,181214221500927,18121403,XBTZ18,3223,1699,3223.5,63145,3223.25,3223.5
2018-12-14 03:08:27.924,181214221500927,18121403,XBTZ18,3223,1699,3223.5,63145,3223.25,3223.5
2018-12-14 03:08:35.602,181214221500927,18121403,XBTZ18,3223,819,3223.5,62145,3223.25,3223.5
2018-12-14 03:08:31.919,181214221500927,18121403,XBTZ18,3223,819,3223.5,53145,3223.25,3223.5
2018-12-14 03:08:35.757,181214221500927,18121403,XBTZ18,3223,819,3223.5,62145,3223.25,3223.5
2018-12-14 03:08:19.628,181214221500927,18121403,XBTZ18,3223,1773,3223.5,65145,3223.25,3223.5
2018-12-14 03:08:19.601,181214221500927,18121403,XBTZ18,3223,819,3223.5,65145,3223.25,3223.5
2018-12-14 03:08:23.249,181214221500927,18121403,XBTZ18,3223,1747,3223.5,63145,3223.25,3223.5
2018-12-14 03:08:11.951,181214221500927,18121403,XBTZ18,3223,2834,3223.5,65145,3223.25,3223.5
2018-12-14 03:08:36.019,181214221500927,18121403,XBTZ18,3223,1699,3223.5,62145,3223.25,3223.5
2018-12-14 03:08:26.243,181214221500927,18121403,XBTZ18,3223,819,3223.5,63145,3223.25,3223.5
2018-12-14 03:08:45.159,181214221500927,18121403,XBTZ18,3223,1699,3223.5,62145,3223.25,3223.5
2018-12-14 03:08:29.150,181214221500927,18121403,XBTZ18,3223,819,3223.5,63145,3223.25,3223.5
2018-12-14 03:08:35.507,181214221500927,18121403,XBTZ18,3223,819,3223.5,63145,3223.25,3223.5
2018-12-14 03:08:57.426,181214221500927,18121403,XBTZ18,3223,819,3223.5,62145,3223.25,3223.5
2018-12-14 03:08:59.280,181214221500927,18121403,XBTZ18,3223,1819,3223.5,62145,3223.25,3223.5
2018-12-14 03:08:35.674,181214221500927,18121403,XBTZ18,3223,819,3223.5,63145,3223.25,3223.5
2018-12-14 03:08:43.766,181214221500927,18121403,XBTZ18,3223,819,3223.5,62145,3223.25,3223.5
2018-12-14 03:08:45.670,181214221500927,18121403,XBTZ18,3223,819,3223.5,62145,3223.25,3223.5
2018-12-14 03:08:54.369,181214221500927,18121403,XBTZ18,3223,1819,3223.5,62145,3223.25,3223.5
2018-12-14 03:08:53.344,181214221500927,18121403,XBTZ18,3223,2699,3223.5,62145,3223.25,3223.5
2018-12-14 03:09:00.841,181214221500927,18121403,XBTZ18,3223,1819,3223.5,42145,3223.25,3223.5
2018-12-14 03:09:08.603,181214221500927,18121403,XBTZ18,3223,658,3223.5,66085,3223.25,3223.5
2018-12-14 03:08:59.487,181214221500927,18121403,XBTZ18,3223,1839,3223.5,42145,3223.25,3223.5
2018-12-14 03:08:51.980,181214221500927,18121403,XBTZ18,3223,1699,3223.5,62145,3223.25,3223.5
2018-12-14 03:08:59.282,181214221500927,18121403,XBTZ18,3223,1839,3223.5,62145,3223.25,3223.5
2018-12-14 03:09:02.926,181214221500927,18121403,XBTZ18,3223,1819,3223.5,32145,3223.25,3223.5
2018-12-14 03:09:05.998,181214221500927,18121403,XBTZ18,3223,1819,3223.5,42145,3223.25,3223.5
2018-12-14 03:09:08.550,181214221500927,18121403,XBTZ18,3223,819,3223.5,66085,3223.25,3223.5
2018-12-14 03:09:08.794,181214221500927,18121403,XBTZ18,3223,10658,3223.5,66085,3223.25,3223.5
2018-12-14 03:09:10.125,181214221500927,18121403,XBTZ18,3223,10658,3223.5,68159,3223.25,3223.5
2018-12-14 03:09:12.580,181214221500927,18121403,XBTZ18,3223,10658,3223.5,69159,3223.25,3223.5
2018-12-14 03:09:08.304,181214221500927,18121403,XBTZ18,3223,819,3223.5,62145,3223.25,3223.5
2018-12-14 03:09:13.238,181214221500927,18121403,XBTZ18,3223,10658,3223.5,68159,3223.25,3223.5
2018-12-14 03:09:06.503,181214221500927,18121403,XBTZ18,3223,1819,3223.5,62145,3223.25,3223.5
2018-12-14 03:09:15.194,181214221500927,18121403,XBTZ18,3223,10497,3223.5,68159,3223.25,3223.5
2018-12-14 03:09:39.173,181214221500927,18121403,XBTZ18,3223,10497,3223.5,68159,3223.25,3223.5
2018-12-14 03:09:10.120,181214221500927,18121403,XBTZ18,3223,10658,3223.5,67998,3223.25,3223.5
2018-12-14 03:09:22.872,181214221500927,18121403,XBTZ18,3223,10497,3223.5,64246,3223.25,3223.5
2018-12-14 03:09:39.122,181214221500927,18121403,XBTZ18,3223,10497,3223.5,68159,3223.25,3223.5
2018-12-14 03:09:47.058,181214221500927,18121403,XBTZ18,3223,10336,3223.5,69159,3223.25,3223.5
2018-12-14 03:09:08.525,181214221500927,18121403,XBTZ18,3223,819,3223.5,64085,3223.25,3223.5
2018-12-14 03:09:43.845,181214221500927,18121403,XBTZ18,3223,10336,3223.5,68159,3223.25,3223.5
2018-12-14 03:09:47.227,181214221500928,18121403,XBTZ18,3223,10336,3223.5,68159,3223.25,3223.5
2018-12-14 03:09:21.215,181214221500928,18121403,XBTZ18,3223,10497,3223.5,66246,3223.25,3223.5
2018-12-14 03:09:39.148,181214221500928,18121403,XBTZ18,3223,10497,3223.5,68160,3223.25,3223.5
2018-12-14 03:09:47.863,181214221500928,18121403,XBTZ18,3223,10336,3223.5,79159,3223.25,3223.5
2018-12-14 03:09:48.620,181214221500928,18121403,XBTZ18,3223,10336,3223.5,79455,3223.25,3223.5
2018-12-14 03:09:29.052,181214221500928,18121403,XBTZ18,3223,10497,3223.5,66246,3223.25,3223.5
2018-12-14 03:09:47.553,181214221500928,18121403,XBTZ18,3223,10336,3223.5,78159,3223.25,3223.5
2018-12-14 03:09:50.176,181214221500928,18121403,XBTZ18,3223,10336,3223.5,79321,3223.25,3223.5
2018-12-14 03:09:53.650,181214221500928,18121403,XBTZ18,3223,10336,3223.5,79615,3223.25,3223.5
2018-12-14 03:09:54.677,181214221500928,18121403,XBTZ18,3223,10336,3223.5,79615,3223.25,3223.5
2018-12-14 03:09:48.132,181214221500928,18121403,XBTZ18,3223,10336,3223.5,79454,3223.25,3223.5
2018-12-14 03:09:49.123,181214221500928,18121403,XBTZ18,3223,10336,3223.5,79321,3223.25,3223.5
2018-12-14 03:09:52.392,181214221500928,18121403,XBTZ18,3223,10336,3223.5,79616,3223.25,3223.5
2018-12-14 03:09:53.161,181214221500928,18121403,XBTZ18,3223,10336,3223.5,79321,3223.25,3223.5
2018-12-14 03:09:47.965,181214221500928,18121403,XBTZ18,3223,10336,3223.5,79454,3223.25,3223.5
2018-12-14 03:09:50.358,181214221500928,18121403,XBTZ18,3223,10336,3223.5,79616,3223.25,3223.5
2018-12-14 03:09:51.241,181214221500928,18121403,XBTZ18,3223,10336,3223.5,79321,3223.25,3223.5
2018-12-14 03:09:56.527,181214221500928,18121403,XBTZ18,3223,10336,3223.5,79320,3223.25,3223.5
2018-12-14 03:09:59.907,181214221500928,18121403,XBTZ18,3223,10336,3223.5,83615,3223.25,3223.5
2018-12-14 03:10:02.921,181214221500928,18121403,XBTZ18,3223,8336,3223.5,73320,3223.25,3223.5
2018-12-14 03:10:03.626,181214221500928,18121403,XBTZ18,3223,8336,3223.5,73384,3223.25,3223.5
2018-12-14 03:10:04.417,181214221500928,18121403,XBTZ18,3223,8336,3223.5,83937,3223.25,3223.5
2018-12-14 03:09:48.103,181214221500928,18121403,XBTZ18,3223,10336,3223.5,78454,3223.25,3223.5
2018-12-14 03:09:49.293,181214221500928,18121403,XBTZ18,3223,10336,3223.5,79616,3223.25,3223.5
2018-12-14 03:09:55.212,181214221500928,18121403,XBTZ18,3223,10336,3223.5,79320,3223.25,3223.5
2018-12-14 03:09:57.754,181214221500928,18121403,XBTZ18,3223,10336,3223.5,79615,3223.25,3223.5
2018-12-14 03:09:59.965,181214221500928,18121403,XBTZ18,3223,10336,3223.5,83615,3223.25,3223.5
2018-12-14 03:10:02.557,181214221500928,18121403,XBTZ18,3223,10336,3223.5,73320,3223.25,3223.5
2018-12-14 03:10:04.311,181214221500928,18121403,XBTZ18,3223,8336,3223.5,83679,3223.25,3223.5
2018-12-14 03:09:53.587,181214221500928,18121403,XBTZ18,3223,10336,3223.5,79615,3223.25,3223.5
2018-12-14 03:09:54.721,181214221500928,18121403,XBTZ18,3223,10336,3223.5,79615,3223.25,3223.5
2018-12-14 03:09:59.022,181214221500928,18121403,XBTZ18,3223,10336,3223.5,83615,3223.25,3223.5
2018-12-14 03:10:02.155,181214221500928,18121403,XBTZ18,3223,10336,3223.5,73616,3223.25,3223.5
2018-12-14 03:10:04.341,181214221500928,18121403,XBTZ18,3223,8336,3223.5,83680,3223.25,3223.5
2018-12-14 03:10:06.576,181214221500928,18121403,XBTZ18,3223,8336,3223.5,83937,3223.25,3223.5
2018-12-14 03:10:07.773,181214221500928,18121403,XBTZ18,3223,8336,3223.5,83642,3223.25,3223.5
2018-12-14 03:10:11.258,181214221500928,18121403,XBTZ18,3223,6036,3223.5,83803,3223.25,3223.5
2018-12-14 03:10:12.672,181214221500928,18121403,XBTZ18,3223,6036,3223.5,80097,3223.25,3223.5
2018-12-14 03:09:55.760,181214221500928,18121403,XBTZ18,3223,10336,3223.5,79615,3223.25,3223.5
2018-12-14 03:10:00.604,181214221500928,18121403,XBTZ18,3223,10336,3223.5,83320,3223.25,3223.5
2018-12-14 03:10:02.993,181214221500928,18121403,XBTZ18,3223,8336,3223.5,73679,3223.25,3223.5
2018-12-14 03:10:11.858,181214221500928,18121403,XBTZ18,3223,6036,3223.5,83803,3223.25,3223.5
2018-12-14 03:10:13.971,181214221500928,18121403,XBTZ18,3223,6036,3223.5,79802,3223.25,3223.5
2018-12-14 03:09:49.122,181214221500928,18121403,XBTZ18,3223,10336,3223.5,79160,3223.25,3223.5
2018-12-14 03:09:53.614,181214221500928,18121403,XBTZ18,3223,10336,3223.5,79616,3223.25,3223.5
2018-12-14 03:09:54.699,181214221500928,18121403,XBTZ18,3223,10336,3223.5,79616,3223.25,3223.5
2018-12-14 03:10:03.029,181214221500928,18121403,XBTZ18,3223,8336,3223.5,73680,3223.25,3223.5
2018-12-14 03:10:09.459,181214221500928,18121403,XBTZ18,3223,8336,3223.5,84197,3223.25,3223.5
2018-12-14 03:10:12.722,181214221500928,18121403,XBTZ18,3223,6036,3223.5,80097,3223.25,3223.5
2018-12-14 03:09:53.200,181214221500928,18121403,XBTZ18,3223,10336,3223.5,79320,3223.25,3223.5
2018-12-14 03:09:59.931,181214221500928,18121403,XBTZ18,3223,10336,3223.5,83616,3223.25,3223.5
2018-12-14 03:10:02.187,181214221500928,18121403,XBTZ18,3223,10336,3223.5,73615,3223.25,3223.5
2018-12-14 03:10:04.308,181214221500928,18121403,XBTZ18,3223,8336,3223.5,83384,3223.25,3223.5
2018-12-14 03:10:10.491,181214221500928,18121403,XBTZ18,3223,8336,3223.5,84197,3223.25,3223.5
2018-12-14 03:10:11.103,181214221500928,18121403,XBTZ18,3223,6036,3223.5,83902,3223.25,3223.5
2018-12-14 03:10:12.878,181214221500928,18121403,XBTZ18,3223,6036,3223.5,79802,3223.25,3223.5
2018-12-14 03:10:16.483,181214221500928,18121403,XBTZ18,3223,6036,3223.5,80097,3223.25,3223.5
2018-12-14 03:10:02.990,181214221500928,18121403,XBTZ18,3223,8336,3223.5,74115,3223.25,3223.5
2018-12-14 03:10:10.895,181214221500928,18121403,XBTZ18,3223,8336,3223.5,83902,3223.25,3223.5
2018-12-14 03:10:11.634,181214221500929,18121403,XBTZ18,3223,6036,3223.5,84098,3223.25,3223.5
2018-12-14 03:10:13.894,181214221500929,18121403,XBTZ18,3223,6036,3223.5,80097,3223.25,3223.5
2018-12-14 03:09:54.175,181214221500929,18121403,XBTZ18,3223,10336,3223.5,79320,3223.25,3223.5
2018-12-14 03:09:59.374,181214221500929,18121403,XBTZ18,3223,10336,3223.5,83320,3223.25,3223.5
2018-12-14 03:10:02.987,181214221500929,18121403,XBTZ18,3223,8336,3223.5,73820,3223.25,3223.5
2018-12-14 03:10:03.548,181214221500929,18121403,XBTZ18,3223,8336,3223.5,73385,3223.25,3223.5
2018-12-14 03:10:08.306,181214221500929,18121403,XBTZ18,3223,8336,3223.5,83802,3223.25,3223.5
2018-12-14 03:10:09.863,181214221500929,18121403,XBTZ18,3223,8336,3223.5,83902,3223.25,3223.5
2018-12-14 03:10:11.241,181214221500929,18121403,XBTZ18,3223,6036,3223.5,83802,3223.25,3223.5
2018-12-14 03:10:12.699,181214221500929,18121403,XBTZ18,3223,6036,3223.5,80098,3223.25,3223.5
2018-12-14 03:10:01.610,181214221500929,18121403,XBTZ18,3223,10336,3223.5,73320,3223.25,3223.5
2018-12-14 03:10:05.350,181214221500929,18121403,XBTZ18,3223,8336,3223.5,83642,3223.25,3223.5
2018-12-14 03:10:08.882,181214221500929,18121403,XBTZ18,3223,8336,3223.5,83902,3223.25,3223.5
2018-12-14 03:10:11.901,181214221500929,18121403,XBTZ18,3223,6036,3223.5,83803,3223.25,3223.5
2018-12-14 03:10:17.125,181214221500929,18121403,XBTZ18,3223,6036,3223.5,79802,3223.25,3223.5
2018-12-14 03:10:20.958,181214221500929,18121403,XBTZ18,3223,6036,3223.5,82098,3223.25,3223.5
2018-12-14 03:10:01.915,181214221500929,18121403,XBTZ18,3223,10336,3223.5,73615,3223.25,3223.5
2018-12-14 03:10:07.974,181214221500929,18121403,XBTZ18,3223,8336,3223.5,83803,3223.25,3223.5
2018-12-14 03:10:11.880,181214221500929,18121403,XBTZ18,3223,6036,3223.5,83802,3223.25,3223.5
2018-12-14 03:10:08.354,181214221500929,18121403,XBTZ18,3223,8336,3223.5,84097,3223.25,3223.5
2018-12-14 03:10:12.075,181214221500929,18121403,XBTZ18,3223,6036,3223.5,79802,3223.25,3223.5
2018-12-14 03:10:14.912,181214221500929,18121403,XBTZ18,3223,6036,3223.5,80097,3223.25,3223.5
2018-12-14 03:10:17.176,181214221500929,18121403,XBTZ18,3223,6036,3223.5,69802,3223.25,3223.5
2018-12-14 03:10:20.845,181214221500929,18121403,XBTZ18,3223,6036,3223.5,82097,3223.25,3223.5
2018-12-14 03:10:22.417,181214221500929,18121403,XBTZ18,3223,6036,3223.5,82803,3223.25,3223.5
2018-12-14 03:10:23.367,181214221500929,18121403,XBTZ18,3223,4233,3223.5,87574,3223.25,3223.5
2018-12-14 03:10:23.535,181214221500929,18121403,XBTZ18,3223,3867,3223.5,100384,3223.25,3223.5
2018-12-14 03:10:08.377,181214221500929,18121403,XBTZ18,3223,8336,3223.5,84197,3223.25,3223.5
2018-12-14 03:10:12.054,181214221500929,18121403,XBTZ18,3223,6036,3223.5,79803,3223.25,3223.5
2018-12-14 03:10:14.996,181214221500929,18121403,XBTZ18,3223,6036,3223.5,79802,3223.25,3223.5
2018-12-14 03:10:20.349,181214221500929,18121403,XBTZ18,3223,6036,3223.5,70097,3223.25,3223.5
2018-12-14 03:10:21.908,181214221500929,18121403,XBTZ18,3223,6036,3223.5,81803,3223.25,3223.5
2018-12-14 03:10:23.304,181214221500929,18121403,XBTZ18,3223,5233,3223.5,87574,3223.25,3223.5
2018-12-14 03:10:24.499,181214221500929,18121403,XBTZ18,3223,2716,3223.5,100384,3223.25,3223.5
2018-12-14 03:10:26.307,181214221500929,18121403,XBTZ18,3223,84,3223.5,100384,3223.25,3223.5
2018-12-14 03:10:20.176,181214221500929,18121403,XBTZ18,3223,6036,3223.5,69802,3223.25,3223.5
2018-12-14 03:10:21.684,181214221500929,18121403,XBTZ18,3223,6036,3223.5,84490,3223.25,3223.5
2018-12-14 03:10:23.417,181214221500929,18121403,XBTZ18,3223,3976,3223.5,100101,3223.25,3223.5
2018-12-14 03:10:25.191,181214221500929,18121403,XBTZ18,3223,1483,3223.5,101384,3223.25,3223.5
2018-12-14 03:10:28.121,181214221500929,18121403,XBTZ18,3220,6114,3223,1000,3221.5,3223
2018-12-14 03:10:23.226,181214221500929,18121403,XBTZ18,3223,5580,3223.5,87574,3223.25,3223.5
2018-12-14 03:10:25.112,181214221500929,18121403,XBTZ18,3223,2483,3223.5,101384,3223.25,3223.5
2018-12-14 03:10:26.414,181214221500929,18121403,XBTZ18,3223,52,3223.5,100101,3223.25,3223.5
2018-12-14 03:10:27.042,181214221500929,18121403,XBTZ18,3220,8114,3223,1000,3221.5,3223
2018-12-14 03:10:18.230,181214221500929,18121403,XBTZ18,3223,6036,3223.5,70097,3223.25,3223.5
2018-12-14 03:10:20.741,181214221500929,18121403,XBTZ18,3223,6036,3223.5,80097,3223.25,3223.5
2018-12-14 03:10:21.700,181214221500929,18121403,XBTZ18,3223,6036,3223.5,82098,3223.25,3223.5
2018-12-14 03:10:22.934,181214221500929,18121403,XBTZ18,3223,6036,3223.5,87574,3223.25,3223.5
2018-12-14 03:10:24.944,181214221500929,18121403,XBTZ18,3223,2484,3223.5,101384,3223.25,3223.5
2018-12-14 03:10:25.808,181214221500929,18121403,XBTZ18,3223,1116,3223.5,100384,3223.25,3223.5
2018-12-14 03:10:26.982,181214221500929,18121403,XBTZ18,3220,8114,3223.5,100101,3221.75,3223.5
2018-12-14 03:10:28.934,181214221500929,18121403,XBTZ18,3220,6114,3220.5,20000,3220.25,3220.5
2018-12-14 03:10:29.073,181214221500929,18121403,XBTZ18,3220,6114,3220.5,40500,3220.25,3220.5
2018-12-14 03:10:29.419,181214221500929,18121403,XBTZ18,3220,6114,3220.5,30601,3220.25,3220.5
2018-12-14 03:10:31.569,181214221500929,18121403,XBTZ18,3220,6139,3220.5,53574,3220.25,3220.5
2018-12-14 03:10:22.773,181214221500929,18121403,XBTZ18,3223,6036,3223.5,85574,3223.25,3223.5
2018-12-14 03:10:24.617,181214221500929,18121403,XBTZ18,3223,2684,3223.5,100384,3223.25,3223.5
2018-12-14 03:10:24.763,181214221500929,18121403,XBTZ18,3223,2684,3223.5,101384,3223.25,3223.5
2018-12-14 03:10:25.975,181214221500929,18121403,XBTZ18,3223,1084,3223.5,100384,3223.25,3223.5
2018-12-14 03:10:28.978,181214221500929,18121403,XBTZ18,3220,6114,3220.5,30500,3220.25,3220.5
2018-12-14 03:10:29.157,181214221500930,18121403,XBTZ18,3220,5114,3220.5,40500,3220.25,3220.5
2018-12-14 03:10:29.271,181214221500930,18121403,XBTZ18,3220,6114,3220.5,30600,3220.25,3220.5
2018-12-14 03:10:23.412,181214221500930,18121403,XBTZ18,3223,3976,3223.5,89214,3223.25,3223.5
2018-12-14 03:10:25.620,181214221500930,18121403,XBTZ18,3223,1174,3223.5,101384,3223.25,3223.5
2018-12-14 03:10:28.143,181214221500930,18121403,XBTZ18,3220,6114,3223,1800,3221.5,3223
2018-12-14 03:10:28.963,181214221500930,18121403,XBTZ18,3220,6114,3220.5,40000,3220.25,3220.5
2018-12-14 03:10:29.109,181214221500930,18121403,XBTZ18,3220,5114,3220.5,40500,3220.25,3220.5
2018-12-14 03:10:29.255,181214221500930,18121403,XBTZ18,3220,5114,3220.5,40600,3220.25,3220.5
2018-12-14 03:10:30.456,181214221500930,18121403,XBTZ18,3220,6139,3220.5,51500,3220.25,3220.5
2018-12-14 03:10:23.374,181214221500930,18121403,XBTZ18,3223,4233,3223.5,89214,3223.25,3223.5
2018-12-14 03:10:23.454,181214221500930,18121403,XBTZ18,3223,3867,3223.5,100101,3223.25,3223.5
2018-12-14 03:10:25.670,181214221500930,18121403,XBTZ18,3223,1174,3223.5,100384,3223.25,3223.5
2018-12-14 03:10:28.212,181214221500930,18121403,XBTZ18,3220,6114,3223,17800,3221.5,3223
2018-12-14 03:10:28.961,181214221500930,18121403,XBTZ18,3220,6114,3220.5,20000,3220.25,3220.5
2018-12-14 03:10:29.105,181214221500930,18121403,XBTZ18,3220,5114,3220.5,30500,3220.25,3220.5
2018-12-14 03:10:29.239,181214221500930,18121403,XBTZ18,3220,5114,3220.5,30600,3220.25,3220.5
2018-12-14 03:10:23.174,181214221500930,18121403,XBTZ18,3223,5995,3223.5,87574,3223.25,3223.5
2018-12-14 03:10:28.217,181214221500930,18121403,XBTZ18,3220,6114,3223,29800,3221.5,3223
2018-12-14 03:10:28.946,181214221500930,18121403,XBTZ18,3220,6114,3220.5,10000,3220.25,3220.5
2018-12-14 03:10:29.090,181214221500930,18121403,XBTZ18,3220,6114,3220.5,30500,3220.25,3220.5
2018-12-14 03:10:29.229,181214221500930,18121403,XBTZ18,3220,5114,3220.5,40600,3220.25,3220.5
2018-12-14 03:10:23.285,181214221500930,18121403,XBTZ18,3223,5403,3223.5,87574,3223.25,3223.5
2018-12-14 03:10:24.250,181214221500930,18121403,XBTZ18,3223,2867,3223.5,100384,3223.25,3223.5
2018-12-14 03:10:26.315,181214221500930,18121403,XBTZ18,3223,52,3223.5,100384,3223.25,3223.5
2018-12-14 03:10:27.183,181214221500930,18121403,XBTZ18,3220,7114,3223,1000,3221.5,3223
2018-12-14 03:10:28.990,181214221500930,18121403,XBTZ18,3220,6114,3220.5,40500,3220.25,3220.5
2018-12-14 03:10:29.173,181214221500930,18121403,XBTZ18,3220,5114,3220.5,30500,3220.25,3220.5
2018-12-14 03:10:29.839,181214221500930,18121403,XBTZ18,3220,6114,3220.5,51178,3220.25,3220.5
2018-12-14 03:10:31.518,181214221500930,18121403,XBTZ18,3220,6139,3220.5,51661,3220.25,3220.5
2018-12-14 03:10:28.226,181214221500930,18121403,XBTZ18,3220,6114,3223,30794,3221.5,3223
2018-12-14 03:10:28.916,181214221500930,18121403,XBTZ18,3220,6114,3220.5,10000,3220.25,3220.5
2018-12-14 03:10:29.059,181214221500930,18121403,XBTZ18,3220,6114,3220.5,30500,3220.25,3220.5
2018-12-14 03:10:29.225,181214221500930,18121403,XBTZ18,3220,5114,3220.5,40500,3220.25,3220.5
2018-12-14 03:10:29.947,181214221500930,18121403,XBTZ18,3220,6139,3220.5,51178,3220.25,3220.5
2018-12-14 03:10:28.227,181214221500930,18121403,XBTZ18,3220,6114,3220.5,10000,3220.25,3220.5
2018-12-14 03:10:29.007,181214221500930,18121403,XBTZ18,3220,6114,3220.5,30500,3220.25,3220.5
2018-12-14 03:10:29.189,181214221500930,18121403,XBTZ18,3220,5114,3220.5,40500,3220.25,3220.5
2018-12-14 03:10:29.427,181214221500930,18121403,XBTZ18,3220,6114,3220.5,31179,3220.25,3220.5
2018-12-14 03:10:40.269,181214221500930,18121403,XBTZ18,3220,5139,3220.5,65474,3220.25,3220.5
2018-12-14 03:10:28.965,181214221500930,18121403,XBTZ18,3220,6114,3220.5,40500,3220.25,3220.5
2018-12-14 03:10:29.133,181214221500930,18121403,XBTZ18,3220,5114,3220.5,30500,3220.25,3220.5
2018-12-14 03:10:29.265,181214221500930,18121403,XBTZ18,3220,6114,3220.5,40600,3220.25,3220.5
2018-12-14 03:10:30.430,181214221500930,18121403,XBTZ18,3220,6139,3220.5,51339,3220.25,3220.5
2018-12-14 03:10:39.514,181214221500930,18121403,XBTZ18,3220,5139,3220.5,53413,3220.25,3220.5
2018-12-14 03:10:40.200,181214221500930,18121403,XBTZ18,3220,5139,3220.5,65313,3220.25,3220.5
2018-12-14 03:10:48.349,181214221500930,18121403,XBTZ18,3220,7728,3220.5,64474,3220.25,3220.5
2018-12-14 03:10:28.903,181214221500931,18121403,XBTZ18,3220,6114,3220.5,20000,3220.25,3220.5
2018-12-14 03:10:29.032,181214221500931,18121403,XBTZ18,3220,6114,3220.5,40500,3220.25,3220.5
2018-12-14 03:10:29.201,181214221500931,18121403,XBTZ18,3220,5114,3220.5,30500,3220.25,3220.5
2018-12-14 03:10:29.452,181214221500931,18121403,XBTZ18,3220,6114,3220.5,31178,3220.25,3220.5
2018-12-14 03:10:47.235,181214221500931,18121403,XBTZ18,3220,7728,3220.5,63474,3220.25,3220.5
2018-12-14 03:10:34.676,181214221500931,18121403,XBTZ18,3220,5139,3220.5,53474,3220.25,3220.5
2018-12-14 03:10:39.733,181214221500931,18121403,XBTZ18,3220,5139,3220.5,65152,3220.25,3220.5
2018-12-14 03:10:49.657,181214221500931,18121403,XBTZ18,3220,7728,3220.5,62400,3220.25,3220.5
2018-12-14 03:10:39.551,181214221500931,18121403,XBTZ18,3220,5139,3220.5,55413,3220.25,3220.5
2018-12-14 03:10:42.785,181214221500931,18121403,XBTZ18,3220,5139,3220.5,63474,3220.25,3220.5
2018-12-14 03:10:39.573,181214221500931,18121403,XBTZ18,3220,5139,3220.5,55252,3220.25,3220.5
2018-12-14 03:10:34.196,181214221500931,18121403,XBTZ18,3220,5139,3220.5,53574,3220.25,3220.5
2018-12-14 03:10:39.624,181214221500931,18121403,XBTZ18,3220,5139,3220.5,65252,3220.25,3220.5
2018-12-14 03:10:48.559,181214221500931,18121403,XBTZ18,3220,7728,3220.5,62561,3220.25,3220.5
2018-12-14 03:10:52.403,181214221500931,18121403,XBTZ18,3220,7628,3220.5,62239,3220.25,3220.5
2018-12-14 03:10:35.187,181214221500931,18121403,XBTZ18,3220,5139,3220.5,53574,3220.25,3220.5
2018-12-14 03:10:55.369,181214221500931,18121403,XBTZ18,3220,5039,3220.5,52652,3220.25,3220.5
2018-12-14 03:10:53.167,181214221500931,18121403,XBTZ18,3220,7628,3220.5,52652,3220.25,3220.5
2018-12-14 03:11:01.721,181214221500931,18121403,XBTZ18,3220,3039,3220.5,57783,3220.25,3220.5
2018-12-14 03:10:55.679,181214221500931,18121403,XBTZ18,3220,4039,3220.5,51652,3220.25,3220.5
2018-12-14 03:10:56.576,181214221500931,18121403,XBTZ18,3220,4039,3220.5,51652,3220.25,3220.5
2018-12-14 03:10:57.748,181214221500931,18121403,XBTZ18,3220,4039,3220.5,55043,3220.25,3220.5
2018-12-14 03:10:59.587,181214221500931,18121403,XBTZ18,3220,4039,3220.5,55144,3220.25,3220.5
2018-12-14 03:11:00.930,181214221500931,18121403,XBTZ18,3220,4039,3220.5,53783,3220.25,3220.5
2018-12-14 03:11:05.543,181214221500931,18121403,XBTZ18,3219.5,9369,3220,11000,3219.75,3220
2018-12-14 03:10:51.839,181214221500931,18121403,XBTZ18,3220,7728,3220.5,62239,3220.25,3220.5
2018-12-14 03:10:52.560,181214221500931,18121403,XBTZ18,3220,7628,3220.5,62652,3220.25,3220.5
2018-12-14 03:10:58.203,181214221500931,18121403,XBTZ18,3220,4039,3220.5,55043,3220.25,3220.5
2018-12-14 03:11:01.028,181214221500931,18121403,XBTZ18,3220,3039,3220.5,53783,3220.25,3220.5
2018-12-14 03:11:05.553,181214221500931,18121403,XBTZ18,3219.5,9369,3220,34615,3219.75,3220
2018-12-14 03:11:06.589,181214221500931,18121403,XBTZ18,3219.5,9214,3220,70448,3219.75,3220
2018-12-14 03:11:06.693,181214221500931,18121403,XBTZ18,3219.5,9054,3220,69448,3219.75,3220
2018-12-14 03:10:55.673,181214221500931,18121403,XBTZ18,3220,4039,3220.5,52652,3220.25,3220.5
2018-12-14 03:10:57.581,181214221500931,18121403,XBTZ18,3220,4039,3220.5,54013,3220.25,3220.5
2018-12-14 03:11:03.394,181214221500931,18121403,XBTZ18,3220,1039,3220.5,57622,3220.25,3220.5
2018-12-14 03:11:05.565,181214221500931,18121403,XBTZ18,3219.5,9369,3220,35693,3219.75,3220
2018-12-14 03:11:06.494,181214221500931,18121403,XBTZ18,3219.5,9214,3220,66694,3219.75,3220
2018-12-14 03:10:55.693,181214221500931,18121403,XBTZ18,3220,4039,3220.5,52652,3220.25,3220.5
2018-12-14 03:10:56.629,181214221500931,18121403,XBTZ18,3220,4039,3220.5,52652,3220.25,3220.5
2018-12-14 03:11:03.363,181214221500931,18121403,XBTZ18,3220,1039,3220.5,57783,3220.25,3220.5
2018-12-14 03:11:05.557,181214221500931,18121403,XBTZ18,3219.5,9369,3220,35115,3219.75,3220
2018-12-14 03:11:06.564,181214221500931,18121403,XBTZ18,3219.5,9214,3220,68448,3219.75,3220
2018-12-14 03:11:07.651,181214221500931,18121403,XBTZ18,3219.5,7054,3220,70031,3219.75,3220
2018-12-14 03:11:08.551,181214221500931,18121403,XBTZ18,3219.5,7054,3220,70685,3219.75,3220
2018-12-14 03:11:05.283,181214221500931,18121403,XBTZ18,3219.5,9369,3220.5,70438,3220,3220.5
2018-12-14 03:11:05.801,181214221500931,18121403,XBTZ18,3219.5,9209,3220,65694,3219.75,3220
2018-12-14 03:11:07.171,181214221500931,18121403,XBTZ18,3219.5,8054,3220,69547,3219.75,3220
2018-12-14 03:11:09.334,181214221500931,18121403,XBTZ18,3219.5,6054,3220,70586,3219.75,3220
2018-12-14 03:10:58.120,181214221500931,18121403,XBTZ18,3220,4039,3220.5,56043,3220.25,3220.5
2018-12-14 03:11:03.639,181214221500931,18121403,XBTZ18,3220,1039,3220.5,70277,3220.25,3220.5
2018-12-14 03:11:05.786,181214221500931,18121403,XBTZ18,3219.5,9209,3220,65693,3219.75,3220
2018-12-14 03:11:07.207,181214221500931,18121403,XBTZ18,3219.5,8054,3220,69869,3219.75,3220
2018-12-14 03:11:09.456,181214221500932,18121403,XBTZ18,3219.5,5054,3220,70986,3219.75,3220
2018-12-14 03:11:12.264,181214221500932,18121403,XBTZ18,3219.5,2054,3220,72999,3219.75,3220
2018-12-14 03:11:01.995,181214221500932,18121403,XBTZ18,3220,2039,3220.5,57783,3220.25,3220.5
2018-12-14 03:11:04.348,181214221500932,18121403,XBTZ18,3220,39,3220.5,70438,3220.25,3220.5
2018-12-14 03:11:05.621,181214221500932,18121403,XBTZ18,3219.5,9209,3220,35693,3219.75,3220
2018-12-14 03:11:06.029,181214221500932,18121403,XBTZ18,3219.5,9214,3220,65694,3219.75,3220
2018-12-14 03:11:07.621,181214221500932,18121403,XBTZ18,3219.5,8054,3220,70031,3219.75,3220
2018-12-14 03:11:08.209,181214221500932,18121403,XBTZ18,3219.5,7054,3220,70686,3219.75,3220
2018-12-14 03:11:14.059,181214221500932,18121403,XBTZ18,3219.5,54,3220,60999,3219.75,3220
2018-12-14 03:10:59.547,181214221500932,18121403,XBTZ18,3220,4039,3220.5,55143,3220.25,3220.5
2018-12-14 03:11:03.459,181214221500932,18121403,XBTZ18,3220,1039,3220.5,59622,3220.25,3220.5
2018-12-14 03:11:05.548,181214221500932,18121403,XBTZ18,3219.5,9369,3220,23000,3219.75,3220
2018-12-14 03:11:07.199,181214221500932,18121403,XBTZ18,3219.5,8054,3220,69708,3219.75,3220
2018-12-14 03:11:09.451,181214221500932,18121403,XBTZ18,3219.5,5054,3220,70586,3219.75,3220
2018-12-14 03:11:03.526,181214221500932,18121403,XBTZ18,3220,1039,3220.5,60277,3220.25,3220.5
2018-12-14 03:11:05.551,181214221500932,18121403,XBTZ18,3219.5,9369,3220,24615,3219.75,3220
2018-12-14 03:11:07.166,181214221500932,18121403,XBTZ18,3219.5,8054,3220,69447,3219.75,3220
2018-12-14 03:11:09.168,181214221500932,18121403,XBTZ18,3219.5,6054,3220,70585,3219.75,3220
2018-12-14 03:11:11.985,181214221500932,18121403,XBTZ18,3219.5,3054,3220,72999,3219.75,3220
2018-12-14 03:11:13.540,181214221500932,18121403,XBTZ18,3219.5,1054,3220,62999,3219.75,3220
2018-12-14 03:11:16.525,181214221500932,18121403,XBTZ18,3219.5,54,3220,70599,3219.75,3220
2018-12-14 03:11:04.206,181214221500932,18121403,XBTZ18,3220,1039,3220.5,70438,3220.25,3220.5
2018-12-14 03:11:05.784,181214221500932,18121403,XBTZ18,3219.5,9209,3220,55693,3219.75,3220
2018-12-14 03:11:07.261,181214221500932,18121403,XBTZ18,3219.5,8054,3220,70030,3219.75,3220
2018-12-14 03:11:09.927,181214221500932,18121403,XBTZ18,3219.5,5054,3220,71086,3219.75,3220
2018-12-14 03:11:13.868,181214221500932,18121403,XBTZ18,3219.5,1054,3220,60999,3219.75,3220
2018-12-14 03:11:16.462,181214221500932,18121403,XBTZ18,3219.5,54,3220,60599,3219.75,3220
2018-12-14 03:11:17.330,181214221500932,18121403,XBTZ18,3219.5,54,3220,72438,3219.75,3220
2018-12-14 03:11:22.055,181214221500932,18121403,XBTZ18,3219.5,54,3220,58524,3219.75,3220
2018-12-14 03:11:06.674,181214221500932,18121403,XBTZ18,3219.5,9214,3220,69448,3219.75,3220
2018-12-14 03:11:06.702,181214221500932,18121403,XBTZ18,3219.5,8054,3220,69448,3219.75,3220
2018-12-14 03:11:08.552,181214221500932,18121403,XBTZ18,3219.5,6054,3220,70685,3219.75,3220
2018-12-14 03:11:10.413,181214221500932,18121403,XBTZ18,3219.5,4054,3220,71086,3219.75,3220
2018-12-14 03:11:31.795,181214221500932,18121403,XBTZ18,3219.5,151,3220,68524,3219.75,3220
2018-12-14 03:11:29.594,181214221500932,18121403,XBTZ18,3219.5,151,3220,58524,3219.75,3220
2018-12-14 03:11:33.285,181214221500932,18121403,XBTZ18,3219.5,151,3220,68524,3219.75,3220
2018-12-14 03:11:35.056,181214221500932,18121403,XBTZ18,3219.5,151,3220,78524,3219.75,3220
2018-12-14 03:11:11.365,181214221500932,18121403,XBTZ18,3219.5,3054,3220,71086,3219.75,3220
2018-12-14 03:11:16.924,181214221500932,18121403,XBTZ18,3219.5,54,3220,60437,3219.75,3220
2018-12-14 03:11:16.643,181214221500932,18121403,XBTZ18,3219.5,54,3220,60599,3219.75,3220
2018-12-14 03:11:17.276,181214221500932,18121403,XBTZ18,3219.5,54,3220,72437,3219.75,3220
2018-12-14 03:11:29.885,181214221500932,18121403,XBTZ18,3219.5,151,3220,78524,3219.75,3220
2018-12-14 03:11:13.191,181214221500932,18121403,XBTZ18,3219.5,1054,3220,72999,3219.75,3220
2018-12-14 03:11:16.699,181214221500932,18121403,XBTZ18,3219.5,54,3220,60438,3219.75,3220
2018-12-14 03:11:18.819,181214221500932,18121403,XBTZ18,3219.5,54,3220,62437,3219.75,3220
2018-12-14 03:11:21.609,181214221500932,18121403,XBTZ18,3219.5,54,3220,60524,3219.75,3220
2018-12-14 03:11:31.891,181214221500932,18121403,XBTZ18,3219.5,1151,3220,68524,3219.75,3220
2018-12-14 03:11:38.387,181214221500932,18121403,XBTZ18,3219.5,151,3220,80437,3219.75,3220
2018-12-14 03:11:39.434,181214221500932,18121403,XBTZ18,3219.5,151,3220,84437,3219.75,3220
2018-12-14 03:11:17.400,181214221500932,18121403,XBTZ18,3219.5,54,3220,72437,3219.75,3220
2018-12-14 03:11:17.203,181214221500932,18121403,XBTZ18,3219.5,54,3220,70437,3219.75,3220
2018-12-14 03:11:47.997,181214221500932,18121403,XBTZ18,3219.5,151,3220,53937,3219.75,3220
2018-12-14 03:11:47.400,181214221500932,18121403,XBTZ18,3219.5,151,3220,74437,3219.75,3220
2018-12-14 03:11:55.280,181214221500932,18121403,XBTZ18,3218.5,350,3219,1770,3218.75,3219
2018-12-14 03:11:57.175,181214221500932,18121403,XBTZ18,3218.5,2458,3219,3992,3218.75,3219
2018-12-14 03:11:47.918,181214221500932,18121403,XBTZ18,3219.5,652,3220,53937,3219.75,3220
2018-12-14 03:11:49.362,181214221500932,18121403,XBTZ18,3219.5,1152,3220,42437,3219.75,3220
2018-12-14 03:11:51.899,181214221500932,18121403,XBTZ18,3219,608,3219.5,1739,3219.25,3219.5
2018-12-14 03:11:55.266,181214221500932,18121403,XBTZ18,3218.5,350,3219.5,30601,3219,3219.5
2018-12-14 03:11:56.670,181214221500932,18121403,XBTZ18,3218.5,2458,3219,2222,3218.75,3219
2018-12-14 03:11:57.498,181214221500932,18121403,XBTZ18,3218.5,2458,3219,3992,3218.75,3219
2018-12-14 03:11:48.021,181214221500932,18121403,XBTZ18,3219.5,152,3220,54437,3219.75,3220
2018-12-14 03:11:51.908,181214221500932,18121403,XBTZ18,3219,1108,3219.5,1739,3219.25,3219.5
2018-12-14 03:11:55.376,181214221500932,18121403,XBTZ18,3218.5,458,3219,1770,3218.75,3219
2018-12-14 03:11:56.191,181214221500932,18121403,XBTZ18,3218.5,458,3219,25762,3218.75,3219
2018-12-14 03:12:02.424,181214221500932,18121403,XBTZ18,3218.5,2618,3219,6992,3218.75,3219
2018-12-14 03:12:04.965,181214221500932,18121403,XBTZ18,3218.5,510,3219,35905,3218.75,3219
2018-12-14 03:11:47.916,181214221500932,18121403,XBTZ18,3219.5,652,3220,54437,3219.75,3220
2018-12-14 03:11:51.838,181214221500933,18121403,XBTZ18,3219,608,3219.5,2239,3219.25,3219.5
2018-12-14 03:11:55.816,181214221500933,18121403,XBTZ18,3218.5,458,3219,3992,3218.75,3219
2018-12-14 03:11:56.285,181214221500933,18121403,XBTZ18,3218.5,2458,3219,23992,3218.75,3219
2018-12-14 03:11:47.975,181214221500933,18121403,XBTZ18,3219.5,152,3220,53937,3219.75,3220
2018-12-14 03:11:50.884,181214221500933,18121403,XBTZ18,3219.5,152,3220,40363,3219.75,3220
2018-12-14 03:11:52.064,181214221500933,18121403,XBTZ18,3219,1108,3219.5,1964,3219.25,3219.5
2018-12-14 03:11:52.813,181214221500933,18121403,XBTZ18,3219,108,3219.5,7554,3219.25,3219.5
2018-12-14 03:11:53.349,181214221500933,18121403,XBTZ18,3219,108,3219.5,29946,3219.25,3219.5
2018-12-14 03:12:01.624,181214221500933,18121403,XBTZ18,3218.5,3618,3219,3992,3218.75,3219
2018-12-14 03:12:04.053,181214221500933,18121403,XBTZ18,3218.5,510,3219,34992,3218.75,3219
2018-12-14 03:12:08.571,181214221500933,18121403,XBTZ18,3218.5,510,3219,34992,3218.75,3219
2018-12-14 03:11:47.898,181214221500933,18121403,XBTZ18,3219.5,152,3220,54437,3219.75,3220
2018-12-14 03:11:50.578,181214221500933,18121403,XBTZ18,3219.5,152,3220,42276,3219.75,3220
2018-12-14 03:11:53.318,181214221500933,18121403,XBTZ18,3219,108,3219.5,9946,3219.25,3219.5
2018-12-14 03:11:55.629,181214221500933,18121403,XBTZ18,3218.5,458,3219,3337,3218.75,3219
2018-12-14 03:11:57.178,181214221500933,18121403,XBTZ18,3218.5,22458,3219,3992,3218.75,3219
2018-12-14 03:11:48.009,181214221500933,18121403,XBTZ18,3219.5,151,3220,54437,3219.75,3220
2018-12-14 03:11:50.337,181214221500933,18121403,XBTZ18,3219.5,1152,3220,42276,3219.75,3220
2018-12-14 03:11:51.814,181214221500933,18121403,XBTZ18,3219,608,3220,40460,3219.5,3220
2018-12-14 03:11:52.165,181214221500933,18121403,XBTZ18,3219,1108,3219.5,3554,3219.25,3219.5
2018-12-14 03:11:56.170,181214221500933,18121403,XBTZ18,3218.5,458,3219,23992,3218.75,3219
2018-12-14 03:11:58.262,181214221500933,18121403,XBTZ18,3218.5,3458,3219,3992,3218.75,3219
2018-12-14 03:12:02.446,181214221500933,18121403,XBTZ18,3218.5,618,3219,6992,3218.75,3219
2018-12-14 03:11:48.454,181214221500933,18121403,XBTZ18,3219.5,152,3220,42437,3219.75,3220
2018-12-14 03:11:51.438,181214221500933,18121403,XBTZ18,3219.5,152,3220,40460,3219.75,3220
2018-12-14 03:11:52.330,181214221500933,18121403,XBTZ18,3219,1108,3219.5,7554,3219.25,3219.5
2018-12-14 03:11:53.570,181214221500933,18121403,XBTZ18,3219,108,3219.5,30601,3219.25,3219.5
2018-12-14 03:12:02.215,181214221500933,18121403,XBTZ18,3218.5,3618,3219,6992,3218.75,3219
2018-12-14 03:12:14.685,181214221500933,18121403,XBTZ18,3218.5,510,3219,6992,3218.75,3219
2018-12-14 03:12:17.820,181214221500933,18121403,XBTZ18,3218.5,4618,3219,3292,3218.75,3219
2018-12-14 03:11:47.848,181214221500933,18121403,XBTZ18,3219.5,151,3220,54437,3219.75,3220
2018-12-14 03:11:53.171,181214221500933,18121403,XBTZ18,3219,108,3219.5,7946,3219.25,3219.5
2018-12-14 03:11:55.406,181214221500933,18121403,XBTZ18,3218.5,458,3219,2027,3218.75,3219
2018-12-14 03:11:56.194,181214221500933,18121403,XBTZ18,3218.5,458,3219,23992,3218.75,3219
2018-12-14 03:12:03.257,181214221500933,18121403,XBTZ18,3218.5,510,3219,14992,3218.75,3219
2018-12-14 03:11:51.836,181214221500933,18121403,XBTZ18,3219,608,3219.5,500,3219.25,3219.5
2018-12-14 03:11:56.320,181214221500933,18121403,XBTZ18,3218.5,2458,3219,22222,3218.75,3219
2018-12-14 03:11:59.249,181214221500933,18121403,XBTZ18,3218.5,7458,3219,3992,3218.75,3219
2018-12-14 03:12:03.208,181214221500933,18121403,XBTZ18,3218.5,618,3219,14992,3218.75,3219
2018-12-14 03:12:17.318,181214221500933,18121403,XBTZ18,3218.5,4618,3219,3992,3218.75,3219
2018-12-14 03:11:59.256,181214221500933,18121403,XBTZ18,3218.5,7618,3219,3992,3218.75,3219
2018-12-14 03:12:14.644,181214221500933,18121403,XBTZ18,3218.5,510,3219,14992,3218.75,3219
2018-12-14 03:12:17.721,181214221500933,18121403,XBTZ18,3218.5,4618,3219,4292,3218.75,3219
2018-12-14 03:12:24.864,181214221500933,18121403,XBTZ18,3218.5,36817,3219,1522,3218.75,3219
2018-12-14 03:12:14.712,181214221500933,18121403,XBTZ18,3218.5,20618,3219,6992,3218.75,3219
2018-12-14 03:12:22.251,181214221500933,18121403,XBTZ18,3218.5,16817,3219,1522,3218.75,3219
2018-12-14 03:12:28.654,181214221500933,18121403,XBTZ18,3218.5,37817,3219,13231,3218.75,3219
2018-12-14 03:12:29.204,181214221500933,18121403,XBTZ18,3218.5,37817,3219,13231,3218.75,3219
2018-12-14 03:12:18.753,181214221500933,18121403,XBTZ18,3218.5,34618,3219,3292,3218.75,3219
2018-12-14 03:12:29.447,181214221500933,18121403,XBTZ18,3218.5,17817,3219,13231,3218.75,3219
2018-12-14 03:12:36.612,181214221500933,18121403,XBTZ18,3218.5,22817,3219,12664,3218.75,3219
2018-12-14 03:12:19.290,181214221500933,18121403,XBTZ18,3218.5,34618,3219,1522,3218.75,3219
2018-12-14 03:12:25.472,181214221500933,18121403,XBTZ18,3218.5,36817,3219,1522,3218.75,3219
2018-12-14 03:12:35.736,181214221500933,18121403,XBTZ18,3218.5,30817,3219,12664,3218.75,3219
2018-12-14 03:12:36.505,181214221500933,18121403,XBTZ18,3218.5,27817,3219,12664,3218.75,3219
2018-12-14 03:12:14.693,181214221500933,18121403,XBTZ18,3218.5,618,3219,6992,3218.75,3219
2018-12-14 03:12:26.564,181214221500933,18121403,XBTZ18,3218.5,36817,3219,13231,3218.75,3219
2018-12-14 03:12:28.914,181214221500933,18121403,XBTZ18,3218.5,39817,3219,13231,3218.75,3219
2018-12-14 03:12:30.540,181214221500933,18121403,XBTZ18,3218.5,6817,3219,13231,3218.75,3219
2018-12-14 03:12:34.582,181214221500933,18121403,XBTZ18,3218.5,10817,3219,13131,3218.75,3219
2018-12-14 03:12:36.508,181214221500933,18121403,XBTZ18,3218.5,26817,3219,12664,3218.75,3219
2018-12-14 03:12:17.838,181214221500933,18121403,XBTZ18,3218.5,24618,3219,3292,3218.75,3219
2018-12-14 03:12:25.292,181214221500933,18121403,XBTZ18,3218.5,16817,3219,1522,3218.75,3219
2018-12-14 03:12:36.838,181214221500933,18121403,XBTZ18,3218.5,22709,3219,29111,3218.75,3219
2018-12-14 03:12:15.432,181214221500933,18121403,XBTZ18,3218.5,618,3219,6992,3218.75,3219
2018-12-14 03:12:19.357,181214221500933,18121403,XBTZ18,3218.5,37382,3219,1522,3218.75,3219
2018-12-14 03:12:30.894,181214221500933,18121403,XBTZ18,3218.5,7817,3219,13231,3218.75,3219
2018-12-14 03:12:31.895,181214221500933,18121403,XBTZ18,3218.5,10817,3219,13231,3218.75,3219
2018-12-14 03:12:35.502,181214221500934,18121403,XBTZ18,3218.5,30817,3219,13131,3218.75,3219
2018-12-14 03:12:17.053,181214221500934,18121403,XBTZ18,3218.5,4618,3219,6992,3218.75,3219
2018-12-14 03:12:25.020,181214221500934,18121403,XBTZ18,3218.5,37817,3219,1522,3218.75,3219
2018-12-14 03:12:27.927,181214221500934,18121403,XBTZ18,3218.5,17817,3219,13231,3218.75,3219
2018-12-14 03:12:38.637,181214221500934,18121403,XBTZ18,3218,100,3219,93208,3218.5,3219
2018-12-14 03:12:19.359,181214221500934,18121403,XBTZ18,3218.5,34618,3219,1522,3218.75,3219
2018-12-14 03:12:36.811,181214221500934,18121403,XBTZ18,3218.5,22709,3219,22664,3218.75,3219
2018-12-14 03:12:37.860,181214221500934,18121403,XBTZ18,3218.5,510,3219,85112,3218.75,3219
2018-12-14 03:12:39.410,181214221500934,18121403,XBTZ18,3218,100,3219,114786,3218.5,3219
2018-12-14 03:12:19.387,181214221500934,18121403,XBTZ18,3218.5,36817,3219,1522,3218.75,3219
2018-12-14 03:12:25.158,181214221500934,18121403,XBTZ18,3218.5,36817,3219,1522,3218.75,3219
2018-12-14 03:12:27.390,181214221500934,18121403,XBTZ18,3218.5,16817,3219,13231,3218.75,3219
2018-12-14 03:12:36.847,181214221500934,18121403,XBTZ18,3218.5,22709,3219,54111,3218.75,3219
2018-12-14 03:12:37.177,181214221500934,18121403,XBTZ18,3218.5,510,3219,74432,3218.75,3219
2018-12-14 03:12:38.394,181214221500934,18121403,XBTZ18,3218.5,510,3219,93208,3218.75,3219
2018-12-14 03:12:39.633,181214221500934,18121403,XBTZ18,3218,100,3219,115786,3218.5,3219
2018-12-14 03:12:37.099,181214221500934,18121403,XBTZ18,3218.5,510,3219,75432,3218.75,3219
2018-12-14 03:12:37.361,181214221500934,18121403,XBTZ18,3218.5,510,3219,77712,3218.75,3219
2018-12-14 03:12:38.285,181214221500934,18121403,XBTZ18,3218.5,510,3219,78665,3218.75,3219
2018-12-14 03:12:39.270,181214221500934,18121403,XBTZ18,3218,100,3219,101786,3218.5,3219
2018-12-14 03:12:40.780,181214221500934,18121403,XBTZ18,3218,105,3218.5,71523,3218.25,3218.5
2018-12-14 03:12:44.754,181214221500934,18121403,XBTZ18,3218,425,3218.5,75429,3218.25,3218.5
2018-12-14 03:12:30.538,181214221500934,18121403,XBTZ18,3218.5,16817,3219,13231,3218.75,3219
2018-12-14 03:12:36.646,181214221500934,18121403,XBTZ18,3218.5,22709,3219,12664,3218.75,3219
2018-12-14 03:12:37.073,181214221500934,18121403,XBTZ18,3218.5,510,3219,74432,3218.75,3219
2018-12-14 03:12:40.375,181214221500934,18121403,XBTZ18,3218,105,3218.5,36140,3218.25,3218.5
2018-12-14 03:12:41.646,181214221500934,18121403,XBTZ18,3218,265,3218.5,72178,3218.25,3218.5
2018-12-14 03:12:42.491,181214221500934,18121403,XBTZ18,3218,425,3218.5,55751,3218.25,3218.5
2018-12-14 03:12:44.771,181214221500934,18121403,XBTZ18,3218,425,3218.5,75428,3218.25,3218.5
2018-12-14 03:12:36.898,181214221500934,18121403,XBTZ18,3218.5,22709,3219,74111,3218.75,3219
2018-12-14 03:12:39.701,181214221500934,18121403,XBTZ18,3218,100,3218.5,22713,3218.25,3218.5
2018-12-14 03:12:45.755,181214221500934,18121403,XBTZ18,3218,425,3218.5,70428,3218.25,3218.5
2018-12-14 03:12:36.914,181214221500934,18121403,XBTZ18,3218.5,510,3219,74111,3218.75,3219
2018-12-14 03:12:41.002,181214221500934,18121403,XBTZ18,3218,105,3218.5,72178,3218.25,3218.5
2018-12-14 03:12:41.774,181214221500934,18121403,XBTZ18,3218,425,3218.5,58178,3218.25,3218.5
2018-12-14 03:12:42.761,181214221500934,18121403,XBTZ18,3218,425,3218.5,60751,3218.25,3218.5
2018-12-14 03:12:44.822,181214221500934,18121403,XBTZ18,3218,425,3218.5,70428,3218.25,3218.5
2018-12-14 03:12:36.902,181214221500934,18121403,XBTZ18,3218.5,20510,3219,74111,3218.75,3219
2018-12-14 03:12:39.691,181214221500934,18121403,XBTZ18,3218,100,3218.5,22321,3218.25,3218.5
2018-12-14 03:12:47.161,181214221500934,18121403,XBTZ18,3218,105,3218.5,67001,3218.25,3218.5
2018-12-14 03:12:37.816,181214221500934,18121403,XBTZ18,3218.5,510,3219,84712,3218.75,3219
2018-12-14 03:12:38.325,181214221500934,18121403,XBTZ18,3218.5,510,3219,92095,3218.75,3219
2018-12-14 03:12:39.348,181214221500934,18121403,XBTZ18,3218,100,3219,94786,3218.5,3219
2018-12-14 03:12:42.024,181214221500934,18121403,XBTZ18,3218,425,3218.5,54751,3218.25,3218.5
2018-12-14 03:12:39.677,181214221500934,18121403,XBTZ18,3218,100,3218.5,22000,3218.25,3218.5
2018-12-14 03:12:40.548,181214221500934,18121403,XBTZ18,3218,105,3218.5,57915,3218.25,3218.5
2018-12-14 03:12:46.680,181214221500934,18121403,XBTZ18,3218,265,3218.5,80428,3218.25,3218.5
2018-12-14 03:12:48.230,181214221500934,18121403,XBTZ18,3217.5,85,3218,22000,3217.75,3218
2018-12-14 03:12:48.474,181214221500934,18121403,XBTZ18,3217.5,85,3218,55251,3217.75,3218
2018-12-14 03:12:40.276,181214221500934,18121403,XBTZ18,3218,105,3218.5,22713,3218.25,3218.5
2018-12-14 03:12:40.522,181214221500934,18121403,XBTZ18,3218,105,3218.5,37915,3218.25,3218.5
2018-12-14 03:12:44.732,181214221500934,18121403,XBTZ18,3218,425,3218.5,74293,3218.25,3218.5
2018-12-14 03:12:46.722,181214221500934,18121403,XBTZ18,3218,105,3218.5,80428,3218.25,3218.5
2018-12-14 03:12:48.048,181214221500934,18121403,XBTZ18,3217.5,85,3218,2000,3217.75,3218
2018-12-14 03:12:48.435,181214221500934,18121403,XBTZ18,3217.5,85,3218,35251,3217.75,3218
2018-12-14 03:12:40.628,181214221500934,18121403,XBTZ18,3218,105,3218.5,57523,3218.25,3218.5
2018-12-14 03:12:44.474,181214221500934,18121403,XBTZ18,3218,425,3218.5,74292,3218.25,3218.5
2018-12-14 03:12:47.198,181214221500934,18121403,XBTZ18,3218,105,3218.5,68001,3218.25,3218.5
2018-12-14 03:12:48.250,181214221500934,18121403,XBTZ18,3217.5,85,3218,34770,3217.75,3218
2018-12-14 03:12:48.778,181214221500934,18121403,XBTZ18,3217.5,85,3218,64251,3217.75,3218
2018-12-14 03:12:50.944,181214221500934,18121403,XBTZ18,3217.5,90,3218,79984,3217.75,3218
2018-12-14 03:12:41.676,181214221500934,18121403,XBTZ18,3218,265,3218.5,58178,3218.25,3218.5
2018-12-14 03:12:41.846,181214221500934,18121403,XBTZ18,3218,425,3218.5,44751,3218.25,3218.5
2018-12-14 03:12:43.598,181214221500934,18121403,XBTZ18,3218,425,3218.5,74179,3218.25,3218.5
2018-12-14 03:12:44.869,181214221500934,18121403,XBTZ18,3218,425,3218.5,57000,3218.25,3218.5
2018-12-14 03:12:46.482,181214221500935,18121403,XBTZ18,3218,425,3218.5,80428,3218.25,3218.5
2018-12-14 03:12:47.646,181214221500935,18121403,XBTZ18,3218,105,3218.5,72001,3218.25,3218.5
2018-12-14 03:12:48.253,181214221500935,18121403,XBTZ18,3217.5,85,3218,35091,3217.75,3218
2018-12-14 03:12:48.911,181214221500935,18121403,XBTZ18,3217.5,90,3218,87235,3217.75,3218
2018-12-14 03:12:48.243,181214221500935,18121403,XBTZ18,3217.5,85,3218,33770,3217.75,3218
2018-12-14 03:12:48.498,181214221500935,18121403,XBTZ18,3217.5,85,3218,65252,3217.75,3218
2018-12-14 03:12:48.883,181214221500935,18121403,XBTZ18,3217.5,85,3218,87235,3217.75,3218
2018-12-14 03:12:57.189,181214221500935,18121403,XBTZ18,3217.5,90,3218,78115,3217.75,3218
2018-12-14 03:12:47.755,181214221500935,18121403,XBTZ18,3217.5,85,3218.5,72021,3218,3218.5
2018-12-14 03:12:48.358,181214221500935,18121403,XBTZ18,3217.5,85,3218,35252,3217.75,3218
2018-12-14 03:12:48.865,181214221500935,18121403,XBTZ18,3217.5,85,3218,85680,3217.75,3218
2018-12-14 03:12:50.614,181214221500935,18121403,XBTZ18,3217.5,90,3218,66561,3217.75,3218
2018-12-14 03:12:47.143,181214221500935,18121403,XBTZ18,3218,105,3218.5,80429,3218.25,3218.5
2018-12-14 03:12:47.827,181214221500935,18121403,XBTZ18,3217.5,85,3218.5,72020,3218,3218.5
2018-12-14 03:12:48.371,181214221500935,18121403,XBTZ18,3217.5,85,3218,35352,3217.75,3218
2018-12-14 03:12:48.867,181214221500935,18121403,XBTZ18,3217.5,85,3218,87234,3217.75,3218
2018-12-14 03:12:50.384,181214221500935,18121403,XBTZ18,3217.5,90,3218,66461,3217.75,3218
2018-12-14 03:12:51.617,181214221500935,18121403,XBTZ18,3217.5,90,3218,66560,3217.75,3218
2018-12-14 03:12:57.031,181214221500935,18121403,XBTZ18,3217.5,90,3218,64690,3217.75,3218
2018-12-14 03:13:04.707,181214221500935,18121403,XBTZ18,3217.5,807,3218,68218,3217.75,3218
2018-12-14 03:13:06.531,181214221500935,18121403,XBTZ18,3217.5,90,3218,44790,3217.75,3218
2018-12-14 03:13:07.547,181214221500935,18121403,XBTZ18,3217.5,90,3218,44790,3217.75,3218
2018-12-14 03:12:47.660,181214221500935,18121403,XBTZ18,3217.5,85,3218.5,72001,3218,3218.5
2018-12-14 03:12:48.272,181214221500935,18121403,XBTZ18,3217.5,85,3218,35251,3217.75,3218
2018-12-14 03:12:48.818,181214221500935,18121403,XBTZ18,3217.5,85,3218,72251,3217.75,3218
2018-12-14 03:12:50.644,181214221500935,18121403,XBTZ18,3217.5,90,3218,66560,3217.75,3218
2018-12-14 03:12:54.513,181214221500935,18121403,XBTZ18,3217.5,90,3218,66460,3217.75,3218
2018-12-14 03:12:55.152,181214221500935,18121403,XBTZ18,3217.5,90,3218,79886,3217.75,3218
2018-12-14 03:13:08.292,181214221500935,18121403,XBTZ18,3217.5,20090,3218,17219,3217.75,3218
2018-12-14 03:12:47.873,181214221500935,18121403,XBTZ18,3217.5,85,3218.5,72021,3218,3218.5
2018-12-14 03:12:48.399,181214221500935,18121403,XBTZ18,3217.5,85,3218,35351,3217.75,3218
2018-12-14 03:12:49.374,181214221500935,18121403,XBTZ18,3217.5,90,3218,79235,3217.75,3218
2018-12-14 03:12:49.780,181214221500935,18121403,XBTZ18,3217.5,90,3218,79890,3217.75,3218
2018-12-14 03:12:57.639,181214221500935,18121403,XBTZ18,3217.5,889,3218,54690,3217.75,3218
2018-12-14 03:13:02.587,181214221500935,18121403,XBTZ18,3217.5,90,3218,68117,3217.75,3218
2018-12-14 03:13:06.956,181214221500935,18121403,XBTZ18,3217.5,90,3218,58218,3217.75,3218
2018-12-14 03:12:48.233,181214221500935,18121403,XBTZ18,3217.5,85,3218,23770,3217.75,3218
2018-12-14 03:12:48.485,181214221500935,18121403,XBTZ18,3217.5,85,3218,55252,3217.75,3218
2018-12-14 03:12:48.734,181214221500935,18121403,XBTZ18,3217.5,85,3218,65251,3217.75,3218
2018-12-14 03:12:50.858,181214221500935,18121403,XBTZ18,3217.5,90,3218,79984,3217.75,3218
2018-12-14 03:12:57.304,181214221500935,18121403,XBTZ18,3217.5,90,3218,68115,3217.75,3218
2018-12-14 03:13:04.687,181214221500935,18121403,XBTZ18,3217.5,807,3218,68118,3217.75,3218
2018-12-14 03:13:09.061,181214221500935,18121403,XBTZ18,3217.5,20090,3218,16739,3217.75,3218
2018-12-14 03:13:10.414,181214221500935,18121403,XBTZ18,3217.5,967,3218,16738,3217.75,3218
2018-12-14 03:13:11.436,181214221500935,18121403,XBTZ18,3217.5,20967,3218,6309,3217.75,3218
2018-12-14 03:12:50.892,181214221500935,18121403,XBTZ18,3217.5,90,3218,79985,3217.75,3218
2018-12-14 03:12:52.998,181214221500935,18121403,XBTZ18,3217.5,90,3218,79885,3217.75,3218
2018-12-14 03:12:56.597,181214221500935,18121403,XBTZ18,3217.5,90,3218,66460,3217.75,3218
2018-12-14 03:13:08.266,181214221500935,18121403,XBTZ18,3217.5,90,3218,37219,3217.75,3218
2018-12-14 03:13:09.806,181214221500935,18121403,XBTZ18,3217.5,90,3218,3309,3217.75,3218
2018-12-14 03:13:12.068,181214221500935,18121403,XBTZ18,3217.5,967,3218,39738,3217.75,3218
2018-12-14 03:13:04.608,181214221500935,18121403,XBTZ18,3217.5,807,3218,54690,3217.75,3218
2018-12-14 03:13:08.248,181214221500935,18121403,XBTZ18,3217.5,90,3218,57219,3217.75,3218
2018-12-14 03:13:09.263,181214221500935,18121403,XBTZ18,3217.5,20090,3218,3309,3217.75,3218
2018-12-14 03:13:12.052,181214221500935,18121403,XBTZ18,3217.5,967,3218,19738,3217.75,3218
2018-12-14 03:12:57.574,181214221500935,18121403,XBTZ18,3217.5,90,3218,54690,3217.75,3218
2018-12-14 03:12:59.730,181214221500935,18121403,XBTZ18,3217.5,90,3218,68116,3217.75,3218
2018-12-14 03:13:04.515,181214221500935,18121403,XBTZ18,3217.5,90,3218,54690,3217.75,3218
2018-12-14 03:13:08.318,181214221500935,18121403,XBTZ18,3217.5,20090,3218,16898,3217.75,3218
2018-12-14 03:13:10.899,181214221500935,18121403,XBTZ18,3217.5,20967,3218,3309,3217.75,3218
2018-12-14 03:13:13.876,181214221500935,18121403,XBTZ18,3217.5,967,3218,39733,3217.75,3218
2018-12-14 03:13:15.696,181214221500935,18121403,XBTZ18,3217,356,3217.5,18000,3217.25,3217.5
2018-12-14 03:13:16.025,181214221500935,18121403,XBTZ18,3216.5,10228,3217,2392,3216.75,3217
2018-12-14 03:13:16.563,181214221500935,18121403,XBTZ18,3216.5,10388,3217,20321,3216.75,3217
2018-12-14 03:13:17.321,181214221500935,18121403,XBTZ18,3216.5,10708,3217,39733,3216.75,3217
2018-12-14 03:12:52.362,181214221500935,18121403,XBTZ18,3217.5,90,3218,66460,3217.75,3218
2018-12-14 03:12:59.337,181214221500935,18121403,XBTZ18,3217.5,889,3218,68116,3217.75,3218
2018-12-14 03:13:00.906,181214221500936,18121403,XBTZ18,3217.5,90,3218,54690,3217.75,3218
2018-12-14 03:13:04.721,181214221500936,18121403,XBTZ18,3217.5,90,3218,68218,3217.75,3218
2018-12-14 03:13:06.225,181214221500936,18121403,XBTZ18,3217.5,90,3218,58218,3217.75,3218
2018-12-14 03:13:08.055,181214221500936,18121403,XBTZ18,3217.5,90,3218,58219,3217.75,3218
2018-12-14 03:13:08.270,181214221500936,18121403,XBTZ18,3217.5,20090,3218,37219,3217.75,3218
2018-12-14 03:13:15.747,181214221500936,18121403,XBTZ18,3216.5,10228,3217,321,3216.75,3217
2018-12-14 03:13:17.011,181214221500936,18121403,XBTZ18,3216.5,10708,3217,38642,3216.75,3217
2018-12-14 03:13:08.881,181214221500936,18121403,XBTZ18,3217.5,20090,3218,3309,3217.75,3218
2018-12-14 03:13:10.886,181214221500936,18121403,XBTZ18,3217.5,967,3218,3309,3217.75,3218
2018-12-14 03:13:12.930,181214221500936,18121403,XBTZ18,3217.5,967,3218,26309,3217.75,3218
2018-12-14 03:13:13.959,181214221500936,18121403,XBTZ18,3217.5,967,3218,39633,3217.75,3218
2018-12-14 03:13:15.561,181214221500936,18121403,XBTZ18,3217.5,967,3218,39530,3217.75,3218
2018-12-14 03:13:15.934,181214221500936,18121403,XBTZ18,3216.5,10228,3217,321,3216.75,3217
2018-12-14 03:13:16.498,181214221500936,18121403,XBTZ18,3216.5,10228,3217.5,18000,3217,3217.5
2018-12-14 03:13:18.322,181214221500936,18121403,XBTZ18,3216.5,10718,3217,60388,3216.75,3217
