id,timestamp,secondTime,hour,symbol,bidPrice,bidSize,askPrice,askSize,midPrice,microPrice
1522827,2018-12-21 05:48:17.279,1218054817,18122105,XBTUSD,3892,40798,3892.5,172265,3892.25,3892.5
1522830,2018-12-21 05:48:17.296,1218054817,18122105,XBTUSD,3892,40798,3892.5,179265,3892.25,3892.5
1522831,2018-12-21 05:48:17.317,1218054817,18122105,XBTUSD,3892,44446,3892.5,179265,3892.25,3892.5
1522832,2018-12-21 05:48:17.323,1218054817,18122105,XBTUSD,3892,44446,3892.5,186265,3892.25,3892.5
1522833,2018-12-21 05:48:17.326,1218054817,18122105,XBTUSD,3892,53458,3892.5,186265,3892.25,3892.5
1522834,2018-12-21 05:48:17.351,1218054817,18122105,XBTUSD,3892,60841,3892.5,186265,3892.25,3892.5
1522835,2018-12-21 05:48:17.355,1218054817,18122105,XBTUSD,3892,60841,3892.5,193265,3892.25,3892.5
1522836,2018-12-21 05:48:17.385,1218054817,18122105,XBTUSD,3892,65841,3892.5,193265,3892.25,3892.5
1522837,2018-12-21 05:48:17.387,1218054817,18122105,XBTUSD,3892,65841,3892.5,188265,3892.25,3892.5
1522838,2018-12-21 05:48:17.440,1218054817,18122105,XBTUSD,3892,65841,3892.5,195265,3892.25,3892.5
1522839,2018-12-21 05:48:17.447,1218054817,18122105,XBTUSD,3892,65841,3892.5,202265,3892.25,3892.5
1522840,2018-12-21 05:48:17.466,1218054817,18122105,XBTUSD,3892,65841,3892.5,209265,3892.25,3892.5
1522841,2018-12-21 05:48:17.499,1218054817,18122105,XBTUSD,3892,70841,3892.5,209265,3892.25,3892.5
1522842,2018-12-21 05:48:17.514,1218054817,18122105,XBTUSD,3892,70841,3892.5,208265,3892.25,3892.5
1522843,2018-12-21 05:48:17.522,1218054817,18122105,XBTUSD,3892,79856,3892.5,208265,3892.25,3892.5
1522844,2018-12-21 05:48:17.527,1218054817,18122105,XBTUSD,3892,79856,3892.5,218253,3892.25,3892.5
1522845,2018-12-21 05:48:17.532,1218054817,18122105,XBTUSD,3892,88889,3892.5,218253,3892.25,3892.5
1522846,2018-12-21 05:48:17.543,1218054817,18122105,XBTUSD,3892,197889,3892.5,218253,3892.25,3892.5
1522847,2018-12-21 05:48:17.562,1218054817,18122105,XBTUSD,3892,198889,3892.5,218253,3892.25,3892.5
1522848,2018-12-21 05:48:17.565,1218054817,18122105,XBTUSD,3892,188889,3892.5,218253,3892.25,3892.5
1522849,2018-12-21 05:48:17.587,1218054817,18122105,XBTUSD,3892,188889,3892.5,225253,3892.25,3892.5
1522850,2018-12-21 05:48:17.603,1218054817,18122105,XBTUSD,3892,188951,3892.5,225253,3892.25,3892.5
1522851,2018-12-21 05:48:17.604,1218054817,18122105,XBTUSD,3892,189951,3892.5,225253,3892.25,3892.5
1522852,2018-12-21 05:48:17.636,1218054817,18122105,XBTUSD,3892,189951,3892.5,222253,3892.25,3892.5
1522853,2018-12-21 05:48:17.666,1218054817,18122105,XBTUSD,3892,189951,3892.5,224753,3892.25,3892.5
1522854,2018-12-21 05:48:17.676,1218054817,18122105,XBTUSD,3892,193976,3892.5,224753,3892.25,3892.5
1522855,2018-12-21 05:48:17.693,1218054817,18122105,XBTUSD,3892,194576,3892.5,224753,3892.25,3892.5
1522856,2018-12-21 05:48:17.751,1218054817,18122105,XBTUSD,3892,194576,3892.5,221753,3892.25,3892.5
1522857,2018-12-21 05:48:17.791,1218054817,18122105,XBTUSD,3892,194576,3892.5,219424,3892.25,3892.5
1522858,2018-12-21 05:48:17.837,1218054817,18122105,XBTUSD,3892,194576,3892.5,223084,3892.25,3892.5
1522859,2018-12-21 05:48:17.841,1218054817,18122105,XBTUSD,3892,194576,3892.5,230084,3892.25,3892.5
1522860,2018-12-21 05:48:17.856,1218054817,18122105,XBTUSD,3892,194576,3892.5,229921,3892.25,3892.5
1522861,2018-12-21 05:48:17.861,1218054817,18122105,XBTUSD,3892,194576,3892.5,229742,3892.25,3892.5
1522862,2018-12-21 05:48:17.878,1218054817,18122105,XBTUSD,3892,194576,3892.5,229676,3892.25,3892.5
1522863,2018-12-21 05:48:17.885,1218054817,18122105,XBTUSD,3892,199576,3892.5,229676,3892.25,3892.5
1522864,2018-12-21 05:48:17.889,1218054817,18122105,XBTUSD,3892,199576,3892.5,143493,3892.25,3892.5
1522865,2018-12-21 05:48:17.927,1218054817,18122105,XBTUSD,3892,219576,3892.5,143493,3892.25,3892.5
1522866,2018-12-21 05:48:17.976,1218054817,18122105,XBTUSD,3892,219576,3892.5,143293,3892.25,3892.5
1522867,2018-12-21 05:48:18.034,1218054818,18122105,XBTUSD,3892,219576,3892.5,142893,3892.25,3892.5
1522868,2018-12-21 05:48:18.063,1218054818,18122105,XBTUSD,3892,236576,3892.5,142893,3892.25,3892.5
1522869,2018-12-21 05:48:18.063,1218054818,18122105,XBTUSD,3892,236601,3892.5,142893,3892.25,3892.5
1522870,2018-12-21 05:48:18.116,1218054818,18122105,XBTUSD,3892,226601,3892.5,142893,3892.25,3892.5
1522871,2018-12-21 05:48:18.129,1218054818,18122105,XBTUSD,3892,196601,3892.5,142893,3892.25,3892.5
1522872,2018-12-21 05:48:18.146,1218054818,18122105,XBTUSD,3892,196601,3892.5,142993,3892.25,3892.5
1522873,2018-12-21 05:48:18.157,1218054818,18122105,XBTUSD,3892,196601,3892.5,149993,3892.25,3892.5
1522874,2018-12-21 05:48:18.200,1218054818,18122105,XBTUSD,3892,196601,3892.5,150020,3892.25,3892.5
1522875,2018-12-21 05:48:18.207,1218054818,18122105,XBTUSD,3892,196601,3892.5,150024,3892.25,3892.5
1522876,2018-12-21 05:48:18.231,1218054818,18122105,XBTUSD,3892,201601,3892.5,150024,3892.25,3892.5
1522922,2018-12-21 05:48:18.371,1218054818,18122105,XBTUSD,3892,197639,3892.5,145225,3892.25,3892.5
1522932,2018-12-21 05:48:18.569,1218054818,18122105,XBTUSD,3892,195146,3892.5,124105,3892.25,3892.5
1522942,2018-12-21 05:48:18.610,1218054818,18122105,XBTUSD,3892,297396,3892.5,121855,3892.25,3892.5
1522958,2018-12-21 05:48:18.850,1218054818,18122105,XBTUSD,3892,196383,3892.5,119245,3892.25,3892.5
1522970,2018-12-21 05:48:19.180,1218054819,18122105,XBTUSD,3892,196949,3892.5,106394,3892.25,3892.5
1523023,2018-12-21 05:48:19.490,1218054819,18122105,XBTUSD,3892,181119,3892.5,75025,3892.25,3892.5
1523037,2018-12-21 05:48:19.673,1218054819,18122105,XBTUSD,3892,143120,3892.5,43554,3892.25,3892.5
1523047,2018-12-21 05:48:19.817,1218054819,18122105,XBTUSD,3892,139328,3892.5,43676,3892.25,3892.5
1522919,2018-12-21 05:48:18.304,1218054818,18122105,XBTUSD,3892,202639,3892.5,150024,3892.25,3892.5
1522931,2018-12-21 05:48:18.557,1218054818,18122105,XBTUSD,3892,190146,3892.5,124105,3892.25,3892.5
1522941,2018-12-21 05:48:18.605,1218054818,18122105,XBTUSD,3892,277396,3892.5,121855,3892.25,3892.5
1522951,2018-12-21 05:48:18.737,1218054818,18122105,XBTUSD,3892,304695,3892.5,129733,3892.25,3892.5
1522967,2018-12-21 05:48:19.090,1218054819,18122105,XBTUSD,3892,196949,3892.5,105495,3892.25,3892.5
1523014,2018-12-21 05:48:19.189,1218054819,18122105,XBTUSD,3892,196949,3892.5,105394,3892.25,3892.5
1523028,2018-12-21 05:48:19.596,1218054819,18122105,XBTUSD,3892,137119,3892.5,77025,3892.25,3892.5
1523038,2018-12-21 05:48:19.701,1218054819,18122105,XBTUSD,3892,146120,3892.5,43554,3892.25,3892.5
1523048,2018-12-21 05:48:19.834,1218054819,18122105,XBTUSD,3892,139328,3892.5,40346,3892.25,3892.5
1522923,2018-12-21 05:48:18.388,1218054818,18122105,XBTUSD,3892,197639,3892.5,150025,3892.25,3892.5
1522933,2018-12-21 05:48:18.574,1218054818,18122105,XBTUSD,3892,200146,3892.5,124105,3892.25,3892.5
1522943,2018-12-21 05:48:18.616,1218054818,18122105,XBTUSD,3892,293596,3892.5,121855,3892.25,3892.5
1522952,2018-12-21 05:48:18.745,1218054818,18122105,XBTUSD,3892,304445,3892.5,129733,3892.25,3892.5
1522961,2018-12-21 05:48:18.882,1218054818,18122105,XBTUSD,3892,194983,3892.5,116245,3892.25,3892.5
1523019,2018-12-21 05:48:19.239,1218054819,18122105,XBTUSD,3892,186119,3892.5,105325,3892.25,3892.5
1523029,2018-12-21 05:48:19.614,1218054819,18122105,XBTUSD,3892,140119,3892.5,77025,3892.25,3892.5
1523039,2018-12-21 05:48:19.704,1218054819,18122105,XBTUSD,3892,116120,3892.5,43554,3892.25,3892.5
1523049,2018-12-21 05:48:19.850,1218054819,18122105,XBTUSD,3892,137328,3892.5,40346,3892.25,3892.5
1522924,2018-12-21 05:48:18.393,1218054818,18122105,XBTUSD,3892,197639,3892.5,153355,3892.25,3892.5
1522934,2018-12-21 05:48:18.577,1218054818,18122105,XBTUSD,3892,230146,3892.5,124105,3892.25,3892.5
1522944,2018-12-21 05:48:18.634,1218054818,18122105,XBTUSD,3892,293620,3892.5,121855,3892.25,3892.5
1522953,2018-12-21 05:48:18.759,1218054818,18122105,XBTUSD,3892,309445,3892.5,129733,3892.25,3892.5
1522962,2018-12-21 05:48:18.897,1218054818,18122105,XBTUSD,3892,194983,3892.5,106245,3892.25,3892.5
1523020,2018-12-21 05:48:19.277,1218054819,18122105,XBTUSD,3892,186119,3892.5,81025,3892.25,3892.5
1523030,2018-12-21 05:48:19.618,1218054819,18122105,XBTUSD,3892,144119,3892.5,77025,3892.25,3892.5
1523040,2018-12-21 05:48:19.713,1218054819,18122105,XBTUSD,3892,114120,3892.5,43554,3892.25,3892.5
1523050,2018-12-21 05:48:19.863,1218054819,18122105,XBTUSD,3892,137268,3892.5,40346,3892.25,3892.5
1522925,2018-12-21 05:48:18.482,1218054818,18122105,XBTUSD,3892,200639,3892.5,153355,3892.25,3892.5
1522935,2018-12-21 05:48:18.583,1218054818,18122105,XBTUSD,3892,230396,3892.5,124105,3892.25,3892.5
1522945,2018-12-21 05:48:18.636,1218054818,18122105,XBTUSD,3892,293680,3892.5,121855,3892.25,3892.5
1522954,2018-12-21 05:48:18.804,1218054818,18122105,XBTUSD,3892,309383,3892.5,129733,3892.25,3892.5
1522963,2018-12-21 05:48:18.913,1218054818,18122105,XBTUSD,3892,195564,3892.5,106245,3892.25,3892.5
1523021,2018-12-21 05:48:19.430,1218054819,18122105,XBTUSD,3892,186119,3892.5,80025,3892.25,3892.5
1523031,2018-12-21 05:48:19.620,1218054819,18122105,XBTUSD,3892,144119,3892.5,71899,3892.25,3892.5
1523041,2018-12-21 05:48:19.735,1218054819,18122105,XBTUSD,3892,111620,3892.5,43554,3892.25,3892.5
1523051,2018-12-21 05:48:19.891,1218054819,18122105,XBTUSD,3892,137268,3892.5,47346,3892.25,3892.5
1522916,2018-12-21 05:48:18.254,1218054818,18122105,XBTUSD,3892,201701,3892.5,150024,3892.25,3892.5
1522926,2018-12-21 05:48:18.494,1218054818,18122105,XBTUSD,3892,200639,3892.5,151105,3892.25,3892.5
1522936,2018-12-21 05:48:18.588,1218054818,18122105,XBTUSD,3892,235396,3892.5,124105,3892.25,3892.5
1522946,2018-12-21 05:48:18.645,1218054818,18122105,XBTUSD,3892,298680,3892.5,121855,3892.25,3892.5
1522955,2018-12-21 05:48:18.819,1218054818,18122105,XBTUSD,3892,305383,3892.5,129733,3892.25,3892.5
1522964,2018-12-21 05:48:18.939,1218054818,18122105,XBTUSD,3892,194964,3892.5,106495,3892.25,3892.5
1523022,2018-12-21 05:48:19.454,1218054819,18122105,XBTUSD,3892,186119,3892.5,75025,3892.25,3892.5
1523032,2018-12-21 05:48:19.627,1218054819,18122105,XBTUSD,3892,144119,3892.5,51899,3892.25,3892.5
1523042,2018-12-21 05:48:19.747,1218054819,18122105,XBTUSD,3892,111620,3892.5,43676,3892.25,3892.5
1523052,2018-12-21 05:48:19.905,1218054819,18122105,XBTUSD,3892,137418,3892.5,47096,3892.25,3892.5
1522917,2018-12-21 05:48:18.261,1218054818,18122105,XBTUSD,3892,202701,3892.5,150024,3892.25,3892.5
1522927,2018-12-21 05:48:18.497,1218054818,18122105,XBTUSD,3892,191096,3892.5,151105,3892.25,3892.5
1522937,2018-12-21 05:48:18.591,1218054818,18122105,XBTUSD,3892,245396,3892.5,124105,3892.25,3892.5
1522947,2018-12-21 05:48:18.659,1218054818,18122105,XBTUSD,3892,303680,3892.5,121855,3892.25,3892.5
1522956,2018-12-21 05:48:18.830,1218054818,18122105,XBTUSD,3892,305383,3892.5,119745,3892.25,3892.5
1522965,2018-12-21 05:48:18.966,1218054818,18122105,XBTUSD,3892,184949,3892.5,106495,3892.25,3892.5
1523017,2018-12-21 05:48:19.237,1218054819,18122105,XBTUSD,3892,186099,3892.5,105375,3892.25,3892.5
1523026,2018-12-21 05:48:19.567,1218054819,18122105,XBTUSD,3892,131119,3892.5,77025,3892.25,3892.5
1523035,2018-12-21 05:48:19.658,1218054819,18122105,XBTUSD,3892,146120,3892.5,51899,3892.25,3892.5
1523045,2018-12-21 05:48:19.804,1218054819,18122105,XBTUSD,3892,134328,3892.5,43676,3892.25,3892.5
1523055,2018-12-21 05:48:19.985,1218054819,18122105,XBTUSD,3892,137418,3892.5,45869,3892.25,3892.5
1522918,2018-12-21 05:48:18.287,1218054818,18122105,XBTUSD,3892,202739,3892.5,150024,3892.25,3892.5
1522928,2018-12-21 05:48:18.513,1218054818,18122105,XBTUSD,3892,191096,3892.5,148105,3892.25,3892.5
1522938,2018-12-21 05:48:18.593,1218054818,18122105,XBTUSD,3892,255396,3892.5,124105,3892.25,3892.5
1522948,2018-12-21 05:48:18.662,1218054818,18122105,XBTUSD,3892,303680,3892.5,130200,3892.25,3892.5
1522957,2018-12-21 05:48:18.847,1218054818,18122105,XBTUSD,3892,196383,3892.5,119745,3892.25,3892.5
1522966,2018-12-21 05:48:19.003,1218054819,18122105,XBTUSD,3892,184949,3892.5,105495,3892.25,3892.5
1523018,2018-12-21 05:48:19.238,1218054819,18122105,XBTUSD,3892,186119,3892.5,105375,3892.25,3892.5
1523027,2018-12-21 05:48:19.583,1218054819,18122105,XBTUSD,3892,130119,3892.5,77025,3892.25,3892.5
1523036,2018-12-21 05:48:19.666,1218054819,18122105,XBTUSD,3892,143120,3892.5,51899,3892.25,3892.5
1523046,2018-12-21 05:48:19.814,1218054819,18122105,XBTUSD,3892,136328,3892.5,43676,3892.25,3892.5
1523056,2018-12-21 05:48:19.998,1218054819,18122105,XBTUSD,3892,138391,3892.5,45869,3892.25,3892.5
1522920,2018-12-21 05:48:18.340,1218054818,18122105,XBTUSD,3892,202639,3892.5,145224,3892.25,3892.5
1522929,2018-12-21 05:48:18.522,1218054818,18122105,XBTUSD,3892,189896,3892.5,148105,3892.25,3892.5
1522939,2018-12-21 05:48:18.598,1218054818,18122105,XBTUSD,3892,257396,3892.5,124105,3892.25,3892.5
1522949,2018-12-21 05:48:18.675,1218054818,18122105,XBTUSD,3892,294680,3892.5,130200,3892.25,3892.5
1522959,2018-12-21 05:48:18.859,1218054818,18122105,XBTUSD,3892,195383,3892.5,119245,3892.25,3892.5
1522968,2018-12-21 05:48:19.120,1218054819,18122105,XBTUSD,3892,196949,3892.5,105175,3892.25,3892.5
1523015,2018-12-21 05:48:19.208,1218054819,18122105,XBTUSD,3892,196949,3892.5,105375,3892.25,3892.5
1523024,2018-12-21 05:48:19.523,1218054819,18122105,XBTUSD,3892,181119,3892.5,80025,3892.25,3892.5
1523033,2018-12-21 05:48:19.647,1218054819,18122105,XBTUSD,3892,146119,3892.5,51899,3892.25,3892.5
1523043,2018-12-21 05:48:19.758,1218054819,18122105,XBTUSD,3892,131620,3892.5,43676,3892.25,3892.5
1523053,2018-12-21 05:48:19.927,1218054819,18122105,XBTUSD,3892,137418,3892.5,57129,3892.25,3892.5
1522921,2018-12-21 05:48:18.342,1218054818,18122105,XBTUSD,3892,197639,3892.5,145224,3892.25,3892.5
1522930,2018-12-21 05:48:18.537,1218054818,18122105,XBTUSD,3892,189896,3892.5,124105,3892.25,3892.5
1522940,2018-12-21 05:48:18.603,1218054818,18122105,XBTUSD,3892,277396,3892.5,124105,3892.25,3892.5
1522950,2018-12-21 05:48:18.706,1218054818,18122105,XBTUSD,3892,294680,3892.5,129733,3892.25,3892.5
1522960,2018-12-21 05:48:18.863,1218054818,18122105,XBTUSD,3892,194983,3892.5,119245,3892.25,3892.5
1522969,2018-12-21 05:48:19.157,1218054819,18122105,XBTUSD,3892,196949,3892.5,105194,3892.25,3892.5
1523016,2018-12-21 05:48:19.224,1218054819,18122105,XBTUSD,3892,198099,3892.5,105375,3892.25,3892.5
1523025,2018-12-21 05:48:19.546,1218054819,18122105,XBTUSD,3892,181119,3892.5,77025,3892.25,3892.5
1523034,2018-12-21 05:48:19.654,1218054819,18122105,XBTUSD,3892,146144,3892.5,51899,3892.25,3892.5
1523044,2018-12-21 05:48:19.776,1218054819,18122105,XBTUSD,3892,131828,3892.5,43676,3892.25,3892.5
1523054,2018-12-21 05:48:19.980,1218054819,18122105,XBTUSD,3892,137418,3892.5,52869,3892.25,3892.5
1523115,2018-12-21 05:54:29.425,1218055429,18122105,XBTUSD,3926.5,47805,3927,695224,3926.75,3927
1523120,2018-12-21 05:54:29.486,1218055429,18122105,XBTUSD,3926.5,46205,3927,695224,3926.75,3927
1523121,2018-12-21 05:54:29.492,1218055429,18122105,XBTUSD,3926.5,46205,3927,697224,3926.75,3927
1523122,2018-12-21 05:54:29.502,1218055429,18122105,XBTUSD,3926.5,43205,3927,697224,3926.75,3927
1523123,2018-12-21 05:54:29.511,1218055429,18122105,XBTUSD,3926.5,43205,3927,697286,3926.75,3927
1523124,2018-12-21 05:54:29.522,1218055429,18122105,XBTUSD,3926.5,43205,3927,698787,3926.75,3927
1523125,2018-12-21 05:54:29.523,1218055429,18122105,XBTUSD,3926.5,58205,3927,698787,3926.75,3927
1523126,2018-12-21 05:54:29.547,1218055429,18122105,XBTUSD,3926.5,58205,3927,700833,3926.75,3927
1523127,2018-12-21 05:54:29.561,1218055429,18122105,XBTUSD,3926.5,57705,3927,700833,3926.75,3927
1523128,2018-12-21 05:54:29.579,1218055429,18122105,XBTUSD,3926.5,57705,3927,700872,3926.75,3927
1523129,2018-12-21 05:54:29.589,1218055429,18122105,XBTUSD,3926.5,53705,3927,700872,3926.75,3927
1523130,2018-12-21 05:54:29.625,1218055429,18122105,XBTUSD,3926.5,33705,3927,700872,3926.75,3927
1523131,2018-12-21 05:54:29.705,1218055429,18122105,XBTUSD,3926.5,33755,3927,700872,3926.75,3927
1523132,2018-12-21 05:54:29.778,1218055429,18122105,XBTUSD,3926.5,33755,3927,703026,3926.75,3927
1523133,2018-12-21 05:54:29.968,1218055429,18122105,XBTUSD,3926.5,33755,3927,702726,3926.75,3927
1523156,2018-12-21 05:54:30.006,1218055430,18122105,XBTUSD,3926.5,33755,3927,702826,3926.75,3927
1523157,2018-12-21 05:54:30.010,1218055430,18122105,XBTUSD,3926.5,32755,3927,702826,3926.75,3927
1523158,2018-12-21 05:54:30.020,1218055430,18122105,XBTUSD,3926.5,32755,3927,702824,3926.75,3927
1523159,2018-12-21 05:54:31.273,1218055431,18122105,XBTUSD,3926.5,32755,3927,703824,3926.75,3927
1523160,2018-12-21 05:54:31.288,1218055431,18122105,XBTUSD,3926.5,32755,3927,703934,3926.75,3927
1523161,2018-12-21 05:54:31.296,1218055431,18122105,XBTUSD,3926.5,32755,3927,705934,3926.75,3927
1523173,2018-12-21 05:54:31.374,1218055431,18122105,XBTUSD,3926.5,32793,3927,705927,3926.75,3927
1523183,2018-12-21 05:54:31.559,1218055431,18122105,XBTUSD,3926.5,42893,3927,561927,3926.75,3927
1523193,2018-12-21 05:54:31.766,1218055431,18122105,XBTUSD,3926.5,42058,3927,522686,3926.75,3927
1523211,2018-12-21 05:54:31.802,1218055431,18122105,XBTUSD,3926.5,39058,3927,521486,3926.75,3927
1523221,2018-12-21 05:54:31.944,1218055431,18122105,XBTUSD,3926.5,37058,3927,550461,3926.75,3927
1523231,2018-12-21 05:54:32.093,1218055432,18122105,XBTUSD,3926.5,33058,3927,552487,3926.75,3927
1523241,2018-12-21 05:54:32.189,1218055432,18122105,XBTUSD,3926.5,32358,3927,533695,3926.75,3927
1523291,2018-12-21 05:54:32.312,1218055432,18122105,XBTUSD,3926.5,53358,3927,525828,3926.75,3927
1523301,2018-12-21 05:54:32.482,1218055432,18122105,XBTUSD,3926,9647,3926.5,151776,3926.25,3926.5
1523331,2018-12-21 05:54:32.789,1218055432,18122105,XBTUSD,3926,8168,3926.5,264907,3926.25,3926.5
1523341,2018-12-21 05:54:33.075,1218055433,18122105,XBTUSD,3926,10168,3926.5,416043,3926.25,3926.5
1523381,2018-12-21 05:54:33.699,1218055433,18122105,XBTUSD,3926,5168,3926.5,398256,3926.25,3926.5
1523391,2018-12-21 05:54:33.887,1218055433,18122105,XBTUSD,3926,5588,3926.5,212994,3926.25,3926.5
1523401,2018-12-21 05:54:34.029,1218055434,18122105,XBTUSD,3926,15610,3926.5,142876,3926.25,3926.5
1523421,2018-12-21 05:54:34.319,1218055434,18122105,XBTUSD,3926,9610,3926.5,107292,3926.25,3926.5
1523431,2018-12-21 05:54:34.549,1218055434,18122105,XBTUSD,3926,11522,3926.5,107292,3926.25,3926.5
1523456,2018-12-21 05:54:39.400,1218055439,18122105,XBTUSD,3926,18633,3926.5,107125,3926.25,3926.5
1523476,2018-12-21 05:54:39.559,1218055439,18122105,XBTUSD,3926,15863,3926.5,238354,3926.25,3926.5
1523486,2018-12-21 05:54:39.706,1218055439,18122105,XBTUSD,3926,14363,3926.5,272408,3926.25,3926.5
1523496,2018-12-21 05:54:39.782,1218055439,18122105,XBTUSD,3926,14363,3926.5,333430,3926.25,3926.5
1523506,2018-12-21 05:54:39.892,1218055439,18122105,XBTUSD,3926,25000,3926.5,355661,3926.25,3926.5
1523518,2018-12-21 05:54:40.026,1218055440,18122105,XBTUSD,3926,22014,3926.5,532751,3926.25,3926.5
1523543,2018-12-21 05:54:41.018,1218055441,18122105,XBTUSD,3926,21914,3926.5,558441,3926.25,3926.5
1523553,2018-12-21 05:54:41.080,1218055441,18122105,XBTUSD,3926,20914,3926.5,610441,3926.25,3926.5
1523565,2018-12-21 05:54:41.183,1218055441,18122105,XBTUSD,3926,20534,3926.5,612900,3926.25,3926.5
1523575,2018-12-21 05:54:41.349,1218055441,18122105,XBTUSD,3926,18534,3926.5,627293,3926.25,3926.5
1523585,2018-12-21 05:54:41.475,1218055441,18122105,XBTUSD,3926,26534,3926.5,371793,3926.25,3926.5
1523614,2018-12-21 05:54:41.804,1218055441,18122105,XBTUSD,3926,154474,3926.5,403118,3926.25,3926.5
1523624,2018-12-21 05:54:41.910,1218055441,18122105,XBTUSD,3926,163474,3926.5,429073,3926.25,3926.5
1523642,2018-12-21 05:54:42.086,1218055442,18122105,XBTUSD,3926,163774,3926.5,298946,3926.25,3926.5
1523652,2018-12-21 05:54:42.308,1218055442,18122105,XBTUSD,3926,198774,3926.5,342481,3926.25,3926.5
1523687,2018-12-21 05:54:42.481,1218055442,18122105,XBTUSD,3926,199774,3926.5,380937,3926.25,3926.5
1523697,2018-12-21 05:54:42.824,1218055442,18122105,XBTUSD,3926,178574,3926.5,383809,3926.25,3926.5
1523750,2018-12-21 05:54:42.962,1218055442,18122105,XBTUSD,3926,189479,3926.5,360559,3926.25,3926.5
1523765,2018-12-21 05:54:43.695,1218055443,18122105,XBTUSD,3926,195447,3926.5,332979,3926.25,3926.5
1523795,2018-12-21 05:54:43.863,1218055443,18122105,XBTUSD,3926,203047,3926.5,319545,3926.25,3926.5
1523805,2018-12-21 05:54:44.012,1218055444,18122105,XBTUSD,3926,213271,3926.5,300813,3926.25,3926.5
1523816,2018-12-21 05:54:44.154,1218055444,18122105,XBTUSD,3926,233272,3926.5,292813,3926.25,3926.5
1523828,2018-12-21 05:54:44.352,1218055444,18122105,XBTUSD,3926,238537,3926.5,284842,3926.25,3926.5
1523915,2018-12-21 05:54:44.682,1218055444,18122105,XBTUSD,3926,241077,3926.5,320011,3926.25,3926.5
1523925,2018-12-21 05:54:44.836,1218055444,18122105,XBTUSD,3926,251374,3926.5,205804,3926.25,3926.5
1523943,2018-12-21 05:54:48.331,1218055448,18122105,XBTUSD,3926,258295,3926.5,204000,3926.25,3926.5
1523953,2018-12-21 05:54:48.625,1218055448,18122105,XBTUSD,3926,258295,3926.5,111183,3926.25,3926.5
1523963,2018-12-21 05:54:48.884,1218055448,18122105,XBTUSD,3926,250038,3926.5,105691,3926.25,3926.5
1524015,2018-12-21 05:54:49.313,1218055449,18122105,XBTUSD,3926,266765,3926.5,115672,3926.25,3926.5
1524025,2018-12-21 05:54:49.678,1218055449,18122105,XBTUSD,3926,279765,3926.5,148469,3926.25,3926.5
1523174,2018-12-21 05:54:31.383,1218055431,18122105,XBTUSD,3926.5,32793,3927,715927,3926.75,3927
1523184,2018-12-21 05:54:31.566,1218055431,18122105,XBTUSD,3926.5,42893,3927,562499,3926.75,3927
1523194,2018-12-21 05:54:31.771,1218055431,18122105,XBTUSD,3926.5,39058,3927,522686,3926.75,3927
1523219,2018-12-21 05:54:31.891,1218055431,18122105,XBTUSD,3926.5,37058,3927,549961,3926.75,3927
1523229,2018-12-21 05:54:32.078,1218055432,18122105,XBTUSD,3926.5,32058,3927,552043,3926.75,3927
1523239,2018-12-21 05:54:32.182,1218055432,18122105,XBTUSD,3926.5,32858,3927,534095,3926.75,3927
1523298,2018-12-21 05:54:32.422,1218055432,18122105,XBTUSD,3926.5,53548,3927,523309,3926.75,3927
1523308,2018-12-21 05:54:32.718,1218055432,18122105,XBTUSD,3926,8147,3926.5,235333,3926.25,3926.5
1523338,2018-12-21 05:54:32.927,1218055432,18122105,XBTUSD,3926,11168,3926.5,416020,3926.25,3926.5
1523377,2018-12-21 05:54:33.551,1218055433,18122105,XBTUSD,3926,5168,3926.5,416516,3926.25,3926.5
1523387,2018-12-21 05:54:33.798,1218055433,18122105,XBTUSD,3926,8088,3926.5,226061,3926.25,3926.5
1523397,2018-12-21 05:54:33.947,1218055433,18122105,XBTUSD,3926,13500,3926.5,177420,3926.25,3926.5
1523407,2018-12-21 05:54:34.277,1218055434,18122105,XBTUSD,3926,9610,3926.5,107292,3926.25,3926.5
1523427,2018-12-21 05:54:34.431,1218055434,18122105,XBTUSD,3926,11522,3926.5,107292,3926.25,3926.5
1523437,2018-12-21 05:54:34.683,1218055434,18122105,XBTUSD,3926,14522,3926.5,107292,3926.25,3926.5
1523449,2018-12-21 05:54:39.140,1218055439,18122105,XBTUSD,3926,14522,3926.5,112292,3926.25,3926.5
1523459,2018-12-21 05:54:39.425,1218055439,18122105,XBTUSD,3926,15863,3926.5,107569,3926.25,3926.5
1523472,2018-12-21 05:54:39.526,1218055439,18122105,XBTUSD,3926,15863,3926.5,137354,3926.25,3926.5
1523482,2018-12-21 05:54:39.689,1218055439,18122105,XBTUSD,3926,14363,3926.5,242406,3926.25,3926.5
1523492,2018-12-21 05:54:39.729,1218055439,18122105,XBTUSD,3926,14363,3926.5,315878,3926.25,3926.5
1523502,2018-12-21 05:54:39.858,1218055439,18122105,XBTUSD,3925.5,1409,3926.5,343948,3926,3926.5
1523512,2018-12-21 05:54:39.971,1218055439,18122105,XBTUSD,3926,25014,3926.5,377489,3926.25,3926.5
1523544,2018-12-21 05:54:41.020,1218055441,18122105,XBTUSD,3926,21914,3926.5,565441,3926.25,3926.5
1523554,2018-12-21 05:54:41.083,1218055441,18122105,XBTUSD,3926,20914,3926.5,610411,3926.25,3926.5
1523563,2018-12-21 05:54:41.135,1218055441,18122105,XBTUSD,3926,20534,3926.5,612918,3926.25,3926.5
1523573,2018-12-21 05:54:41.315,1218055441,18122105,XBTUSD,3926,18534,3926.5,626693,3926.25,3926.5
1523583,2018-12-21 05:54:41.432,1218055441,18122105,XBTUSD,3926,28534,3926.5,621793,3926.25,3926.5
1523616,2018-12-21 05:54:41.808,1218055441,18122105,XBTUSD,3926,155474,3926.5,410118,3926.25,3926.5
1523626,2018-12-21 05:54:41.914,1218055441,18122105,XBTUSD,3926,164474,3926.5,429103,3926.25,3926.5
1523638,2018-12-21 05:54:42.019,1218055442,18122105,XBTUSD,3926,161674,3926.5,297733,3926.25,3926.5
1523648,2018-12-21 05:54:42.266,1218055442,18122105,XBTUSD,3926,200774,3926.5,337731,3926.25,3926.5
1523683,2018-12-21 05:54:42.429,1218055442,18122105,XBTUSD,3926,199774,3926.5,346937,3926.25,3926.5
1523693,2018-12-21 05:54:42.624,1218055442,18122105,XBTUSD,3926,173774,3926.5,383809,3926.25,3926.5
1523703,2018-12-21 05:54:42.906,1218055442,18122105,XBTUSD,3926,189479,3926.5,399809,3926.25,3926.5
1523753,2018-12-21 05:54:43.256,1218055443,18122105,XBTUSD,3926,186419,3926.5,361508,3926.25,3926.5
1523762,2018-12-21 05:54:43.560,1218055443,18122105,XBTUSD,3926,195447,3926.5,369979,3926.25,3926.5
1523792,2018-12-21 05:54:43.851,1218055443,18122105,XBTUSD,3926,202047,3926.5,323620,3926.25,3926.5
1523801,2018-12-21 05:54:43.946,1218055443,18122105,XBTUSD,3926,203237,3926.5,299813,3926.25,3926.5
1523811,2018-12-21 05:54:44.111,1218055444,18122105,XBTUSD,3926,210272,3926.5,292813,3926.25,3926.5
1523821,2018-12-21 05:54:44.255,1218055444,18122105,XBTUSD,3926,240977,3926.5,291842,3926.25,3926.5
1523831,2018-12-21 05:54:44.404,1218055444,18122105,XBTUSD,3926,252537,3926.5,292089,3926.25,3926.5
1523910,2018-12-21 05:54:44.576,1218055444,18122105,XBTUSD,3926,244537,3926.5,318446,3926.25,3926.5
1523920,2018-12-21 05:54:44.749,1218055444,18122105,XBTUSD,3926,253297,3926.5,327487,3926.25,3926.5
1523930,2018-12-21 05:54:45.021,1218055445,18122105,XBTUSD,3926,258440,3926.5,204000,3926.25,3926.5
1523949,2018-12-21 05:54:48.447,1218055448,18122105,XBTUSD,3926,258295,3926.5,126030,3926.25,3926.5
1523959,2018-12-21 05:54:48.753,1218055448,18122105,XBTUSD,3926,258038,3926.5,105879,3926.25,3926.5
1524018,2018-12-21 05:54:49.339,1218055449,18122105,XBTUSD,3926,266765,3926.5,103237,3926.25,3926.5
1524028,2018-12-21 05:54:49.766,1218055449,18122105,XBTUSD,3926,269765,3926.5,151469,3926.25,3926.5
1523176,2018-12-21 05:54:31.465,1218055431,18122105,XBTUSD,3926.5,32793,3927,736927,3926.75,3927
1523186,2018-12-21 05:54:31.585,1218055431,18122105,XBTUSD,3926.5,42893,3927,564309,3926.75,3927
1523195,2018-12-21 05:54:31.780,1218055431,18122105,XBTUSD,3926.5,39058,3927,524686,3926.75,3927
1523218,2018-12-21 05:54:31.867,1218055431,18122105,XBTUSD,3926.5,37058,3927,547998,3926.75,3927
1523228,2018-12-21 05:54:32.041,1218055432,18122105,XBTUSD,3926.5,32058,3927,555043,3926.75,3927
1523238,2018-12-21 05:54:32.178,1218055432,18122105,XBTUSD,3926.5,32858,3927,541095,3926.75,3927
1523299,2018-12-21 05:54:32.430,1218055432,18122105,XBTUSD,3926.5,54389,3927,523309,3926.75,3927
1523309,2018-12-21 05:54:32.742,1218055432,18122105,XBTUSD,3926,8147,3926.5,234333,3926.25,3926.5
1523329,2018-12-21 05:54:32.754,1218055432,18122105,XBTUSD,3926,8147,3926.5,269907,3926.25,3926.5
1523339,2018-12-21 05:54:32.958,1218055432,18122105,XBTUSD,3926,11168,3926.5,416010,3926.25,3926.5
1523378,2018-12-21 05:54:33.563,1218055433,18122105,XBTUSD,3926,5168,3926.5,420516,3926.25,3926.5
1523388,2018-12-21 05:54:33.822,1218055433,18122105,XBTUSD,3926,2588,3926.5,226061,3926.25,3926.5
1523398,2018-12-21 05:54:33.980,1218055433,18122105,XBTUSD,3926,13500,3926.5,142841,3926.25,3926.5
1523408,2018-12-21 05:54:34.298,1218055434,18122105,XBTUSD,3926,7522,3926.5,107292,3926.25,3926.5
1523428,2018-12-21 05:54:34.450,1218055434,18122105,XBTUSD,3926,13610,3926.5,107292,3926.25,3926.5
1523450,2018-12-21 05:54:39.140,1218055439,18122105,XBTUSD,3926,14522,3926.5,113125,3926.25,3926.5
1523460,2018-12-21 05:54:39.487,1218055439,18122105,XBTUSD,3926,15863,3926.5,117569,3926.25,3926.5
1523473,2018-12-21 05:54:39.531,1218055439,18122105,XBTUSD,3926,15863,3926.5,223354,3926.25,3926.5
1523483,2018-12-21 05:54:39.690,1218055439,18122105,XBTUSD,3926,14363,3926.5,249406,3926.25,3926.5
1523493,2018-12-21 05:54:39.739,1218055439,18122105,XBTUSD,3926,14363,3926.5,318536,3926.25,3926.5
1523503,2018-12-21 05:54:39.864,1218055439,18122105,XBTUSD,3925.5,1409,3926.5,343967,3926,3926.5
1523513,2018-12-21 05:54:39.992,1218055439,18122105,XBTUSD,3926,25014,3926.5,514489,3926.25,3926.5
1523536,2018-12-21 05:54:40.905,1218055440,18122105,XBTUSD,3926,22014,3926.5,537251,3926.25,3926.5
1523546,2018-12-21 05:54:41.025,1218055441,18122105,XBTUSD,3926,21914,3926.5,579441,3926.25,3926.5
1523556,2018-12-21 05:54:41.109,1218055441,18122105,XBTUSD,3926,20534,3926.5,610411,3926.25,3926.5
1523562,2018-12-21 05:54:41.134,1218055441,18122105,XBTUSD,3926,20534,3926.5,610926,3926.25,3926.5
1523572,2018-12-21 05:54:41.227,1218055441,18122105,XBTUSD,3926,18534,3926.5,625693,3926.25,3926.5
1523582,2018-12-21 05:54:41.422,1218055441,18122105,XBTUSD,3926,28534,3926.5,624293,3926.25,3926.5
1523592,2018-12-21 05:54:41.730,1218055441,18122105,XBTUSD,3926,155474,3926.5,396118,3926.25,3926.5
1523617,2018-12-21 05:54:41.811,1218055441,18122105,XBTUSD,3926,155474,3926.5,420118,3926.25,3926.5
1523627,2018-12-21 05:54:41.916,1218055441,18122105,XBTUSD,3926,161674,3926.5,429103,3926.25,3926.5
1523636,2018-12-21 05:54:42.016,1218055442,18122105,XBTUSD,3926,161674,3926.5,296063,3926.25,3926.5
1523646,2018-12-21 05:54:42.217,1218055442,18122105,XBTUSD,3926,198774,3926.5,339981,3926.25,3926.5
1523690,2018-12-21 05:54:42.538,1218055442,18122105,XBTUSD,3926,173774,3926.5,383759,3926.25,3926.5
1523700,2018-12-21 05:54:42.872,1218055442,18122105,XBTUSD,3926,180574,3926.5,388809,3926.25,3926.5
1523759,2018-12-21 05:54:43.433,1218055443,18122105,XBTUSD,3926,185447,3926.5,373979,3926.25,3926.5
1523769,2018-12-21 05:54:43.754,1218055443,18122105,XBTUSD,3926,205447,3926.5,325180,3926.25,3926.5
1523788,2018-12-21 05:54:43.762,1218055443,18122105,XBTUSD,3926,204447,3926.5,325180,3926.25,3926.5
1523798,2018-12-21 05:54:43.892,1218055443,18122105,XBTUSD,3926,203047,3926.5,303713,3926.25,3926.5
1523808,2018-12-21 05:54:44.086,1218055444,18122105,XBTUSD,3926,203272,3926.5,296813,3926.25,3926.5
1523818,2018-12-21 05:54:44.189,1218055444,18122105,XBTUSD,3926,241006,3926.5,292813,3926.25,3926.5
1523827,2018-12-21 05:54:44.312,1218055444,18122105,XBTUSD,3926,242977,3926.5,284842,3926.25,3926.5
1523837,2018-12-21 05:54:44.457,1218055444,18122105,XBTUSD,3926,262537,3926.5,293333,3926.25,3926.5
1523907,2018-12-21 05:54:44.514,1218055444,18122105,XBTUSD,3926,262537,3926.5,296333,3926.25,3926.5
1523917,2018-12-21 05:54:44.698,1218055444,18122105,XBTUSD,3926,241077,3926.5,318546,3926.25,3926.5
1523927,2018-12-21 05:54:44.905,1218055444,18122105,XBTUSD,3926,251474,3926.5,206000,3926.25,3926.5
1523946,2018-12-21 05:54:48.362,1218055448,18122105,XBTUSD,3926,258295,3926.5,195030,3926.25,3926.5
1523956,2018-12-21 05:54:48.695,1218055448,18122105,XBTUSD,3926,258116,3926.5,104183,3926.25,3926.5
1523966,2018-12-21 05:54:48.960,1218055448,18122105,XBTUSD,3926,255038,3926.5,115691,3926.25,3926.5
1523177,2018-12-21 05:54:31.504,1218055431,18122105,XBTUSD,3926.5,32793,3927,788927,3926.75,3927
1523187,2018-12-21 05:54:31.630,1218055431,18122105,XBTUSD,3926.5,42893,3927,564359,3926.75,3927
1523210,2018-12-21 05:54:31.792,1218055431,18122105,XBTUSD,3926.5,39058,3927,519686,3926.75,3927
1523220,2018-12-21 05:54:31.899,1218055431,18122105,XBTUSD,3926.5,37058,3927,551461,3926.75,3927
1523230,2018-12-21 05:54:32.089,1218055432,18122105,XBTUSD,3926.5,32058,3927,552487,3926.75,3927
1523240,2018-12-21 05:54:32.183,1218055432,18122105,XBTUSD,3926.5,32358,3927,534095,3926.75,3927
1523290,2018-12-21 05:54:32.279,1218055432,18122105,XBTUSD,3926.5,53358,3927,535828,3926.75,3927
1523300,2018-12-21 05:54:32.463,1218055432,18122105,XBTUSD,3926,9647,3926.5,116217,3926.25,3926.5
1523330,2018-12-21 05:54:32.782,1218055432,18122105,XBTUSD,3926,8147,3926.5,264907,3926.25,3926.5
1523340,2018-12-21 05:54:32.963,1218055432,18122105,XBTUSD,3926,11168,3926.5,416043,3926.25,3926.5
1523380,2018-12-21 05:54:33.645,1218055433,18122105,XBTUSD,3926,5168,3926.5,385256,3926.25,3926.5
1523390,2018-12-21 05:54:33.886,1218055433,18122105,XBTUSD,3926,5588,3926.5,206992,3926.25,3926.5
1523400,2018-12-21 05:54:34.006,1218055434,18122105,XBTUSD,3926,13522,3926.5,142842,3926.25,3926.5
1523430,2018-12-21 05:54:34.527,1218055434,18122105,XBTUSD,3926,13610,3926.5,107292,3926.25,3926.5
1523457,2018-12-21 05:54:39.402,1218055439,18122105,XBTUSD,3926,16633,3926.5,107125,3926.25,3926.5
1523475,2018-12-21 05:54:39.555,1218055439,18122105,XBTUSD,3926,15863,3926.5,234354,3926.25,3926.5
1523485,2018-12-21 05:54:39.701,1218055439,18122105,XBTUSD,3926,14363,3926.5,269444,3926.25,3926.5
1523495,2018-12-21 05:54:39.768,1218055439,18122105,XBTUSD,3926,14363,3926.5,333630,3926.25,3926.5
1523505,2018-12-21 05:54:39.878,1218055439,18122105,XBTUSD,3926,25000,3926.5,352967,3926.25,3926.5
1523515,2018-12-21 05:54:40.006,1218055440,18122105,XBTUSD,3926,22014,3926.5,526584,3926.25,3926.5
1523540,2018-12-21 05:54:40.991,1218055440,18122105,XBTUSD,3926,21914,3926.5,537441,3926.25,3926.5
1523550,2018-12-21 05:54:41.070,1218055441,18122105,XBTUSD,3926,20914,3926.5,589441,3926.25,3926.5
1523568,2018-12-21 05:54:41.193,1218055441,18122105,XBTUSD,3926,18534,3926.5,613790,3926.25,3926.5
1523578,2018-12-21 05:54:41.370,1218055441,18122105,XBTUSD,3926,29534,3926.5,626293,3926.25,3926.5
1523588,2018-12-21 05:54:41.579,1218055441,18122105,XBTUSD,3926,26034,3926.5,393856,3926.25,3926.5
1523621,2018-12-21 05:54:41.829,1218055441,18122105,XBTUSD,3926,157474,3926.5,434118,3926.25,3926.5
1523631,2018-12-21 05:54:41.939,1218055441,18122105,XBTUSD,3926,161674,3926.5,429433,3926.25,3926.5
1523637,2018-12-21 05:54:42.017,1218055442,18122105,XBTUSD,3926,161674,3926.5,296163,3926.25,3926.5
1523647,2018-12-21 05:54:42.220,1218055442,18122105,XBTUSD,3926,200774,3926.5,339981,3926.25,3926.5
1523682,2018-12-21 05:54:42.420,1218055442,18122105,XBTUSD,3926,198774,3926.5,346937,3926.25,3926.5
1523692,2018-12-21 05:54:42.609,1218055442,18122105,XBTUSD,3926,173774,3926.5,383909,3926.25,3926.5
1523702,2018-12-21 05:54:42.885,1218055442,18122105,XBTUSD,3926,182479,3926.5,399809,3926.25,3926.5
1523752,2018-12-21 05:54:43.023,1218055443,18122105,XBTUSD,3926,189479,3926.5,361508,3926.25,3926.5
1523761,2018-12-21 05:54:43.536,1218055443,18122105,XBTUSD,3926,185447,3926.5,369979,3926.25,3926.5
1523791,2018-12-21 05:54:43.829,1218055443,18122105,XBTUSD,3926,203047,3926.5,323620,3926.25,3926.5
1523800,2018-12-21 05:54:43.937,1218055443,18122105,XBTUSD,3926,203047,3926.5,299813,3926.25,3926.5
1523810,2018-12-21 05:54:44.106,1218055444,18122105,XBTUSD,3926,203272,3926.5,292813,3926.25,3926.5
1523820,2018-12-21 05:54:44.235,1218055444,18122105,XBTUSD,3926,240977,3926.5,291242,3926.25,3926.5
1523830,2018-12-21 05:54:44.403,1218055444,18122105,XBTUSD,3926,245537,3926.5,292089,3926.25,3926.5
1523909,2018-12-21 05:54:44.541,1218055444,18122105,XBTUSD,3926,229537,3926.5,318446,3926.25,3926.5
1523919,2018-12-21 05:54:44.734,1218055444,18122105,XBTUSD,3926,241077,3926.5,327487,3926.25,3926.5
1523929,2018-12-21 05:54:44.940,1218055444,18122105,XBTUSD,3926,251440,3926.5,204000,3926.25,3926.5
1523948,2018-12-21 05:54:48.370,1218055448,18122105,XBTUSD,3926,258295,3926.5,186030,3926.25,3926.5
1523958,2018-12-21 05:54:48.734,1218055448,18122105,XBTUSD,3926,258038,3926.5,105183,3926.25,3926.5
1523968,2018-12-21 05:54:49.033,1218055449,18122105,XBTUSD,3926,251038,3926.5,115722,3926.25,3926.5
1523175,2018-12-21 05:54:31.427,1218055431,18122105,XBTUSD,3926.5,32793,3927,725927,3926.75,3927
1523185,2018-12-21 05:54:31.569,1218055431,18122105,XBTUSD,3926.5,42893,3927,564299,3926.75,3927
1523217,2018-12-21 05:54:31.866,1218055431,18122105,XBTUSD,3926.5,38058,3927,547998,3926.75,3927
1523227,2018-12-21 05:54:32.038,1218055432,18122105,XBTUSD,3926.5,32058,3927,555543,3926.75,3927
1523237,2018-12-21 05:54:32.173,1218055432,18122105,XBTUSD,3926.5,32858,3927,548095,3926.75,3927
1523247,2018-12-21 05:54:32.247,1218055432,18122105,XBTUSD,3926.5,58358,3927,535828,3926.75,3927
1523297,2018-12-21 05:54:32.391,1218055432,18122105,XBTUSD,3926.5,53548,3927,524309,3926.75,3927
1523307,2018-12-21 05:54:32.705,1218055432,18122105,XBTUSD,3926,8147,3926.5,199764,3926.25,3926.5
1523337,2018-12-21 05:54:32.915,1218055432,18122105,XBTUSD,3926,11168,3926.5,363418,3926.25,3926.5
1523379,2018-12-21 05:54:33.625,1218055433,18122105,XBTUSD,3926,5168,3926.5,420815,3926.25,3926.5
1523389,2018-12-21 05:54:33.829,1218055433,18122105,XBTUSD,3926,5588,3926.5,226061,3926.25,3926.5
1523399,2018-12-21 05:54:33.989,1218055433,18122105,XBTUSD,3926,13522,3926.5,142841,3926.25,3926.5
1523429,2018-12-21 05:54:34.500,1218055434,18122105,XBTUSD,3926,11522,3926.5,107292,3926.25,3926.5
1523458,2018-12-21 05:54:39.409,1218055439,18122105,XBTUSD,3926,15863,3926.5,107125,3926.25,3926.5
1523474,2018-12-21 05:54:39.540,1218055439,18122105,XBTUSD,3926,15863,3926.5,233354,3926.25,3926.5
1523484,2018-12-21 05:54:39.694,1218055439,18122105,XBTUSD,3926,14363,3926.5,251974,3926.25,3926.5
1523494,2018-12-21 05:54:39.760,1218055439,18122105,XBTUSD,3926,14363,3926.5,328555,3926.25,3926.5
1523504,2018-12-21 05:54:39.872,1218055439,18122105,XBTUSD,3925.5,1409,3926.5,352967,3926,3926.5
1523514,2018-12-21 05:54:39.996,1218055439,18122105,XBTUSD,3926,25014,3926.5,526584,3926.25,3926.5
1523545,2018-12-21 05:54:41.024,1218055441,18122105,XBTUSD,3926,21914,3926.5,572441,3926.25,3926.5
1523555,2018-12-21 05:54:41.092,1218055441,18122105,XBTUSD,3926,20884,3926.5,610411,3926.25,3926.5
1523564,2018-12-21 05:54:41.154,1218055441,18122105,XBTUSD,3926,20534,3926.5,612898,3926.25,3926.5
1523574,2018-12-21 05:54:41.332,1218055441,18122105,XBTUSD,3926,18534,3926.5,626793,3926.25,3926.5
1523584,2018-12-21 05:54:41.459,1218055441,18122105,XBTUSD,3926,28534,3926.5,371793,3926.25,3926.5
1523615,2018-12-21 05:54:41.806,1218055441,18122105,XBTUSD,3926,155474,3926.5,403118,3926.25,3926.5
1523625,2018-12-21 05:54:41.912,1218055441,18122105,XBTUSD,3926,164474,3926.5,429073,3926.25,3926.5
1523641,2018-12-21 05:54:42.074,1218055442,18122105,XBTUSD,3926,161774,3926.5,298946,3926.25,3926.5
1523651,2018-12-21 05:54:42.298,1218055442,18122105,XBTUSD,3926,198774,3926.5,344731,3926.25,3926.5
1523686,2018-12-21 05:54:42.458,1218055442,18122105,XBTUSD,3926,199774,3926.5,351937,3926.25,3926.5
1523696,2018-12-21 05:54:42.821,1218055442,18122105,XBTUSD,3926,178774,3926.5,383809,3926.25,3926.5
1523706,2018-12-21 05:54:42.938,1218055442,18122105,XBTUSD,3926,189479,3926.5,353559,3926.25,3926.5
1523756,2018-12-21 05:54:43.309,1218055443,18122105,XBTUSD,3926,185419,3926.5,373583,3926.25,3926.5
1523766,2018-12-21 05:54:43.701,1218055443,18122105,XBTUSD,3926,195447,3926.5,333079,3926.25,3926.5
1523789,2018-12-21 05:54:43.790,1218055443,18122105,XBTUSD,3926,203047,3926.5,325180,3926.25,3926.5
1523804,2018-12-21 05:54:43.985,1218055443,18122105,XBTUSD,3926,208271,3926.5,300813,3926.25,3926.5
1523814,2018-12-21 05:54:44.148,1218055444,18122105,XBTUSD,3926,219272,3926.5,292813,3926.25,3926.5
1523824,2018-12-21 05:54:44.286,1218055444,18122105,XBTUSD,3926,242977,3926.5,284842,3926.25,3926.5
1523834,2018-12-21 05:54:44.430,1218055444,18122105,XBTUSD,3926,259537,3926.5,293581,3926.25,3926.5
1523913,2018-12-21 05:54:44.635,1218055444,18122105,XBTUSD,3926,235537,3926.5,320011,3926.25,3926.5
1523923,2018-12-21 05:54:44.811,1218055444,18122105,XBTUSD,3926,253297,3926.5,207374,3926.25,3926.5
1523942,2018-12-21 05:54:48.255,1218055448,18122105,XBTUSD,3926,258452,3926.5,204000,3926.25,3926.5
1523952,2018-12-21 05:54:48.618,1218055448,18122105,XBTUSD,3926,258295,3926.5,111683,3926.25,3926.5
1523962,2018-12-21 05:54:48.870,1218055448,18122105,XBTUSD,3926,260038,3926.5,105691,3926.25,3926.5
1524011,2018-12-21 05:54:49.165,1218055449,18122105,XBTUSD,3926,253743,3926.5,115722,3926.25,3926.5
1524021,2018-12-21 05:54:49.389,1218055449,18122105,XBTUSD,3926,273765,3926.5,98437,3926.25,3926.5
1524031,2018-12-21 05:54:49.835,1218055449,18122105,XBTUSD,3926,319765,3926.5,157469,3926.25,3926.5
1523178,2018-12-21 05:54:31.520,1218055431,18122105,XBTUSD,3926.5,23593,3927,788927,3926.75,3927
1523188,2018-12-21 05:54:31.642,1218055431,18122105,XBTUSD,3926.5,42893,3927,564363,3926.75,3927
1523216,2018-12-21 05:54:31.833,1218055431,18122105,XBTUSD,3926.5,38058,3927,533805,3926.75,3927
1523226,2018-12-21 05:54:32.017,1218055432,18122105,XBTUSD,3926.5,32058,3927,555443,3926.75,3927
1523236,2018-12-21 05:54:32.161,1218055432,18122105,XBTUSD,3926.5,32858,3927,546542,3926.75,3927
1523246,2018-12-21 05:54:32.241,1218055432,18122105,XBTUSD,3926.5,58358,3927,536828,3926.75,3927
1523296,2018-12-21 05:54:32.386,1218055432,18122105,XBTUSD,3926.5,53548,3927,524409,3926.75,3927
1523306,2018-12-21 05:54:32.669,1218055432,18122105,XBTUSD,3926,8147,3926.5,189764,3926.25,3926.5
1523336,2018-12-21 05:54:32.912,1218055432,18122105,XBTUSD,3926,11168,3926.5,337070,3926.25,3926.5
1523376,2018-12-21 05:54:33.537,1218055433,18122105,XBTUSD,3926,5168,3926.5,417016,3926.25,3926.5
1523386,2018-12-21 05:54:33.793,1218055433,18122105,XBTUSD,3926,8088,3926.5,256061,3926.25,3926.5
1523396,2018-12-21 05:54:33.914,1218055433,18122105,XBTUSD,3926,10500,3926.5,177420,3926.25,3926.5
1523406,2018-12-21 05:54:34.253,1218055434,18122105,XBTUSD,3926,7522,3926.5,107292,3926.25,3926.5
1523426,2018-12-21 05:54:34.415,1218055434,18122105,XBTUSD,3926,13610,3926.5,107292,3926.25,3926.5
1523436,2018-12-21 05:54:34.672,1218055434,18122105,XBTUSD,3926,16610,3926.5,107292,3926.25,3926.5
1523451,2018-12-21 05:54:39.181,1218055439,18122105,XBTUSD,3926,14522,3926.5,107125,3926.25,3926.5
1523461,2018-12-21 05:54:39.493,1218055439,18122105,XBTUSD,3926,15863,3926.5,119569,3926.25,3926.5
1523471,2018-12-21 05:54:39.523,1218055439,18122105,XBTUSD,3926,15863,3926.5,137154,3926.25,3926.5
1523481,2018-12-21 05:54:39.677,1218055439,18122105,XBTUSD,3926,14363,3926.5,240406,3926.25,3926.5
1523491,2018-12-21 05:54:39.722,1218055439,18122105,XBTUSD,3926,14363,3926.5,288300,3926.25,3926.5
1523501,2018-12-21 05:54:39.850,1218055439,18122105,XBTUSD,3925.5,1409,3926.5,343090,3926,3926.5
1523511,2018-12-21 05:54:39.915,1218055439,18122105,XBTUSD,3926,25014,3926.5,379489,3926.25,3926.5
1523541,2018-12-21 05:54:41.013,1218055441,18122105,XBTUSD,3926,21914,3926.5,544441,3926.25,3926.5
1523551,2018-12-21 05:54:41.073,1218055441,18122105,XBTUSD,3926,20914,3926.5,596441,3926.25,3926.5
1523570,2018-12-21 05:54:41.211,1218055441,18122105,XBTUSD,3926,18534,3926.5,622622,3926.25,3926.5
1523580,2018-12-21 05:54:41.402,1218055441,18122105,XBTUSD,3926,29534,3926.5,626293,3926.25,3926.5
1523591,2018-12-21 05:54:41.639,1218055441,18122105,XBTUSD,3926,151034,3926.5,396118,3926.25,3926.5
1523618,2018-12-21 05:54:41.816,1218055441,18122105,XBTUSD,3926,155474,3926.5,427118,3926.25,3926.5
1523628,2018-12-21 05:54:41.929,1218055441,18122105,XBTUSD,3926,161674,3926.5,429183,3926.25,3926.5
1523639,2018-12-21 05:54:42.028,1218055442,18122105,XBTUSD,3926,161674,3926.5,296900,3926.25,3926.5
1523649,2018-12-21 05:54:42.271,1218055442,18122105,XBTUSD,3926,199774,3926.5,337731,3926.25,3926.5
1523684,2018-12-21 05:54:42.435,1218055442,18122105,XBTUSD,3926,209774,3926.5,346937,3926.25,3926.5
1523694,2018-12-21 05:54:42.773,1218055442,18122105,XBTUSD,3926,178774,3926.5,383809,3926.25,3926.5
1523704,2018-12-21 05:54:42.916,1218055442,18122105,XBTUSD,3926,189479,3926.5,396809,3926.25,3926.5
1523754,2018-12-21 05:54:43.272,1218055443,18122105,XBTUSD,3926,185419,3926.5,361508,3926.25,3926.5
1523763,2018-12-21 05:54:43.585,1218055443,18122105,XBTUSD,3926,195447,3926.5,340979,3926.25,3926.5
1523793,2018-12-21 05:54:43.858,1218055443,18122105,XBTUSD,3926,203047,3926.5,323620,3926.25,3926.5
1523802,2018-12-21 05:54:43.956,1218055443,18122105,XBTUSD,3926,208237,3926.5,299813,3926.25,3926.5
1523812,2018-12-21 05:54:44.117,1218055444,18122105,XBTUSD,3926,217272,3926.5,292813,3926.25,3926.5
1523822,2018-12-21 05:54:44.278,1218055444,18122105,XBTUSD,3926,235977,3926.5,291842,3926.25,3926.5
1523832,2018-12-21 05:54:44.422,1218055444,18122105,XBTUSD,3926,259537,3926.5,292089,3926.25,3926.5
1523911,2018-12-21 05:54:44.590,1218055444,18122105,XBTUSD,3926,244537,3926.5,320011,3926.25,3926.5
1523921,2018-12-21 05:54:44.795,1218055444,18122105,XBTUSD,3926,253297,3926.5,305374,3926.25,3926.5
1523950,2018-12-21 05:54:48.530,1218055448,18122105,XBTUSD,3926,258295,3926.5,125930,3926.25,3926.5
1523960,2018-12-21 05:54:48.804,1218055448,18122105,XBTUSD,3926,258038,3926.5,105836,3926.25,3926.5
1524017,2018-12-21 05:54:49.336,1218055449,18122105,XBTUSD,3926,266765,3926.5,110237,3926.25,3926.5
1524027,2018-12-21 05:54:49.701,1218055449,18122105,XBTUSD,3926,269765,3926.5,141469,3926.25,3926.5
1523179,2018-12-21 05:54:31.543,1218055431,18122105,XBTUSD,3926.5,21093,3927,788927,3926.75,3927
1523189,2018-12-21 05:54:31.645,1218055431,18122105,XBTUSD,3926.5,41893,3927,564363,3926.75,3927
1523215,2018-12-21 05:54:31.829,1218055431,18122105,XBTUSD,3926.5,39058,3927,533805,3926.75,3927
1523225,2018-12-21 05:54:31.990,1218055431,18122105,XBTUSD,3926.5,37058,3927,555443,3926.75,3927
1523235,2018-12-21 05:54:32.142,1218055432,18122105,XBTUSD,3926.5,32858,3927,545428,3926.75,3927
1523245,2018-12-21 05:54:32.238,1218055432,18122105,XBTUSD,3926.5,73358,3927,536828,3926.75,3927
1523295,2018-12-21 05:54:32.377,1218055432,18122105,XBTUSD,3926.5,53548,3927,524371,3926.75,3927
1523305,2018-12-21 05:54:32.626,1218055432,18122105,XBTUSD,3926,8147,3926.5,186264,3926.25,3926.5
1523335,2018-12-21 05:54:32.862,1218055432,18122105,XBTUSD,3926,11168,3926.5,301486,3926.25,3926.5
1523385,2018-12-21 05:54:33.773,1218055433,18122105,XBTUSD,3926,8088,3926.5,364692,3926.25,3926.5
1523395,2018-12-21 05:54:33.907,1218055433,18122105,XBTUSD,3926,10500,3926.5,179420,3926.25,3926.5
1523405,2018-12-21 05:54:34.207,1218055434,18122105,XBTUSD,3926,9610,3926.5,107292,3926.25,3926.5
1523425,2018-12-21 05:54:34.410,1218055434,18122105,XBTUSD,3926,9610,3926.5,107292,3926.25,3926.5
1523435,2018-12-21 05:54:34.622,1218055434,18122105,XBTUSD,3926,9610,3926.5,107292,3926.25,3926.5
1523452,2018-12-21 05:54:39.198,1218055439,18122105,XBTUSD,3926,16610,3926.5,107125,3926.25,3926.5
1523470,2018-12-21 05:54:39.499,1218055439,18122105,XBTUSD,3926,15863,3926.5,133107,3926.25,3926.5
1523480,2018-12-21 05:54:39.666,1218055439,18122105,XBTUSD,3926,14363,3926.5,240391,3926.25,3926.5
1523490,2018-12-21 05:54:39.721,1218055439,18122105,XBTUSD,3926,14363,3926.5,285906,3926.25,3926.5
1523500,2018-12-21 05:54:39.819,1218055439,18122105,XBTUSD,3925.5,1409,3926.5,341068,3926,3926.5
1523510,2018-12-21 05:54:39.910,1218055439,18122105,XBTUSD,3926,25014,3926.5,375489,3926.25,3926.5
1523542,2018-12-21 05:54:41.015,1218055441,18122105,XBTUSD,3926,21914,3926.5,551441,3926.25,3926.5
1523552,2018-12-21 05:54:41.077,1218055441,18122105,XBTUSD,3926,20914,3926.5,603441,3926.25,3926.5
1523566,2018-12-21 05:54:41.185,1218055441,18122105,XBTUSD,3926,18534,3926.5,612900,3926.25,3926.5
1523576,2018-12-21 05:54:41.356,1218055441,18122105,XBTUSD,3926,28534,3926.5,627293,3926.25,3926.5
1523586,2018-12-21 05:54:41.556,1218055441,18122105,XBTUSD,3926,26534,3926.5,373793,3926.25,3926.5
1523613,2018-12-21 05:54:41.742,1218055441,18122105,XBTUSD,3926,154474,3926.5,396118,3926.25,3926.5
1523623,2018-12-21 05:54:41.888,1218055441,18122105,XBTUSD,3926,163474,3926.5,429043,3926.25,3926.5
1523633,2018-12-21 05:54:41.957,1218055441,18122105,XBTUSD,3926,161674,3926.5,430113,3926.25,3926.5
1523643,2018-12-21 05:54:42.097,1218055442,18122105,XBTUSD,3926,163774,3926.5,298981,3926.25,3926.5
1523653,2018-12-21 05:54:42.322,1218055442,18122105,XBTUSD,3926,198774,3926.5,342729,3926.25,3926.5
1523688,2018-12-21 05:54:42.493,1218055442,18122105,XBTUSD,3926,174774,3926.5,380937,3926.25,3926.5
1523698,2018-12-21 05:54:42.834,1218055442,18122105,XBTUSD,3926,178574,3926.5,388809,3926.25,3926.5
1523757,2018-12-21 05:54:43.312,1218055443,18122105,XBTUSD,3926,185447,3926.5,373583,3926.25,3926.5
1523767,2018-12-21 05:54:43.728,1218055443,18122105,XBTUSD,3926,195447,3926.5,332180,3926.25,3926.5
1523796,2018-12-21 05:54:43.867,1218055443,18122105,XBTUSD,3926,203047,3926.5,317713,3926.25,3926.5
1523806,2018-12-21 05:54:44.016,1218055444,18122105,XBTUSD,3926,213271,3926.5,296813,3926.25,3926.5
1523815,2018-12-21 05:54:44.150,1218055444,18122105,XBTUSD,3926,226272,3926.5,292813,3926.25,3926.5
1523825,2018-12-21 05:54:44.296,1218055444,18122105,XBTUSD,3926,242977,3926.5,283842,3926.25,3926.5
1523835,2018-12-21 05:54:44.438,1218055444,18122105,XBTUSD,3926,258537,3926.5,293581,3926.25,3926.5
1523914,2018-12-21 05:54:44.659,1218055444,18122105,XBTUSD,3926,239537,3926.5,320011,3926.25,3926.5
1523924,2018-12-21 05:54:44.821,1218055444,18122105,XBTUSD,3926,253297,3926.5,205804,3926.25,3926.5
1523944,2018-12-21 05:54:48.339,1218055448,18122105,XBTUSD,3926,258295,3926.5,193000,3926.25,3926.5
1523954,2018-12-21 05:54:48.643,1218055448,18122105,XBTUSD,3926,258095,3926.5,111183,3926.25,3926.5
1523964,2018-12-21 05:54:48.895,1218055448,18122105,XBTUSD,3926,245038,3926.5,105691,3926.25,3926.5
1523180,2018-12-21 05:54:31.550,1218055431,18122105,XBTUSD,3926.5,20893,3927,788927,3926.75,3927
1523190,2018-12-21 05:54:31.663,1218055431,18122105,XBTUSD,3926.5,41893,3927,524363,3926.75,3927
1523214,2018-12-21 05:54:31.826,1218055431,18122105,XBTUSD,3926.5,39058,3927,526457,3926.75,3927
1523224,2018-12-21 05:54:31.970,1218055431,18122105,XBTUSD,3926.5,37058,3927,555247,3926.75,3927
1523234,2018-12-21 05:54:32.133,1218055432,18122105,XBTUSD,3926.5,32858,3927,545467,3926.75,3927
1523244,2018-12-21 05:54:32.233,1218055432,18122105,XBTUSD,3926.5,73358,3927,535212,3926.75,3927
1523294,2018-12-21 05:54:32.361,1218055432,18122105,XBTUSD,3926.5,53548,3927,524411,3926.75,3927
1523304,2018-12-21 05:54:32.594,1218055432,18122105,XBTUSD,3926,8147,3926.5,187264,3926.25,3926.5
1523334,2018-12-21 05:54:32.846,1218055432,18122105,XBTUSD,3926,15168,3926.5,301486,3926.25,3926.5
1523344,2018-12-21 05:54:33.396,1218055433,18122105,XBTUSD,3926,7588,3926.5,417016,3926.25,3926.5
1523384,2018-12-21 05:54:33.720,1218055433,18122105,XBTUSD,3926,7588,3926.5,364692,3926.25,3926.5
1523394,2018-12-21 05:54:33.905,1218055433,18122105,XBTUSD,3926,10500,3926.5,177420,3926.25,3926.5
1523404,2018-12-21 05:54:34.180,1218055434,18122105,XBTUSD,3926,7522,3926.5,107292,3926.25,3926.5
1523424,2018-12-21 05:54:34.394,1218055434,18122105,XBTUSD,3926,7522,3926.5,107292,3926.25,3926.5
1523434,2018-12-21 05:54:34.607,1218055434,18122105,XBTUSD,3926,7522,3926.5,107292,3926.25,3926.5
1523453,2018-12-21 05:54:39.318,1218055439,18122105,XBTUSD,3926,13610,3926.5,107125,3926.25,3926.5
1523469,2018-12-21 05:54:39.496,1218055439,18122105,XBTUSD,3926,15863,3926.5,128883,3926.25,3926.5
1523479,2018-12-21 05:54:39.661,1218055439,18122105,XBTUSD,3926,15863,3926.5,240391,3926.25,3926.5
1523489,2018-12-21 05:54:39.719,1218055439,18122105,XBTUSD,3926,14363,3926.5,283338,3926.25,3926.5
1523499,2018-12-21 05:54:39.799,1218055439,18122105,XBTUSD,3926,14363,3926.5,341068,3926.25,3926.5
1523509,2018-12-21 05:54:39.902,1218055439,18122105,XBTUSD,3926,25014,3926.5,375389,3926.25,3926.5
1523539,2018-12-21 05:54:40.989,1218055440,18122105,XBTUSD,3926,22014,3926.5,537441,3926.25,3926.5
1523549,2018-12-21 05:54:41.063,1218055441,18122105,XBTUSD,3926,20914,3926.5,582441,3926.25,3926.5
1523567,2018-12-21 05:54:41.191,1218055441,18122105,XBTUSD,3926,18534,3926.5,612936,3926.25,3926.5
1523577,2018-12-21 05:54:41.363,1218055441,18122105,XBTUSD,3926,28534,3926.5,626293,3926.25,3926.5
1523587,2018-12-21 05:54:41.569,1218055441,18122105,XBTUSD,3926,26034,3926.5,373793,3926.25,3926.5
1523622,2018-12-21 05:54:41.877,1218055441,18122105,XBTUSD,3926,157474,3926.5,429043,3926.25,3926.5
1523632,2018-12-21 05:54:41.953,1218055441,18122105,XBTUSD,3926,161674,3926.5,429463,3926.25,3926.5
1523634,2018-12-21 05:54:41.984,1218055441,18122105,XBTUSD,3926,161674,3926.5,433113,3926.25,3926.5
1523644,2018-12-21 05:54:42.128,1218055442,18122105,XBTUSD,3926,193774,3926.5,298981,3926.25,3926.5
1523654,2018-12-21 05:54:42.333,1218055442,18122105,XBTUSD,3926,198774,3926.5,342791,3926.25,3926.5
1523689,2018-12-21 05:54:42.536,1218055442,18122105,XBTUSD,3926,174774,3926.5,383759,3926.25,3926.5
1523699,2018-12-21 05:54:42.868,1218055442,18122105,XBTUSD,3926,179574,3926.5,388809,3926.25,3926.5
1523758,2018-12-21 05:54:43.374,1218055443,18122105,XBTUSD,3926,185447,3926.5,373783,3926.25,3926.5
1523768,2018-12-21 05:54:43.739,1218055443,18122105,XBTUSD,3926,195447,3926.5,325180,3926.25,3926.5
1523797,2018-12-21 05:54:43.881,1218055443,18122105,XBTUSD,3926,203047,3926.5,310713,3926.25,3926.5
1523807,2018-12-21 05:54:44.041,1218055444,18122105,XBTUSD,3926,213272,3926.5,296813,3926.25,3926.5
1523817,2018-12-21 05:54:44.166,1218055444,18122105,XBTUSD,3926,240272,3926.5,292813,3926.25,3926.5
1523826,2018-12-21 05:54:44.309,1218055444,18122105,XBTUSD,3926,242977,3926.5,284342,3926.25,3926.5
1523836,2018-12-21 05:54:44.454,1218055444,18122105,XBTUSD,3926,258537,3926.5,293333,3926.25,3926.5
1523916,2018-12-21 05:54:44.696,1218055444,18122105,XBTUSD,3926,241077,3926.5,318446,3926.25,3926.5
1523926,2018-12-21 05:54:44.885,1218055444,18122105,XBTUSD,3926,251474,3926.5,205804,3926.25,3926.5
1523945,2018-12-21 05:54:48.342,1218055448,18122105,XBTUSD,3926,258295,3926.5,195000,3926.25,3926.5
1523955,2018-12-21 05:54:48.693,1218055448,18122105,XBTUSD,3926,258095,3926.5,104183,3926.25,3926.5
1523965,2018-12-21 05:54:48.949,1218055448,18122105,XBTUSD,3926,255038,3926.5,105691,3926.25,3926.5
1523171,2018-12-21 05:54:31.357,1218055431,18122105,XBTUSD,3926.5,32793,3927,705934,3926.75,3927
1523181,2018-12-21 05:54:31.553,1218055431,18122105,XBTUSD,3926.5,22893,3927,788927,3926.75,3927
1523191,2018-12-21 05:54:31.680,1218055431,18122105,XBTUSD,3926.5,42058,3927,524363,3926.75,3927
1523213,2018-12-21 05:54:31.814,1218055431,18122105,XBTUSD,3926.5,39058,3927,526195,3926.75,3927
1523223,2018-12-21 05:54:31.960,1218055431,18122105,XBTUSD,3926.5,37058,3927,554025,3926.75,3927
1523233,2018-12-21 05:54:32.119,1218055432,18122105,XBTUSD,3926.5,32858,3927,545487,3926.75,3927
1523243,2018-12-21 05:54:32.201,1218055432,18122105,XBTUSD,3926.5,73358,3927,535211,3926.75,3927
1523293,2018-12-21 05:54:32.356,1218055432,18122105,XBTUSD,3926.5,53548,3927,523578,3926.75,3927
1523303,2018-12-21 05:54:32.575,1218055432,18122105,XBTUSD,3926,9647,3926.5,187264,3926.25,3926.5
1523333,2018-12-21 05:54:32.840,1218055432,18122105,XBTUSD,3926,15168,3926.5,265907,3926.25,3926.5
1523343,2018-12-21 05:54:33.245,1218055433,18122105,XBTUSD,3926,12588,3926.5,417016,3926.25,3926.5
1523383,2018-12-21 05:54:33.713,1218055433,18122105,XBTUSD,3926,7588,3926.5,400256,3926.25,3926.5
1523393,2018-12-21 05:54:33.901,1218055433,18122105,XBTUSD,3926,10500,3926.5,212994,3926.25,3926.5
1523403,2018-12-21 05:54:34.154,1218055434,18122105,XBTUSD,3926,13522,3926.5,107292,3926.25,3926.5
1523423,2018-12-21 05:54:34.371,1218055434,18122105,XBTUSD,3926,9610,3926.5,107292,3926.25,3926.5
1523433,2018-12-21 05:54:34.575,1218055434,18122105,XBTUSD,3926,9610,3926.5,107292,3926.25,3926.5
1523454,2018-12-21 05:54:39.357,1218055439,18122105,XBTUSD,3926,11610,3926.5,107125,3926.25,3926.5
1523478,2018-12-21 05:54:39.653,1218055439,18122105,XBTUSD,3926,15863,3926.5,240389,3926.25,3926.5
1523488,2018-12-21 05:54:39.714,1218055439,18122105,XBTUSD,3926,14363,3926.5,276338,3926.25,3926.5
1523498,2018-12-21 05:54:39.795,1218055439,18122105,XBTUSD,3926,14363,3926.5,338824,3926.25,3926.5
1523507,2018-12-21 05:54:39.895,1218055439,18122105,XBTUSD,3926,25014,3926.5,355661,3926.25,3926.5
1523516,2018-12-21 05:54:40.018,1218055440,18122105,XBTUSD,3926,22014,3926.5,529158,3926.25,3926.5
1523537,2018-12-21 05:54:40.947,1218055440,18122105,XBTUSD,3926,22014,3926.5,539501,3926.25,3926.5
1523547,2018-12-21 05:54:41.027,1218055441,18122105,XBTUSD,3926,21914,3926.5,586441,3926.25,3926.5
1523557,2018-12-21 05:54:41.125,1218055441,18122105,XBTUSD,3926,20534,3926.5,610426,3926.25,3926.5
1523571,2018-12-21 05:54:41.218,1218055441,18122105,XBTUSD,3926,18534,3926.5,624193,3926.25,3926.5
1523581,2018-12-21 05:54:41.404,1218055441,18122105,XBTUSD,3926,28534,3926.5,626293,3926.25,3926.5
1523590,2018-12-21 05:54:41.606,1218055441,18122105,XBTUSD,3926,151034,3926.5,394118,3926.25,3926.5
1523619,2018-12-21 05:54:41.821,1218055441,18122105,XBTUSD,3926,156474,3926.5,427118,3926.25,3926.5
1523629,2018-12-21 05:54:41.933,1218055441,18122105,XBTUSD,3926,161674,3926.5,429373,3926.25,3926.5
1523640,2018-12-21 05:54:42.034,1218055442,18122105,XBTUSD,3926,161774,3926.5,296900,3926.25,3926.5
1523650,2018-12-21 05:54:42.292,1218055442,18122105,XBTUSD,3926,198774,3926.5,337731,3926.25,3926.5
1523685,2018-12-21 05:54:42.447,1218055442,18122105,XBTUSD,3926,209774,3926.5,351937,3926.25,3926.5
1523695,2018-12-21 05:54:42.781,1218055442,18122105,XBTUSD,3926,177774,3926.5,383809,3926.25,3926.5
1523705,2018-12-21 05:54:42.925,1218055442,18122105,XBTUSD,3926,189479,3926.5,355809,3926.25,3926.5
1523755,2018-12-21 05:54:43.301,1218055443,18122105,XBTUSD,3926,185419,3926.5,366583,3926.25,3926.5
1523764,2018-12-21 05:54:43.587,1218055443,18122105,XBTUSD,3926,195447,3926.5,342979,3926.25,3926.5
1523794,2018-12-21 05:54:43.861,1218055443,18122105,XBTUSD,3926,203047,3926.5,324620,3926.25,3926.5
1523803,2018-12-21 05:54:43.961,1218055443,18122105,XBTUSD,3926,208237,3926.5,300813,3926.25,3926.5
1523813,2018-12-21 05:54:44.132,1218055444,18122105,XBTUSD,3926,212272,3926.5,292813,3926.25,3926.5
1523823,2018-12-21 05:54:44.283,1218055444,18122105,XBTUSD,3926,235977,3926.5,284842,3926.25,3926.5
1523833,2018-12-21 05:54:44.426,1218055444,18122105,XBTUSD,3926,259537,3926.5,291981,3926.25,3926.5
1523912,2018-12-21 05:54:44.623,1218055444,18122105,XBTUSD,3926,239537,3926.5,320011,3926.25,3926.5
1523922,2018-12-21 05:54:44.801,1218055444,18122105,XBTUSD,3926,253297,3926.5,206374,3926.25,3926.5
1523951,2018-12-21 05:54:48.600,1218055448,18122105,XBTUSD,3926,258295,3926.5,118930,3926.25,3926.5
1523961,2018-12-21 05:54:48.862,1218055448,18122105,XBTUSD,3926,260038,3926.5,105836,3926.25,3926.5
1524016,2018-12-21 05:54:49.323,1218055449,18122105,XBTUSD,3926,266765,3926.5,117237,3926.25,3926.5
1524026,2018-12-21 05:54:49.696,1218055449,18122105,XBTUSD,3926,279765,3926.5,141469,3926.25,3926.5
1523172,2018-12-21 05:54:31.371,1218055431,18122105,XBTUSD,3926.5,32793,3927,705937,3926.75,3927
1523182,2018-12-21 05:54:31.557,1218055431,18122105,XBTUSD,3926.5,42893,3927,788927,3926.75,3927
1523192,2018-12-21 05:54:31.701,1218055431,18122105,XBTUSD,3926.5,42058,3927,519863,3926.75,3927
1523212,2018-12-21 05:54:31.807,1218055431,18122105,XBTUSD,3926.5,39058,3927,521195,3926.75,3927
1523222,2018-12-21 05:54:31.958,1218055431,18122105,XBTUSD,3926.5,37058,3927,553461,3926.75,3927
1523232,2018-12-21 05:54:32.107,1218055432,18122105,XBTUSD,3926.5,33058,3927,545487,3926.75,3927
1523242,2018-12-21 05:54:32.198,1218055432,18122105,XBTUSD,3926.5,32358,3927,535211,3926.75,3927
1523292,2018-12-21 05:54:32.334,1218055432,18122105,XBTUSD,3926.5,53548,3927,525828,3926.75,3927
1523302,2018-12-21 05:54:32.531,1218055432,18122105,XBTUSD,3926,9647,3926.5,187340,3926.25,3926.5
1523332,2018-12-21 05:54:32.832,1218055432,18122105,XBTUSD,3926,8168,3926.5,265907,3926.25,3926.5
1523342,2018-12-21 05:54:33.113,1218055433,18122105,XBTUSD,3926,10168,3926.5,417016,3926.25,3926.5
1523382,2018-12-21 05:54:33.711,1218055433,18122105,XBTUSD,3926,5168,3926.5,400256,3926.25,3926.5
1523392,2018-12-21 05:54:33.890,1218055433,18122105,XBTUSD,3926,3500,3926.5,212994,3926.25,3926.5
1523402,2018-12-21 05:54:34.096,1218055434,18122105,XBTUSD,3926,15610,3926.5,107292,3926.25,3926.5
1523422,2018-12-21 05:54:34.341,1218055434,18122105,XBTUSD,3926,7522,3926.5,107292,3926.25,3926.5
1523432,2018-12-21 05:54:34.573,1218055434,18122105,XBTUSD,3926,7522,3926.5,107292,3926.25,3926.5
1523455,2018-12-21 05:54:39.384,1218055439,18122105,XBTUSD,3926,18610,3926.5,107125,3926.25,3926.5
1523477,2018-12-21 05:54:39.560,1218055439,18122105,XBTUSD,3926,15863,3926.5,240354,3926.25,3926.5
1523487,2018-12-21 05:54:39.710,1218055439,18122105,XBTUSD,3926,14363,3926.5,274742,3926.25,3926.5
1523497,2018-12-21 05:54:39.791,1218055439,18122105,XBTUSD,3926,14363,3926.5,336256,3926.25,3926.5
1523508,2018-12-21 05:54:39.900,1218055439,18122105,XBTUSD,3926,25014,3926.5,357299,3926.25,3926.5
1523517,2018-12-21 05:54:40.022,1218055440,18122105,XBTUSD,3926,22014,3926.5,531918,3926.25,3926.5
1523538,2018-12-21 05:54:40.950,1218055440,18122105,XBTUSD,3926,22014,3926.5,539441,3926.25,3926.5
1523548,2018-12-21 05:54:41.030,1218055441,18122105,XBTUSD,3926,21914,3926.5,582441,3926.25,3926.5
1523569,2018-12-21 05:54:41.206,1218055441,18122105,XBTUSD,3926,18534,3926.5,620790,3926.25,3926.5
1523579,2018-12-21 05:54:41.380,1218055441,18122105,XBTUSD,3926,30534,3926.5,626293,3926.25,3926.5
1523589,2018-12-21 05:54:41.604,1218055441,18122105,XBTUSD,3926,26034,3926.5,394118,3926.25,3926.5
1523620,2018-12-21 05:54:41.827,1218055441,18122105,XBTUSD,3926,156474,3926.5,434118,3926.25,3926.5
1523630,2018-12-21 05:54:41.937,1218055441,18122105,XBTUSD,3926,161674,3926.5,429403,3926.25,3926.5
1523635,2018-12-21 05:54:41.992,1218055441,18122105,XBTUSD,3926,161674,3926.5,433063,3926.25,3926.5
1523645,2018-12-21 05:54:42.130,1218055442,18122105,XBTUSD,3926,193774,3926.5,339981,3926.25,3926.5
1523655,2018-12-21 05:54:42.359,1218055442,18122105,XBTUSD,3926,198774,3926.5,343791,3926.25,3926.5
1523681,2018-12-21 05:54:42.398,1218055442,18122105,XBTUSD,3926,198774,3926.5,342937,3926.25,3926.5
1523691,2018-12-21 05:54:42.599,1218055442,18122105,XBTUSD,3926,173774,3926.5,383709,3926.25,3926.5
1523701,2018-12-21 05:54:42.877,1218055442,18122105,XBTUSD,3926,182479,3926.5,388809,3926.25,3926.5
1523751,2018-12-21 05:54:42.988,1218055442,18122105,XBTUSD,3926,189479,3926.5,361458,3926.25,3926.5
1523760,2018-12-21 05:54:43.486,1218055443,18122105,XBTUSD,3926,185447,3926.5,366979,3926.25,3926.5
1523790,2018-12-21 05:54:43.812,1218055443,18122105,XBTUSD,3926,203047,3926.5,322620,3926.25,3926.5
1523799,2018-12-21 05:54:43.919,1218055443,18122105,XBTUSD,3926,203047,3926.5,303813,3926.25,3926.5
1523809,2018-12-21 05:54:44.099,1218055444,18122105,XBTUSD,3926,203272,3926.5,287813,3926.25,3926.5
1523819,2018-12-21 05:54:44.204,1218055444,18122105,XBTUSD,3926,240977,3926.5,292813,3926.25,3926.5
1523829,2018-12-21 05:54:44.369,1218055444,18122105,XBTUSD,3926,245537,3926.5,284842,3926.25,3926.5
1523838,2018-12-21 05:54:44.464,1218055444,18122105,XBTUSD,3926,262537,3926.5,300333,3926.25,3926.5
1523908,2018-12-21 05:54:44.532,1218055444,18122105,XBTUSD,3926,229537,3926.5,296333,3926.25,3926.5
1523918,2018-12-21 05:54:44.733,1218055444,18122105,XBTUSD,3926,241077,3926.5,323546,3926.25,3926.5
1523928,2018-12-21 05:54:44.918,1218055444,18122105,XBTUSD,3926,251474,3926.5,204000,3926.25,3926.5
1523947,2018-12-21 05:54:48.367,1218055448,18122105,XBTUSD,3926,258295,3926.5,193030,3926.25,3926.5
1523957,2018-12-21 05:54:48.701,1218055448,18122105,XBTUSD,3926,258116,3926.5,105183,3926.25,3926.5
1523967,2018-12-21 05:54:49.008,1218055449,18122105,XBTUSD,3926,255038,3926.5,115722,3926.25,3926.5
1524010,2018-12-21 05:54:49.138,1218055449,18122105,XBTUSD,3926,254343,3926.5,115722,3926.25,3926.5
1524013,2018-12-21 05:54:49.285,1218055449,18122105,XBTUSD,3926,266743,3926.5,115722,3926.25,3926.5
1524023,2018-12-21 05:54:49.665,1218055449,18122105,XBTUSD,3926,280765,3926.5,148437,3926.25,3926.5
1524059,2018-12-21 05:54:50.027,1218055450,18122105,XBTUSD,3926,350815,3926.5,209669,3926.25,3926.5
1524076,2018-12-21 05:54:50.850,1218055450,18122105,XBTUSD,3926,348815,3926.5,205528,3926.25,3926.5
1524086,2018-12-21 05:54:50.994,1218055450,18122105,XBTUSD,3926,318069,3926.5,200533,3926.25,3926.5
1524096,2018-12-21 05:54:51.152,1218055451,18122105,XBTUSD,3926,327269,3926.5,190144,3926.25,3926.5
1524138,2018-12-21 05:54:51.530,1218055451,18122105,XBTUSD,3926,384521,3926.5,82631,3926.25,3926.5
1524148,2018-12-21 05:54:51.788,1218055451,18122105,XBTUSD,3926,374525,3926.5,40611,3926.25,3926.5
1524158,2018-12-21 05:54:51.917,1218055451,18122105,XBTUSD,3926,374425,3926.5,91411,3926.25,3926.5
1524168,2018-12-21 05:54:52.243,1218055452,18122105,XBTUSD,3926,377726,3926.5,61802,3926.25,3926.5
1524216,2018-12-21 05:54:52.568,1218055452,18122105,XBTUSD,3926,384728,3926.5,72761,3926.25,3926.5
1524226,2018-12-21 05:54:52.998,1218055452,18122105,XBTUSD,3926,429828,3926.5,72445,3926.25,3926.5
1524270,2018-12-21 05:54:53.905,1218055453,18122105,XBTUSD,3926,458776,3926.5,79728,3926.25,3926.5
1524315,2018-12-21 05:54:54.909,1218055454,18122105,XBTUSD,3926,514127,3926.5,76961,3926.25,3926.5
1524334,2018-12-21 05:54:55.873,1218055455,18122105,XBTUSD,3926,539179,3926.5,75316,3926.25,3926.5
1524343,2018-12-21 05:54:56.055,1218055456,18122105,XBTUSD,3926.5,24759,3927,30587,3926.75,3927
1524353,2018-12-21 05:54:56.418,1218055456,18122105,XBTUSD,3926.5,204473,3927,10587,3926.75,3927
1524363,2018-12-21 05:54:56.544,1218055456,18122105,XBTUSD,3926.5,179632,3927,10197,3926.75,3927
1524401,2018-12-21 05:54:56.789,1218055456,18122105,XBTUSD,3926.5,275505,3927,12197,3926.75,3927
1524411,2018-12-21 05:54:56.815,1218055456,18122105,XBTUSD,3926.5,356430,3927,12197,3926.75,3927
1524421,2018-12-21 05:54:56.845,1218055456,18122105,XBTUSD,3926.5,534130,3927,12197,3926.75,3927
1524431,2018-12-21 05:54:56.890,1218055456,18122105,XBTUSD,3926.5,581230,3927,14197,3926.75,3927
1524447,2018-12-21 05:54:57.437,1218055457,18122105,XBTUSD,3927,120571,3927.5,5826,3927.25,3927.5
1524458,2018-12-21 05:54:57.939,1218055457,18122105,XBTUSD,3927.5,85709,3928,33283,3927.75,3928
1524483,2018-12-21 05:54:58.172,1218055458,18122105,XBTUSD,3927.5,112449,3928,37644,3927.75,3928
1524493,2018-12-21 05:54:58.530,1218055458,18122105,XBTUSD,3927.5,132449,3928,37673,3927.75,3928
1524502,2018-12-21 05:54:58.612,1218055458,18122105,XBTUSD,3927.5,181464,3928,37673,3927.75,3928
1524512,2018-12-21 05:54:58.682,1218055458,18122105,XBTUSD,3927.5,226509,3928,37869,3927.75,3928
1524522,2018-12-21 05:54:58.729,1218055458,18122105,XBTUSD,3927.5,297449,3928,37869,3927.75,3928
1524531,2018-12-21 05:54:58.853,1218055458,18122105,XBTUSD,3927.5,386916,3928,37874,3927.75,3928
1524551,2018-12-21 05:54:58.914,1218055458,18122105,XBTUSD,3927.5,386946,3928,48874,3927.75,3928
1524561,2018-12-21 05:54:59.246,1218055459,18122105,XBTUSD,3928.5,189720,3929,19709,3928.75,3929
1524571,2018-12-21 05:54:59.515,1218055459,18122105,XBTUSD,3928.5,249872,3929,17710,3928.75,3929
1524581,2018-12-21 05:54:59.548,1218055459,18122105,XBTUSD,3928.5,307785,3929,17709,3928.75,3929
1524591,2018-12-21 05:54:59.571,1218055459,18122105,XBTUSD,3928.5,376710,3929,39822,3928.75,3929
1524601,2018-12-21 05:54:59.605,1218055459,18122105,XBTUSD,3928.5,430725,3929,40822,3928.75,3929
1524611,2018-12-21 05:54:59.722,1218055459,18122105,XBTUSD,3928.5,506725,3929,50822,3928.75,3929
1524631,2018-12-21 05:54:59.735,1218055459,18122105,XBTUSD,3928.5,550945,3929,50822,3928.75,3929
1524641,2018-12-21 05:54:59.950,1218055459,18122105,XBTUSD,3928.5,700636,3929,42322,3928.75,3929
1524658,2018-12-21 05:55:01.617,1218055501,18122105,XBTUSD,3928.5,701584,3929,114322,3928.75,3929
1524668,2018-12-21 05:55:01.841,1218055501,18122105,XBTUSD,3928.5,750255,3929,117792,3928.75,3929
1524678,2018-12-21 05:55:02.187,1218055502,18122105,XBTUSD,3928.5,749855,3929,177014,3928.75,3929
1524717,2018-12-21 05:55:02.546,1218055502,18122105,XBTUSD,3928.5,764485,3929,164839,3928.75,3929
1524727,2018-12-21 05:55:02.763,1218055502,18122105,XBTUSD,3928.5,748921,3929,159954,3928.75,3929
1524736,2018-12-21 05:55:03.285,1218055503,18122105,XBTUSD,3928.5,771184,3929,164170,3928.75,3929
1524803,2018-12-21 05:55:03.938,1218055503,18122105,XBTUSD,3928.5,765146,3929,73140,3928.75,3929
1524813,2018-12-21 05:55:04.941,1218055504,18122105,XBTUSD,3928.5,777205,3929,63642,3928.75,3929
1524850,2018-12-21 05:55:05.330,1218055505,18122105,XBTUSD,3928.5,748105,3929,420570,3928.75,3929
1524860,2018-12-21 05:55:05.568,1218055505,18122105,XBTUSD,3928.5,769039,3929,289493,3928.75,3929
1524019,2018-12-21 05:54:49.349,1218055449,18122105,XBTUSD,3926,266765,3926.5,103437,3926.25,3926.5
1524029,2018-12-21 05:54:49.801,1218055449,18122105,XBTUSD,3926,269765,3926.5,146469,3926.25,3926.5
1524053,2018-12-21 05:54:49.937,1218055449,18122105,XBTUSD,3926,336788,3926.5,157469,3926.25,3926.5
1524082,2018-12-21 05:54:50.930,1218055450,18122105,XBTUSD,3926,333865,3926.5,200528,3926.25,3926.5
1524092,2018-12-21 05:54:51.089,1218055451,18122105,XBTUSD,3926,304269,3926.5,192968,3926.25,3926.5
1524102,2018-12-21 05:54:51.317,1218055451,18122105,XBTUSD,3926,340374,3926.5,179144,3926.25,3926.5
1524134,2018-12-21 05:54:51.476,1218055451,18122105,XBTUSD,3926,380374,3926.5,83631,3926.25,3926.5
1524144,2018-12-21 05:54:51.658,1218055451,18122105,XBTUSD,3926,378521,3926.5,29631,3926.25,3926.5
1524153,2018-12-21 05:54:51.827,1218055451,18122105,XBTUSD,3926,367425,3926.5,90111,3926.25,3926.5
1524162,2018-12-21 05:54:52.094,1218055452,18122105,XBTUSD,3926,374447,3926.5,74411,3926.25,3926.5
1524221,2018-12-21 05:54:52.782,1218055452,18122105,XBTUSD,3926,405828,3926.5,72445,3926.25,3926.5
1524231,2018-12-21 05:54:53.193,1218055453,18122105,XBTUSD,3926,446893,3926.5,72482,3926.25,3926.5
1524265,2018-12-21 05:54:53.646,1218055453,18122105,XBTUSD,3926,436908,3926.5,72728,3926.25,3926.5
1524275,2018-12-21 05:54:54.237,1218055454,18122105,XBTUSD,3926,486124,3926.5,78924,3926.25,3926.5
1524344,2018-12-21 05:54:56.055,1218055456,18122105,XBTUSD,3926.5,26394,3927,30587,3926.75,3927
1524356,2018-12-21 05:54:56.428,1218055456,18122105,XBTUSD,3926.5,236473,3927,10587,3926.75,3927
1524366,2018-12-21 05:54:56.565,1218055456,18122105,XBTUSD,3926.5,183632,3927,10197,3926.75,3927
1524400,2018-12-21 05:54:56.784,1218055456,18122105,XBTUSD,3926.5,268505,3927,12197,3926.75,3927
1524410,2018-12-21 05:54:56.813,1218055456,18122105,XBTUSD,3926.5,349430,3927,12197,3926.75,3927
1524420,2018-12-21 05:54:56.842,1218055456,18122105,XBTUSD,3926.5,534030,3927,12197,3926.75,3927
1524430,2018-12-21 05:54:56.888,1218055456,18122105,XBTUSD,3926.5,574230,3927,14197,3926.75,3927
1524440,2018-12-21 05:54:57.114,1218055457,18122105,XBTUSD,3927,24000,3927.5,5926,3927.25,3927.5
1524450,2018-12-21 05:54:57.639,1218055457,18122105,XBTUSD,3927,120586,3928,33264,3927.5,3928
1524491,2018-12-21 05:54:58.466,1218055458,18122105,XBTUSD,3927.5,130349,3928,37673,3927.75,3928
1524503,2018-12-21 05:54:58.614,1218055458,18122105,XBTUSD,3927.5,188464,3928,37673,3927.75,3928
1524513,2018-12-21 05:54:58.688,1218055458,18122105,XBTUSD,3927.5,233509,3928,37869,3927.75,3928
1524529,2018-12-21 05:54:58.849,1218055458,18122105,XBTUSD,3927.5,352449,3928,37874,3927.75,3928
1524550,2018-12-21 05:54:58.913,1218055458,18122105,XBTUSD,3927.5,388946,3928,48874,3927.75,3928
1524560,2018-12-21 05:54:59.239,1218055459,18122105,XBTUSD,3928.5,179720,3929,19709,3928.75,3929
1524570,2018-12-21 05:54:59.510,1218055459,18122105,XBTUSD,3928.5,242872,3929,17710,3928.75,3929
1524580,2018-12-21 05:54:59.542,1218055459,18122105,XBTUSD,3928.5,300785,3929,17709,3928.75,3929
1524590,2018-12-21 05:54:59.568,1218055459,18122105,XBTUSD,3928.5,371710,3929,39822,3928.75,3929
1524600,2018-12-21 05:54:59.601,1218055459,18122105,XBTUSD,3928.5,423725,3929,40822,3928.75,3929
1524610,2018-12-21 05:54:59.718,1218055459,18122105,XBTUSD,3928.5,499725,3929,50822,3928.75,3929
1524630,2018-12-21 05:54:59.734,1218055459,18122105,XBTUSD,3928.5,543945,3929,50822,3928.75,3929
1524640,2018-12-21 05:54:59.885,1218055459,18122105,XBTUSD,3928.5,700636,3929,52322,3928.75,3929
1524653,2018-12-21 05:55:01.094,1218055501,18122105,XBTUSD,3928.5,699196,3929,42322,3928.75,3929
1524660,2018-12-21 05:55:01.648,1218055501,18122105,XBTUSD,3928.5,678364,3929,114322,3928.75,3929
1524670,2018-12-21 05:55:01.890,1218055501,18122105,XBTUSD,3928.5,750255,3929,121292,3928.75,3929
1524680,2018-12-21 05:55:02.238,1218055502,18122105,XBTUSD,3928.5,749855,3929,163014,3928.75,3929
1524719,2018-12-21 05:55:02.569,1218055502,18122105,XBTUSD,3928.5,764185,3929,164845,3928.75,3929
1524729,2018-12-21 05:55:02.834,1218055502,18122105,XBTUSD,3928.5,755738,3929,160854,3928.75,3929
1524738,2018-12-21 05:55:03.316,1218055503,18122105,XBTUSD,3928.5,772184,3929,168170,3928.75,3929
1524805,2018-12-21 05:55:04.220,1218055504,18122105,XBTUSD,3928.5,765146,3929,67142,3928.75,3929
1524815,2018-12-21 05:55:04.997,1218055504,18122105,XBTUSD,3928.5,770205,3929,60570,3928.75,3929
1524848,2018-12-21 05:55:05.312,1218055505,18122105,XBTUSD,3928.5,748405,3929,180570,3928.75,3929
1524858,2018-12-21 05:55:05.552,1218055505,18122105,XBTUSD,3928.5,743039,3929,289493,3928.75,3929
1524868,2018-12-21 05:55:05.716,1218055505,18122105,XBTUSD,3928.5,728086,3929,294429,3928.75,3929
1524012,2018-12-21 05:54:49.238,1218055449,18122105,XBTUSD,3926,263743,3926.5,115722,3926.25,3926.5
1524022,2018-12-21 05:54:49.403,1218055449,18122105,XBTUSD,3926,280765,3926.5,98437,3926.25,3926.5
1524060,2018-12-21 05:54:50.030,1218055450,18122105,XBTUSD,3926,348815,3926.5,209669,3926.25,3926.5
1524078,2018-12-21 05:54:50.870,1218055450,18122105,XBTUSD,3926,340815,3926.5,200528,3926.25,3926.5
1524088,2018-12-21 05:54:51.010,1218055451,18122105,XBTUSD,3926,318069,3926.5,194533,3926.25,3926.5
1524098,2018-12-21 05:54:51.174,1218055451,18122105,XBTUSD,3926,328269,3926.5,190144,3926.25,3926.5
1524130,2018-12-21 05:54:51.407,1218055451,18122105,XBTUSD,3926,380374,3926.5,178627,3926.25,3926.5
1524140,2018-12-21 05:54:51.569,1218055451,18122105,XBTUSD,3926,382021,3926.5,79631,3926.25,3926.5
1524150,2018-12-21 05:54:51.807,1218055451,18122105,XBTUSD,3926,374525,3926.5,89611,3926.25,3926.5
1524160,2018-12-21 05:54:52.082,1218055452,18122105,XBTUSD,3926,374437,3926.5,86411,3926.25,3926.5
1524170,2018-12-21 05:54:52.296,1218055452,18122105,XBTUSD,3926,377726,3926.5,66702,3926.25,3926.5
1524218,2018-12-21 05:54:52.608,1218055452,18122105,XBTUSD,3926,398728,3926.5,72761,3926.25,3926.5
1524228,2018-12-21 05:54:53.035,1218055453,18122105,XBTUSD,3926,436890,3926.5,72445,3926.25,3926.5
1524268,2018-12-21 05:54:53.775,1218055453,18122105,XBTUSD,3926,443776,3926.5,79728,3926.25,3926.5
1524311,2018-12-21 05:54:54.761,1218055454,18122105,XBTUSD,3926,500124,3926.5,76924,3926.25,3926.5
1524330,2018-12-21 05:54:55.831,1218055455,18122105,XBTUSD,3926,522179,3926.5,75416,3926.25,3926.5
1524340,2018-12-21 05:54:55.973,1218055455,18122105,XBTUSD,3926,539833,3927,30587,3926.5,3927
1524350,2018-12-21 05:54:56.407,1218055456,18122105,XBTUSD,3926.5,159473,3927,10587,3926.75,3927
1524360,2018-12-21 05:54:56.512,1218055456,18122105,XBTUSD,3926.5,179602,3927,10587,3926.75,3927
1524370,2018-12-21 05:54:56.589,1218055456,18122105,XBTUSD,3926.5,195505,3927,11197,3926.75,3927
1524395,2018-12-21 05:54:56.636,1218055456,18122105,XBTUSD,3926.5,220505,3927,12197,3926.75,3927
1524405,2018-12-21 05:54:56.802,1218055456,18122105,XBTUSD,3926.5,314430,3927,12197,3926.75,3927
1524415,2018-12-21 05:54:56.826,1218055456,18122105,XBTUSD,3926.5,384430,3927,12197,3926.75,3927
1524425,2018-12-21 05:54:56.873,1218055456,18122105,XBTUSD,3926.5,556630,3927,12197,3926.75,3927
1524435,2018-12-21 05:54:56.932,1218055456,18122105,XBTUSD,3926.5,592171,3927,15225,3926.75,3927
1524444,2018-12-21 05:54:57.408,1218055457,18122105,XBTUSD,3927,47941,3927.5,5826,3927.25,3927.5
1524454,2018-12-21 05:54:57.701,1218055457,18122105,XBTUSD,3927.5,45000,3928,33264,3927.75,3928
1524479,2018-12-21 05:54:58.043,1218055458,18122105,XBTUSD,3927.5,87709,3928,33283,3927.75,3928
1524488,2018-12-21 05:54:58.393,1218055458,18122105,XBTUSD,3927.5,128332,3928,37673,3927.75,3928
1524498,2018-12-21 05:54:58.566,1218055458,18122105,XBTUSD,3927.5,160464,3928,37673,3927.75,3928
1524508,2018-12-21 05:54:58.673,1218055458,18122105,XBTUSD,3927.5,202494,3928,37869,3927.75,3928
1524517,2018-12-21 05:54:58.701,1218055458,18122105,XBTUSD,3927.5,254524,3928,37869,3927.75,3928
1524526,2018-12-21 05:54:58.773,1218055458,18122105,XBTUSD,3927.5,338449,3928,37869,3927.75,3928
1524555,2018-12-21 05:54:58.966,1218055458,18122105,XBTUSD,3927.5,346987,3928,48874,3927.75,3928
1524565,2018-12-21 05:54:59.433,1218055459,18122105,XBTUSD,3928.5,185303,3929,17709,3928.75,3929
1524575,2018-12-21 05:54:59.529,1218055459,18122105,XBTUSD,3928.5,269785,3929,17710,3928.75,3929
1524585,2018-12-21 05:54:59.555,1218055459,18122105,XBTUSD,3928.5,328785,3929,39822,3928.75,3929
1524595,2018-12-21 05:54:59.589,1218055459,18122105,XBTUSD,3928.5,398725,3929,40822,3928.75,3929
1524605,2018-12-21 05:54:59.617,1218055459,18122105,XBTUSD,3928.5,461725,3929,40822,3928.75,3929
1524635,2018-12-21 05:54:59.752,1218055459,18122105,XBTUSD,3928.5,696945,3929,50822,3928.75,3929
1524662,2018-12-21 05:55:01.671,1218055501,18122105,XBTUSD,3928.5,678366,3929,114822,3928.75,3929
1524672,2018-12-21 05:55:01.912,1218055501,18122105,XBTUSD,3928.5,749855,3929,122699,3928.75,3929
1524682,2018-12-21 05:55:02.256,1218055502,18122105,XBTUSD,3928.5,749855,3929,154510,3928.75,3929
1524721,2018-12-21 05:55:02.587,1218055502,18122105,XBTUSD,3928.5,772077,3929,164845,3928.75,3929
1524731,2018-12-21 05:55:02.862,1218055502,18122105,XBTUSD,3928.5,755738,3929,164088,3928.75,3929
1524740,2018-12-21 05:55:03.324,1218055503,18122105,XBTUSD,3928.5,772184,3929,183070,3928.75,3929
1524797,2018-12-21 05:55:03.619,1218055503,18122105,XBTUSD,3928.5,780071,3929,23070,3928.75,3929
1524807,2018-12-21 05:55:04.270,1218055504,18122105,XBTUSD,3928.5,765146,3929,59642,3928.75,3929
1524817,2018-12-21 05:55:05.026,1218055505,18122105,XBTUSD,3928.5,770205,3929,55570,3928.75,3929
1524846,2018-12-21 05:55:05.042,1218055505,18122105,XBTUSD,3928.5,749205,3929,55570,3928.75,3929
1524014,2018-12-21 05:54:49.300,1218055449,18122105,XBTUSD,3926,266765,3926.5,115722,3926.25,3926.5
1524024,2018-12-21 05:54:49.667,1218055449,18122105,XBTUSD,3926,279765,3926.5,148437,3926.25,3926.5
1524058,2018-12-21 05:54:50.005,1218055450,18122105,XBTUSD,3926,350815,3926.5,157669,3926.25,3926.5
1524080,2018-12-21 05:54:50.900,1218055450,18122105,XBTUSD,3926,339815,3926.5,200528,3926.25,3926.5
1524090,2018-12-21 05:54:51.078,1218055451,18122105,XBTUSD,3926,318269,3926.5,192968,3926.25,3926.5
1524100,2018-12-21 05:54:51.227,1218055451,18122105,XBTUSD,3926,338274,3926.5,190144,3926.25,3926.5
1524132,2018-12-21 05:54:51.464,1218055451,18122105,XBTUSD,3926,380374,3926.5,135627,3926.25,3926.5
1524142,2018-12-21 05:54:51.587,1218055451,18122105,XBTUSD,3926,375521,3926.5,79631,3926.25,3926.5
1524156,2018-12-21 05:54:51.857,1218055451,18122105,XBTUSD,3926,374425,3926.5,90111,3926.25,3926.5
1524166,2018-12-21 05:54:52.164,1218055452,18122105,XBTUSD,3926,371445,3926.5,63352,3926.25,3926.5
1524214,2018-12-21 05:54:52.315,1218055452,18122105,XBTUSD,3926,377728,3926.5,76702,3926.25,3926.5
1524224,2018-12-21 05:54:52.888,1218055452,18122105,XBTUSD,3926,426828,3926.5,72445,3926.25,3926.5
1524267,2018-12-21 05:54:53.691,1218055453,18122105,XBTUSD,3926,443908,3926.5,79728,3926.25,3926.5
1524277,2018-12-21 05:54:54.467,1218055454,18122105,XBTUSD,3926,500124,3926.5,78924,3926.25,3926.5
1524335,2018-12-21 05:54:55.877,1218055455,18122105,XBTUSD,3926,539098,3926.5,75316,3926.25,3926.5
1524345,2018-12-21 05:54:56.228,1218055456,18122105,XBTUSD,3926.5,26394,3927,10587,3926.75,3927
1524354,2018-12-21 05:54:56.424,1218055456,18122105,XBTUSD,3926.5,224473,3927,10587,3926.75,3927
1524364,2018-12-21 05:54:56.561,1218055456,18122105,XBTUSD,3926.5,180632,3927,10197,3926.75,3927
1524398,2018-12-21 05:54:56.776,1218055456,18122105,XBTUSD,3926.5,241505,3927,12197,3926.75,3927
1524408,2018-12-21 05:54:56.809,1218055456,18122105,XBTUSD,3926.5,335430,3927,12197,3926.75,3927
1524418,2018-12-21 05:54:56.836,1218055456,18122105,XBTUSD,3926.5,405430,3927,12197,3926.75,3927
1524428,2018-12-21 05:54:56.880,1218055456,18122105,XBTUSD,3926.5,570630,3927,13197,3926.75,3927
1524438,2018-12-21 05:54:57.097,1218055457,18122105,XBTUSD,3926.5,591328,3927,15421,3926.75,3927
1524448,2018-12-21 05:54:57.517,1218055457,18122105,XBTUSD,3927,120586,3927.5,5826,3927.25,3927.5
1524457,2018-12-21 05:54:57.813,1218055457,18122105,XBTUSD,3927.5,39000,3928,33283,3927.75,3928
1524482,2018-12-21 05:54:58.118,1218055458,18122105,XBTUSD,3927.5,112449,3928,30293,3927.75,3928
1524492,2018-12-21 05:54:58.479,1218055458,18122105,XBTUSD,3927.5,132349,3928,37673,3927.75,3928
1524501,2018-12-21 05:54:58.601,1218055458,18122105,XBTUSD,3927.5,176464,3928,37673,3927.75,3928
1524511,2018-12-21 05:54:58.680,1218055458,18122105,XBTUSD,3927.5,226494,3928,37869,3927.75,3928
1524521,2018-12-21 05:54:58.726,1218055458,18122105,XBTUSD,3927.5,290449,3928,37869,3927.75,3928
1524530,2018-12-21 05:54:58.851,1218055458,18122105,XBTUSD,3927.5,386043,3928,37874,3927.75,3928
1524552,2018-12-21 05:54:58.932,1218055458,18122105,XBTUSD,3927.5,388946,3928,48874,3927.75,3928
1524562,2018-12-21 05:54:59.296,1218055459,18122105,XBTUSD,3928.5,191362,3929,19709,3928.75,3929
1524572,2018-12-21 05:54:59.518,1218055459,18122105,XBTUSD,3928.5,256872,3929,17710,3928.75,3929
1524582,2018-12-21 05:54:59.550,1218055459,18122105,XBTUSD,3928.5,314785,3929,17709,3928.75,3929
1524592,2018-12-21 05:54:59.574,1218055459,18122105,XBTUSD,3928.5,376725,3929,39822,3928.75,3929
1524602,2018-12-21 05:54:59.608,1218055459,18122105,XBTUSD,3928.5,437725,3929,40822,3928.75,3929
1524612,2018-12-21 05:54:59.731,1218055459,18122105,XBTUSD,3928.5,513725,3929,50822,3928.75,3929
1524632,2018-12-21 05:54:59.738,1218055459,18122105,XBTUSD,3928.5,557945,3929,50822,3928.75,3929
1524642,2018-12-21 05:54:59.963,1218055459,18122105,XBTUSD,3928.5,696695,3929,42322,3928.75,3929
1524666,2018-12-21 05:55:01.735,1218055501,18122105,XBTUSD,3928.5,750267,3929,117772,3928.75,3929
1524676,2018-12-21 05:55:01.973,1218055501,18122105,XBTUSD,3928.5,749855,3929,178270,3928.75,3929
1524686,2018-12-21 05:55:02.340,1218055502,18122105,XBTUSD,3928.5,749555,3929,137838,3928.75,3929
1524713,2018-12-21 05:55:02.410,1218055502,18122105,XBTUSD,3928.5,751219,3929,164838,3928.75,3929
1524723,2018-12-21 05:55:02.623,1218055502,18122105,XBTUSD,3928.5,749813,3929,164845,3928.75,3929
1524733,2018-12-21 05:55:02.888,1218055502,18122105,XBTUSD,3928.5,761103,3929,164120,3928.75,3929
1524743,2018-12-21 05:55:03.440,1218055503,18122105,XBTUSD,3928.5,780549,3929,33070,3928.75,3929
1524798,2018-12-21 05:55:03.707,1218055503,18122105,XBTUSD,3928.5,780071,3929,73070,3928.75,3929
1524808,2018-12-21 05:55:04.886,1218055504,18122105,XBTUSD,3928.5,765171,3929,59642,3928.75,3929
1524844,2018-12-21 05:55:05.037,1218055505,18122105,XBTUSD,3928.5,763205,3929,55570,3928.75,3929
1524854,2018-12-21 05:55:05.402,1218055505,18122105,XBTUSD,3928.5,749039,3929,291593,3928.75,3929
1524864,2018-12-21 05:55:05.611,1218055505,18122105,XBTUSD,3928.5,728086,3929,290493,3928.75,3929
1524020,2018-12-21 05:54:49.384,1218055449,18122105,XBTUSD,3926,266765,3926.5,98437,3926.25,3926.5
1524030,2018-12-21 05:54:49.829,1218055449,18122105,XBTUSD,3926,269765,3926.5,157469,3926.25,3926.5
1524052,2018-12-21 05:54:49.924,1218055449,18122105,XBTUSD,3926,329788,3926.5,157469,3926.25,3926.5
1524075,2018-12-21 05:54:50.836,1218055450,18122105,XBTUSD,3926,348815,3926.5,205728,3926.25,3926.5
1524085,2018-12-21 05:54:50.981,1218055450,18122105,XBTUSD,3926,318081,3926.5,200533,3926.25,3926.5
1524095,2018-12-21 05:54:51.126,1218055451,18122105,XBTUSD,3926,327269,3926.5,190146,3926.25,3926.5
1524137,2018-12-21 05:54:51.511,1218055451,18122105,XBTUSD,3926,384506,3926.5,82631,3926.25,3926.5
1524147,2018-12-21 05:54:51.773,1218055451,18122105,XBTUSD,3926,378525,3926.5,40611,3926.25,3926.5
1524157,2018-12-21 05:54:51.915,1218055451,18122105,XBTUSD,3926,374425,3926.5,91611,3926.25,3926.5
1524167,2018-12-21 05:54:52.209,1218055452,18122105,XBTUSD,3926,371445,3926.5,61802,3926.25,3926.5
1524215,2018-12-21 05:54:52.321,1218055452,18122105,XBTUSD,3926,377728,3926.5,72761,3926.25,3926.5
1524225,2018-12-21 05:54:52.938,1218055452,18122105,XBTUSD,3926,422828,3926.5,72445,3926.25,3926.5
1524272,2018-12-21 05:54:53.919,1218055453,18122105,XBTUSD,3926,465776,3926.5,79924,3926.25,3926.5
1524313,2018-12-21 05:54:54.805,1218055454,18122105,XBTUSD,3926,514124,3926.5,76924,3926.25,3926.5
1524331,2018-12-21 05:54:55.835,1218055455,18122105,XBTUSD,3926,532179,3926.5,75416,3926.25,3926.5
1524341,2018-12-21 05:54:55.999,1218055455,18122105,XBTUSD,3926.5,24000,3927,30587,3926.75,3927
1524351,2018-12-21 05:54:56.410,1218055456,18122105,XBTUSD,3926.5,179473,3927,10587,3926.75,3927
1524361,2018-12-21 05:54:56.531,1218055456,18122105,XBTUSD,3926.5,179617,3927,10587,3926.75,3927
1524371,2018-12-21 05:54:56.594,1218055456,18122105,XBTUSD,3926.5,205505,3927,11197,3926.75,3927
1524396,2018-12-21 05:54:56.671,1218055456,18122105,XBTUSD,3926.5,227505,3927,12197,3926.75,3927
1524406,2018-12-21 05:54:56.804,1218055456,18122105,XBTUSD,3926.5,321430,3927,12197,3926.75,3927
1524416,2018-12-21 05:54:56.828,1218055456,18122105,XBTUSD,3926.5,391430,3927,12197,3926.75,3927
1524426,2018-12-21 05:54:56.875,1218055456,18122105,XBTUSD,3926.5,563630,3927,12197,3926.75,3927
1524436,2018-12-21 05:54:57.013,1218055457,18122105,XBTUSD,3926.5,592171,3927,15421,3926.75,3927
1524445,2018-12-21 05:54:57.414,1218055457,18122105,XBTUSD,3927,62941,3927.5,5826,3927.25,3927.5
1524455,2018-12-21 05:54:57.718,1218055457,18122105,XBTUSD,3927.5,39000,3928,33264,3927.75,3928
1524480,2018-12-21 05:54:58.051,1218055458,18122105,XBTUSD,3927.5,88049,3928,33283,3927.75,3928
1524489,2018-12-21 05:54:58.407,1218055458,18122105,XBTUSD,3927.5,128347,3928,37673,3927.75,3928
1524499,2018-12-21 05:54:58.591,1218055458,18122105,XBTUSD,3927.5,167464,3928,37673,3927.75,3928
1524509,2018-12-21 05:54:58.676,1218055458,18122105,XBTUSD,3927.5,209494,3928,37869,3927.75,3928
1524518,2018-12-21 05:54:58.709,1218055458,18122105,XBTUSD,3927.5,261524,3928,37869,3927.75,3928
1524527,2018-12-21 05:54:58.812,1218055458,18122105,XBTUSD,3927.5,345449,3928,37869,3927.75,3928
1524554,2018-12-21 05:54:58.949,1218055458,18122105,XBTUSD,3927.5,345352,3928,48874,3927.75,3928
1524564,2018-12-21 05:54:59.346,1218055459,18122105,XBTUSD,3928.5,195303,3929,17709,3928.75,3929
1524574,2018-12-21 05:54:59.527,1218055459,18122105,XBTUSD,3928.5,268872,3929,17710,3928.75,3929
1524584,2018-12-21 05:54:59.553,1218055459,18122105,XBTUSD,3928.5,321785,3929,39822,3928.75,3929
1524594,2018-12-21 05:54:59.584,1218055459,18122105,XBTUSD,3928.5,396725,3929,40822,3928.75,3929
1524604,2018-12-21 05:54:59.616,1218055459,18122105,XBTUSD,3928.5,454725,3929,40822,3928.75,3929
1524634,2018-12-21 05:54:59.745,1218055459,18122105,XBTUSD,3928.5,689945,3929,50822,3928.75,3929
1524661,2018-12-21 05:55:01.665,1218055501,18122105,XBTUSD,3928.5,678364,3929,114822,3928.75,3929
1524671,2018-12-21 05:55:01.902,1218055501,18122105,XBTUSD,3928.5,749855,3929,121292,3928.75,3929
1524681,2018-12-21 05:55:02.248,1218055502,18122105,XBTUSD,3928.5,749855,3929,163210,3928.75,3929
1524720,2018-12-21 05:55:02.575,1218055502,18122105,XBTUSD,3928.5,771185,3929,164845,3928.75,3929
1524730,2018-12-21 05:55:02.837,1218055502,18122105,XBTUSD,3928.5,755738,3929,164054,3928.75,3929
1524739,2018-12-21 05:55:03.322,1218055503,18122105,XBTUSD,3928.5,772184,3929,183170,3928.75,3929
1524796,2018-12-21 05:55:03.520,1218055503,18122105,XBTUSD,3928.5,780049,3929,23070,3928.75,3929
1524806,2018-12-21 05:55:04.257,1218055504,18122105,XBTUSD,3928.5,765146,3929,58142,3928.75,3929
1524816,2018-12-21 05:55:05.000,1218055505,18122105,XBTUSD,3928.5,770205,3929,50570,3928.75,3929
1524847,2018-12-21 05:55:05.290,1218055505,18122105,XBTUSD,3928.5,749205,3929,180570,3928.75,3929
1524857,2018-12-21 05:55:05.537,1218055505,18122105,XBTUSD,3928.5,736039,3929,289493,3928.75,3929
1524054,2018-12-21 05:54:49.940,1218055449,18122105,XBTUSD,3926,343788,3926.5,157469,3926.25,3926.5
1524083,2018-12-21 05:54:50.940,1218055450,18122105,XBTUSD,3926,333865,3926.5,200533,3926.25,3926.5
1524093,2018-12-21 05:54:51.093,1218055451,18122105,XBTUSD,3926,304269,3926.5,190146,3926.25,3926.5
1524103,2018-12-21 05:54:51.323,1218055451,18122105,XBTUSD,3926,340374,3926.5,179044,3926.25,3926.5
1524135,2018-12-21 05:54:51.491,1218055451,18122105,XBTUSD,3926,384374,3926.5,83631,3926.25,3926.5
1524145,2018-12-21 05:54:51.693,1218055451,18122105,XBTUSD,3926,378525,3926.5,29631,3926.25,3926.5
1524154,2018-12-21 05:54:51.839,1218055451,18122105,XBTUSD,3926,374425,3926.5,90111,3926.25,3926.5
1524163,2018-12-21 05:54:52.111,1218055452,18122105,XBTUSD,3926,371447,3926.5,74411,3926.25,3926.5
1524222,2018-12-21 05:54:52.867,1218055452,18122105,XBTUSD,3926,412828,3926.5,72445,3926.25,3926.5
1524232,2018-12-21 05:54:53.349,1218055453,18122105,XBTUSD,3926,436893,3926.5,72482,3926.25,3926.5
1524264,2018-12-21 05:54:53.593,1218055453,18122105,XBTUSD,3926,436893,3926.5,72728,3926.25,3926.5
1524274,2018-12-21 05:54:54.017,1218055454,18122105,XBTUSD,3926,465776,3926.5,78924,3926.25,3926.5
1524328,2018-12-21 05:54:55.789,1218055455,18122105,XBTUSD,3926,507127,3926.5,75416,3926.25,3926.5
1524337,2018-12-21 05:54:55.891,1218055455,18122105,XBTUSD,3926,540733,3926.5,23416,3926.25,3926.5
1524347,2018-12-21 05:54:56.353,1218055456,18122105,XBTUSD,3926.5,43394,3927,10587,3926.75,3927
1524357,2018-12-21 05:54:56.437,1218055456,18122105,XBTUSD,3926.5,134394,3927,10587,3926.75,3927
1524367,2018-12-21 05:54:56.566,1218055456,18122105,XBTUSD,3926.5,184632,3927,10197,3926.75,3927
1524402,2018-12-21 05:54:56.792,1218055456,18122105,XBTUSD,3926.5,282505,3927,12197,3926.75,3927
1524412,2018-12-21 05:54:56.818,1218055456,18122105,XBTUSD,3926.5,363430,3927,12197,3926.75,3927
1524422,2018-12-21 05:54:56.851,1218055456,18122105,XBTUSD,3926.5,541130,3927,12197,3926.75,3927
1524432,2018-12-21 05:54:56.897,1218055456,18122105,XBTUSD,3926.5,581230,3927,15197,3926.75,3927
1524441,2018-12-21 05:54:57.128,1218055457,18122105,XBTUSD,3927,24000,3927.5,5826,3927.25,3927.5
1524451,2018-12-21 05:54:57.695,1218055457,18122105,XBTUSD,3927.5,10000,3928,33264,3927.75,3928
1524485,2018-12-21 05:54:58.217,1218055458,18122105,XBTUSD,3927.5,112391,3928,37673,3927.75,3928
1524495,2018-12-21 05:54:58.552,1218055458,18122105,XBTUSD,3927.5,139464,3928,37673,3927.75,3928
1524505,2018-12-21 05:54:58.651,1218055458,18122105,XBTUSD,3927.5,195479,3928,37673,3927.75,3928
1524514,2018-12-21 05:54:58.690,1218055458,18122105,XBTUSD,3927.5,233524,3928,37869,3927.75,3928
1524523,2018-12-21 05:54:58.739,1218055458,18122105,XBTUSD,3927.5,304449,3928,37869,3927.75,3928
1524533,2018-12-21 05:54:58.895,1218055458,18122105,XBTUSD,3927.5,386946,3928,47874,3927.75,3928
1524558,2018-12-21 05:54:59.207,1218055459,18122105,XBTUSD,3927.5,471687,3928,48875,3927.75,3928
1524568,2018-12-21 05:54:59.471,1218055459,18122105,XBTUSD,3928.5,252872,3929,17709,3928.75,3929
1524578,2018-12-21 05:54:59.539,1218055459,18122105,XBTUSD,3928.5,293785,3929,17710,3928.75,3929
1524587,2018-12-21 05:54:59.562,1218055459,18122105,XBTUSD,3928.5,342785,3929,39822,3928.75,3929
1524597,2018-12-21 05:54:59.592,1218055459,18122105,XBTUSD,3928.5,402725,3929,40822,3928.75,3929
1524607,2018-12-21 05:54:59.626,1218055459,18122105,XBTUSD,3928.5,468725,3929,47822,3928.75,3929
1524637,2018-12-21 05:54:59.783,1218055459,18122105,XBTUSD,3928.5,698960,3929,50822,3928.75,3929
1524655,2018-12-21 05:55:01.294,1218055501,18122105,XBTUSD,3928.5,699949,3929,42322,3928.75,3929
1524663,2018-12-21 05:55:01.672,1218055501,18122105,XBTUSD,3928.5,678366,3929,112822,3928.75,3929
1524673,2018-12-21 05:55:01.914,1218055501,18122105,XBTUSD,3928.5,749855,3929,124699,3928.75,3929
1524683,2018-12-21 05:55:02.267,1218055502,18122105,XBTUSD,3928.5,749855,3929,152338,3928.75,3929
1524712,2018-12-21 05:55:02.403,1218055502,18122105,XBTUSD,3928.5,749555,3929,164838,3928.75,3929
1524722,2018-12-21 05:55:02.607,1218055502,18122105,XBTUSD,3928.5,770413,3929,164845,3928.75,3929
1524732,2018-12-21 05:55:02.877,1218055502,18122105,XBTUSD,3928.5,755738,3929,164120,3928.75,3929
1524741,2018-12-21 05:55:03.335,1218055503,18122105,XBTUSD,3928.5,772184,3929,33070,3928.75,3929
1524799,2018-12-21 05:55:03.796,1218055503,18122105,XBTUSD,3928.5,780071,3929,72070,3928.75,3929
1524809,2018-12-21 05:55:04.893,1218055504,18122105,XBTUSD,3928.5,775171,3929,59642,3928.75,3929
1524845,2018-12-21 05:55:05.039,1218055505,18122105,XBTUSD,3928.5,756205,3929,55570,3928.75,3929
1524855,2018-12-21 05:55:05.471,1218055505,18122105,XBTUSD,3928.5,729039,3929,291593,3928.75,3929
1524865,2018-12-21 05:55:05.665,1218055505,18122105,XBTUSD,3928.5,728086,3929,289493,3928.75,3929
1524055,2018-12-21 05:54:49.945,1218055449,18122105,XBTUSD,3926,350788,3926.5,157469,3926.25,3926.5
1524084,2018-12-21 05:54:50.966,1218055450,18122105,XBTUSD,3926,333081,3926.5,200533,3926.25,3926.5
1524094,2018-12-21 05:54:51.095,1218055451,18122105,XBTUSD,3926,297269,3926.5,190146,3926.25,3926.5
1524104,2018-12-21 05:54:51.332,1218055451,18122105,XBTUSD,3926,340374,3926.5,178927,3926.25,3926.5
1524136,2018-12-21 05:54:51.503,1218055451,18122105,XBTUSD,3926,384374,3926.5,82631,3926.25,3926.5
1524146,2018-12-21 05:54:51.766,1218055451,18122105,XBTUSD,3926,378525,3926.5,29611,3926.25,3926.5
1524155,2018-12-21 05:54:51.844,1218055451,18122105,XBTUSD,3926,381425,3926.5,90111,3926.25,3926.5
1524164,2018-12-21 05:54:52.116,1218055452,18122105,XBTUSD,3926,371445,3926.5,74411,3926.25,3926.5
1524223,2018-12-21 05:54:52.885,1218055452,18122105,XBTUSD,3926,419828,3926.5,72445,3926.25,3926.5
1524233,2018-12-21 05:54:53.563,1218055453,18122105,XBTUSD,3926,436893,3926.5,72678,3926.25,3926.5
1524273,2018-12-21 05:54:53.930,1218055453,18122105,XBTUSD,3926,465776,3926.5,82924,3926.25,3926.5
1524312,2018-12-21 05:54:54.778,1218055454,18122105,XBTUSD,3926,507124,3926.5,76924,3926.25,3926.5
1524329,2018-12-21 05:54:55.805,1218055455,18122105,XBTUSD,3926,511662,3926.5,75416,3926.25,3926.5
1524338,2018-12-21 05:54:55.898,1218055455,18122105,XBTUSD,3926,540733,3926.5,23396,3926.25,3926.5
1524348,2018-12-21 05:54:56.358,1218055456,18122105,XBTUSD,3926.5,50394,3927,10587,3926.75,3927
1524358,2018-12-21 05:54:56.452,1218055456,18122105,XBTUSD,3926.5,133394,3927,10587,3926.75,3927
1524368,2018-12-21 05:54:56.568,1218055456,18122105,XBTUSD,3926.5,184632,3927,11197,3926.75,3927
1524403,2018-12-21 05:54:56.795,1218055456,18122105,XBTUSD,3926.5,297430,3927,12197,3926.75,3927
1524413,2018-12-21 05:54:56.820,1218055456,18122105,XBTUSD,3926.5,370430,3927,12197,3926.75,3927
1524423,2018-12-21 05:54:56.854,1218055456,18122105,XBTUSD,3926.5,542630,3927,12197,3926.75,3927
1524433,2018-12-21 05:54:56.914,1218055456,18122105,XBTUSD,3926.5,588230,3927,15197,3926.75,3927
1524442,2018-12-21 05:54:57.185,1218055457,18122105,XBTUSD,3927,27941,3927.5,5826,3927.25,3927.5
1524452,2018-12-21 05:54:57.697,1218055457,18122105,XBTUSD,3927.5,25000,3928,33264,3927.75,3928
1524486,2018-12-21 05:54:58.259,1218055458,18122105,XBTUSD,3927.5,117391,3928,37673,3927.75,3928
1524496,2018-12-21 05:54:58.557,1218055458,18122105,XBTUSD,3927.5,146464,3928,37673,3927.75,3928
1524506,2018-12-21 05:54:58.658,1218055458,18122105,XBTUSD,3927.5,195479,3928,37869,3927.75,3928
1524515,2018-12-21 05:54:58.697,1218055458,18122105,XBTUSD,3927.5,240524,3928,37869,3927.75,3928
1524524,2018-12-21 05:54:58.747,1218055458,18122105,XBTUSD,3927.5,311449,3928,37869,3927.75,3928
1524557,2018-12-21 05:54:59.185,1218055459,18122105,XBTUSD,3927.5,346687,3928,48875,3927.75,3928
1524567,2018-12-21 05:54:59.462,1218055459,18122105,XBTUSD,3928.5,242872,3929,17709,3928.75,3929
1524577,2018-12-21 05:54:59.534,1218055459,18122105,XBTUSD,3928.5,283785,3929,17710,3928.75,3929
1524588,2018-12-21 05:54:59.565,1218055459,18122105,XBTUSD,3928.5,349785,3929,39822,3928.75,3929
1524598,2018-12-21 05:54:59.595,1218055459,18122105,XBTUSD,3928.5,409725,3929,40822,3928.75,3929
1524608,2018-12-21 05:54:59.633,1218055459,18122105,XBTUSD,3928.5,492725,3929,47822,3928.75,3929
1524638,2018-12-21 05:54:59.793,1218055459,18122105,XBTUSD,3928.5,698972,3929,50822,3928.75,3929
1524652,2018-12-21 05:55:01.094,1218055501,18122105,XBTUSD,3928.5,696696,3929,42322,3928.75,3929
1524659,2018-12-21 05:55:01.639,1218055501,18122105,XBTUSD,3928.5,708584,3929,114322,3928.75,3929
1524669,2018-12-21 05:55:01.880,1218055501,18122105,XBTUSD,3928.5,750255,3929,122792,3928.75,3929
1524679,2018-12-21 05:55:02.214,1218055502,18122105,XBTUSD,3928.5,749855,3929,173014,3928.75,3929
1524718,2018-12-21 05:55:02.557,1218055502,18122105,XBTUSD,3928.5,764485,3929,164845,3928.75,3929
1524728,2018-12-21 05:55:02.822,1218055502,18122105,XBTUSD,3928.5,755738,3929,159954,3928.75,3929
1524737,2018-12-21 05:55:03.303,1218055503,18122105,XBTUSD,3928.5,772184,3929,164170,3928.75,3929
1524804,2018-12-21 05:55:04.005,1218055504,18122105,XBTUSD,3928.5,765146,3929,63142,3928.75,3929
1524814,2018-12-21 05:55:04.973,1218055504,18122105,XBTUSD,3928.5,777205,3929,60570,3928.75,3929
1524849,2018-12-21 05:55:05.321,1218055505,18122105,XBTUSD,3928.5,748105,3929,180570,3928.75,3929
1524859,2018-12-21 05:55:05.565,1218055505,18122105,XBTUSD,3928.5,750039,3929,289493,3928.75,3929
1524869,2018-12-21 05:55:05.753,1218055505,18122105,XBTUSD,3928.5,728086,3929,284429,3928.75,3929
1524057,2018-12-21 05:54:49.993,1218055449,18122105,XBTUSD,3926,350790,3926.5,157669,3926.25,3926.5
1524079,2018-12-21 05:54:50.886,1218055450,18122105,XBTUSD,3926,338815,3926.5,200528,3926.25,3926.5
1524089,2018-12-21 05:54:51.015,1218055451,18122105,XBTUSD,3926,318069,3926.5,192968,3926.25,3926.5
1524099,2018-12-21 05:54:51.221,1218055451,18122105,XBTUSD,3926,328274,3926.5,190144,3926.25,3926.5
1524131,2018-12-21 05:54:51.417,1218055451,18122105,XBTUSD,3926,380374,3926.5,140627,3926.25,3926.5
1524141,2018-12-21 05:54:51.585,1218055451,18122105,XBTUSD,3926,382521,3926.5,79631,3926.25,3926.5
1524151,2018-12-21 05:54:51.818,1218055451,18122105,XBTUSD,3926,374425,3926.5,89611,3926.25,3926.5
1524165,2018-12-21 05:54:52.129,1218055452,18122105,XBTUSD,3926,371445,3926.5,78352,3926.25,3926.5
1524219,2018-12-21 05:54:52.612,1218055452,18122105,XBTUSD,3926,405728,3926.5,72761,3926.25,3926.5
1524229,2018-12-21 05:54:53.136,1218055453,18122105,XBTUSD,3926,446890,3926.5,72445,3926.25,3926.5
1524271,2018-12-21 05:54:53.910,1218055453,18122105,XBTUSD,3926,465776,3926.5,79728,3926.25,3926.5
1524314,2018-12-21 05:54:54.809,1218055454,18122105,XBTUSD,3926,514124,3926.5,76961,3926.25,3926.5
1524333,2018-12-21 05:54:55.846,1218055455,18122105,XBTUSD,3926,532179,3926.5,75316,3926.25,3926.5
1524342,2018-12-21 05:54:56.055,1218055456,18122105,XBTUSD,3926.5,24025,3927,30587,3926.75,3927
1524352,2018-12-21 05:54:56.413,1218055456,18122105,XBTUSD,3926.5,199473,3927,10587,3926.75,3927
1524362,2018-12-21 05:54:56.537,1218055456,18122105,XBTUSD,3926.5,179617,3927,10197,3926.75,3927
1524372,2018-12-21 05:54:56.599,1218055456,18122105,XBTUSD,3926.5,220505,3927,11197,3926.75,3927
1524397,2018-12-21 05:54:56.770,1218055456,18122105,XBTUSD,3926.5,234505,3927,12197,3926.75,3927
1524407,2018-12-21 05:54:56.807,1218055456,18122105,XBTUSD,3926.5,328430,3927,12197,3926.75,3927
1524417,2018-12-21 05:54:56.832,1218055456,18122105,XBTUSD,3926.5,398430,3927,12197,3926.75,3927
1524427,2018-12-21 05:54:56.877,1218055456,18122105,XBTUSD,3926.5,563630,3927,13197,3926.75,3927
1524437,2018-12-21 05:54:57.085,1218055457,18122105,XBTUSD,3926.5,591298,3927,15421,3926.75,3927
1524446,2018-12-21 05:54:57.416,1218055457,18122105,XBTUSD,3927,72941,3927.5,5826,3927.25,3927.5
1524456,2018-12-21 05:54:57.786,1218055457,18122105,XBTUSD,3927.5,39000,3928,33244,3927.75,3928
1524481,2018-12-21 05:54:58.082,1218055458,18122105,XBTUSD,3927.5,88049,3928,30293,3927.75,3928
1524490,2018-12-21 05:54:58.459,1218055458,18122105,XBTUSD,3927.5,128349,3928,37673,3927.75,3928
1524500,2018-12-21 05:54:58.596,1218055458,18122105,XBTUSD,3927.5,174464,3928,37673,3927.75,3928
1524510,2018-12-21 05:54:58.678,1218055458,18122105,XBTUSD,3927.5,219494,3928,37869,3927.75,3928
1524519,2018-12-21 05:54:58.714,1218055458,18122105,XBTUSD,3927.5,268524,3928,37869,3927.75,3928
1524528,2018-12-21 05:54:58.817,1218055458,18122105,XBTUSD,3927.5,352449,3928,37869,3927.75,3928
1524553,2018-12-21 05:54:58.937,1218055458,18122105,XBTUSD,3927.5,378946,3928,48874,3927.75,3928
1524563,2018-12-21 05:54:59.302,1218055459,18122105,XBTUSD,3928.5,191362,3929,17709,3928.75,3929
1524573,2018-12-21 05:54:59.519,1218055459,18122105,XBTUSD,3928.5,261872,3929,17710,3928.75,3929
