id,timestamp,hour,symbol,bidPrice,bidSize,askPrice,askSize,midPrice,microPrice
9996027,2019-01-06T06:00:03.330Z,19010606,XBTUSD,3794.5,186419,3795,270349,3794.75,3795
9996038,2019-01-06T06:00:03.453Z,19010606,XBTUSD,3794.5,186108,3795,249378,3794.75,3795
9996055,2019-01-06T06:00:04.185Z,19010606,XBTUSD,3794.5,178652,3795,265937,3794.75,3795
9996026,2019-01-06T06:00:03.321Z,19010606,XBTUSD,3794.5,186419,3795,275349,3794.75,3795
9996041,2019-01-06T06:00:03.611Z,19010606,XBTUSD,3794.5,184151,3795,253239,3794.75,3795
9996050,2019-01-06T06:00:03.890Z,19010606,XBTUSD,3794.5,178651,3795,252999,3794.75,3795
9996060,2019-01-06T06:00:04.712Z,19010606,XBTUSD,3794.5,197822,3795,265998,3794.75,3795
9996033,2019-01-06T06:00:03.338Z,19010606,XBTUSD,3794.5,186419,3795,245350,3794.75,3795
9996036,2019-01-06T06:00:03.414Z,19010606,XBTUSD,3794.5,186108,3795,242350,3794.75,3795
9996046,2019-01-06T06:00:03.807Z,19010606,XBTUSD,3794.5,176324,3795,252939,3794.75,3795
9996056,2019-01-06T06:00:04.189Z,19010606,XBTUSD,3794.5,178653,3795,265937,3794.75,3795
9996093,2019-01-06T06:00:04.918Z,19010606,XBTUSD,3794.5,194761,3795,265418,3794.75,3795
9996100,2019-01-06T06:00:05.209Z,19010606,XBTUSD,3794.5,194761,3795,245038,3794.75,3795
9996134,2019-01-06T06:00:07.230Z,19010606,XBTUSD,3794.5,189788,3795,245074,3794.75,3795
9996028,2019-01-06T06:00:03.331Z,19010606,XBTUSD,3794.5,186419,3795,265349,3794.75,3795
9996042,2019-01-06T06:00:03.620Z,19010606,XBTUSD,3794.5,183829,3795,253239,3794.75,3795
9996049,2019-01-06T06:00:03.869Z,19010606,XBTUSD,3794.5,178651,3795,252969,3794.75,3795
9996091,2019-01-06T06:00:04.910Z,19010606,XBTUSD,3794.5,197823,3795,265518,3794.75,3795
9996101,2019-01-06T06:00:05.240Z,19010606,XBTUSD,3794.5,194772,3795,245038,3794.75,3795
9996133,2019-01-06T06:00:07.066Z,19010606,XBTUSD,3794.5,189777,3795,245074,3794.75,3795
9996195,2019-01-06T06:00:09.228Z,19010606,XBTUSD,3794.5,188070,3795,246659,3794.75,3795
9996239,2019-01-06T06:00:11.889Z,19010606,XBTUSD,3794.5,165174,3795,304472,3794.75,3795
9996031,2019-01-06T06:00:03.334Z,19010606,XBTUSD,3794.5,186419,3795,250349,3794.75,3795
9996043,2019-01-06T06:00:03.749Z,19010606,XBTUSD,3794.5,183829,3795,252939,3794.75,3795
9996053,2019-01-06T06:00:04.169Z,19010606,XBTUSD,3794.5,178651,3795,255937,3794.75,3795
9996061,2019-01-06T06:00:04.716Z,19010606,XBTUSD,3794.5,197823,3795,265998,3794.75,3795
9996095,2019-01-06T06:00:04.956Z,19010606,XBTUSD,3794.5,194761,3795,255403,3794.75,3795
9996104,2019-01-06T06:00:05.781Z,19010606,XBTUSD,3794.5,190980,3795,245038,3794.75,3795
9996127,2019-01-06T06:00:06.856Z,19010606,XBTUSD,3794.5,187770,3795,250838,3794.75,3795
9996137,2019-01-06T06:00:07.605Z,19010606,XBTUSD,3794.5,188150,3795,245074,3794.75,3795
9996226,2019-01-06T06:00:10.675Z,19010606,XBTUSD,3794.5,184306,3795,262809,3794.75,3795
9996231,2019-01-06T06:00:11.200Z,19010606,XBTUSD,3794.5,165190,3795,266809,3794.75,3795
9996024,2019-01-06T06:00:03.169Z,19010606,XBTUSD,3794.5,184464,3795,275349,3794.75,3795
9996025,2019-01-06T06:00:03.272Z,19010606,XBTUSD,3794.5,184414,3795,275349,3794.75,3795
9996035,2019-01-06T06:00:03.362Z,19010606,XBTUSD,3794.5,186097,3795,242350,3794.75,3795
9996045,2019-01-06T06:00:03.802Z,19010606,XBTUSD,3794.5,180290,3795,252939,3794.75,3795
9996048,2019-01-06T06:00:03.854Z,19010606,XBTUSD,3794.5,176646,3795,252969,3794.75,3795
9996059,2019-01-06T06:00:04.404Z,19010606,XBTUSD,3794.5,197821,3795,265998,3794.75,3795
9996094,2019-01-06T06:00:04.924Z,19010606,XBTUSD,3794.5,194761,3795,255418,3794.75,3795
9996106,2019-01-06T06:00:05.976Z,19010606,XBTUSD,3794.5,187775,3795,250838,3794.75,3795
9996132,2019-01-06T06:00:06.934Z,19010606,XBTUSD,3794.5,187772,3795,245074,3794.75,3795
9996223,2019-01-06T06:00:10.433Z,19010606,XBTUSD,3794.5,184106,3795,242809,3794.75,3795
9996236,2019-01-06T06:00:11.605Z,19010606,XBTUSD,3794.5,165163,3795,304433,3794.75,3795
9996250,2019-01-06T06:00:12.408Z,19010606,XBTUSD,3794.5,115215,3795,304472,3794.75,3795
9996260,2019-01-06T06:00:13.791Z,19010606,XBTUSD,3794.5,115244,3795,316763,3794.75,3795
9996270,2019-01-06T06:00:13.813Z,19010606,XBTUSD,3794.5,115245,3795,316763,3794.75,3795
9996285,2019-01-06T06:00:15.235Z,19010606,XBTUSD,3794.5,104051,3795,336778,3794.75,3795
9996029,2019-01-06T06:00:03.332Z,19010606,XBTUSD,3794.5,186419,3795,262349,3794.75,3795
9996037,2019-01-06T06:00:03.450Z,19010606,XBTUSD,3794.5,186108,3795,246316,3794.75,3795
9996047,2019-01-06T06:00:03.843Z,19010606,XBTUSD,3794.5,176646,3795,252939,3794.75,3795
9996057,2019-01-06T06:00:04.227Z,19010606,XBTUSD,3794.5,178653,3795,265948,3794.75,3795
9996090,2019-01-06T06:00:04.866Z,19010606,XBTUSD,3794.5,197823,3795,265668,3794.75,3795
9996102,2019-01-06T06:00:05.305Z,19010606,XBTUSD,3794.5,194773,3795,245038,3794.75,3795
9996136,2019-01-06T06:00:07.589Z,19010606,XBTUSD,3794.5,190155,3795,245074,3794.75,3795
9996227,2019-01-06T06:00:10.712Z,19010606,XBTUSD,3794.5,184306,3795,266809,3794.75,3795
9996233,2019-01-06T06:00:11.225Z,19010606,XBTUSD,3794.5,165162,3795,266770,3794.75,3795
9996266,2019-01-06T06:00:13.314Z,19010606,XBTUSD,3794.5,115243,3795,336764,3794.75,3795
9996290,2019-01-06T06:00:15.907Z,19010606,XBTUSD,3794.5,104013,3795,337255,3794.75,3795
9996299,2019-01-06T06:00:16.122Z,19010606,XBTUSD,3794.5,102591,3795,335055,3794.75,3795
9996315,2019-01-06T06:00:18.059Z,19010606,XBTUSD,3794.5,102606,3795,340070,3794.75,3795
9996324,2019-01-06T06:00:18.918Z,19010606,XBTUSD,3794.5,102118,3795,340070,3794.75,3795
9996372,2019-01-06T06:00:19.665Z,19010606,XBTUSD,3794.5,101910,3795,340070,3794.75,3795
9996397,2019-01-06T06:00:21.641Z,19010606,XBTUSD,3794.5,100556,3795,337966,3794.75,3795
9996030,2019-01-06T06:00:03.333Z,19010606,XBTUSD,3794.5,186419,3795,260349,3794.75,3795
9996039,2019-01-06T06:00:03.454Z,19010606,XBTUSD,3794.5,186108,3795,253239,3794.75,3795
9996051,2019-01-06T06:00:04.150Z,19010606,XBTUSD,3794.5,178651,3795,249937,3794.75,3795
9996096,2019-01-06T06:00:04.990Z,19010606,XBTUSD,3794.5,194761,3795,255303,3794.75,3795
9996128,2019-01-06T06:00:06.901Z,19010606,XBTUSD,3794.5,187770,3795,246872,3794.75,3795
9996139,2019-01-06T06:00:07.805Z,19010606,XBTUSD,3794.5,191945,3795,245074,3794.75,3795
9996168,2019-01-06T06:00:08.438Z,19010606,XBTUSD,3794.5,191960,3795,244596,3794.75,3795
9996234,2019-01-06T06:00:11.386Z,19010606,XBTUSD,3794.5,165162,3795,268833,3794.75,3795
9996264,2019-01-06T06:00:13.216Z,19010606,XBTUSD,3794.5,115217,3795,336764,3794.75,3795
9996271,2019-01-06T06:00:13.907Z,19010606,XBTUSD,3794.5,104045,3795,316763,3794.75,3795
9996283,2019-01-06T06:00:15.213Z,19010606,XBTUSD,3794.5,104039,3795,336778,3794.75,3795
9996303,2019-01-06T06:00:16.578Z,19010606,XBTUSD,3794.5,102593,3795,338070,3794.75,3795
9996314,2019-01-06T06:00:17.311Z,19010606,XBTUSD,3794.5,102606,3795,338070,3794.75,3795
9996326,2019-01-06T06:00:19.005Z,19010606,XBTUSD,3794.5,102099,3795,340070,3794.75,3795
9996371,2019-01-06T06:00:19.231Z,19010606,XBTUSD,3794.5,102110,3795,340070,3794.75,3795
9996032,2019-01-06T06:00:03.335Z,19010606,XBTUSD,3794.5,186419,3795,245349,3794.75,3795
9996044,2019-01-06T06:00:03.794Z,19010606,XBTUSD,3794.5,184151,3795,252939,3794.75,3795
9996052,2019-01-06T06:00:04.166Z,19010606,XBTUSD,3794.5,178651,3795,259937,3794.75,3795
9996089,2019-01-06T06:00:04.853Z,19010606,XBTUSD,3794.5,197823,3795,265758,3794.75,3795
9996103,2019-01-06T06:00:05.307Z,19010606,XBTUSD,3794.5,194774,3795,245038,3794.75,3795
9996135,2019-01-06T06:00:07.527Z,19010606,XBTUSD,3794.5,190154,3795,245074,3794.75,3795
9996196,2019-01-06T06:00:09.311Z,19010606,XBTUSD,3794.5,188070,3795,244872,3794.75,3795
9996225,2019-01-06T06:00:10.660Z,19010606,XBTUSD,3794.5,184106,3795,262809,3794.75,3795
9996232,2019-01-06T06:00:11.209Z,19010606,XBTUSD,3794.5,165151,3795,266770,3794.75,3795
9996254,2019-01-06T06:00:12.709Z,19010606,XBTUSD,3794.5,115215,3795,335724,3794.75,3795
9996267,2019-01-06T06:00:13.468Z,19010606,XBTUSD,3794.5,115243,3795,326764,3794.75,3795
9996289,2019-01-06T06:00:15.905Z,19010606,XBTUSD,3794.5,104012,3795,337255,3794.75,3795
9996321,2019-01-06T06:00:18.106Z,19010606,XBTUSD,3794.5,102607,3795,340070,3794.75,3795
9996376,2019-01-06T06:00:19.985Z,19010606,XBTUSD,3794.5,101891,3795,338007,3794.75,3795
9996383,2019-01-06T06:00:20.552Z,19010606,XBTUSD,3794.5,101891,3795,340070,3794.75,3795
9996399,2019-01-06T06:00:21.837Z,19010606,XBTUSD,3794.5,100556,3795,337966,3794.75,3795
9996428,2019-01-06T06:00:23.362Z,19010606,XBTUSD,3794.5,70670,3795,335849,3794.75,3795
9996442,2019-01-06T06:00:24.503Z,19010606,XBTUSD,3794.5,70880,3795,347542,3794.75,3795
9996450,2019-01-06T06:00:25.365Z,19010606,XBTUSD,3794.5,70891,3795,353359,3794.75,3795
9996463,2019-01-06T06:00:25.547Z,19010606,XBTUSD,3794.5,70892,3795,336319,3794.75,3795
9996469,2019-01-06T06:00:25.785Z,19010606,XBTUSD,3794.5,70893,3795,346319,3794.75,3795
9996479,2019-01-06T06:00:26.002Z,19010606,XBTUSD,3794.5,70893,3795,343319,3794.75,3795
9996500,2019-01-06T06:00:26.159Z,19010606,XBTUSD,3794.5,83045,3795,296319,3794.75,3795
9996503,2019-01-06T06:00:26.442Z,19010606,XBTUSD,3794.5,84845,3795,299245,3794.75,3795
9996534,2019-01-06T06:00:28.401Z,19010606,XBTUSD,3794.5,104055,3795,296107,3794.75,3795
9996541,2019-01-06T06:00:28.642Z,19010606,XBTUSD,3794.5,96056,3795,292107,3794.75,3795
9996551,2019-01-06T06:00:28.712Z,19010606,XBTUSD,3794.5,96056,3795,276107,3794.75,3795
9996561,2019-01-06T06:00:28.905Z,19010606,XBTUSD,3794.5,97557,3795,348107,3794.75,3795
9996569,2019-01-06T06:00:28.986Z,19010606,XBTUSD,3794.5,91707,3795,396107,3794.75,3795
9996575,2019-01-06T06:00:29.001Z,19010606,XBTUSD,3794.5,85867,3795,406107,3794.75,3795
9996589,2019-01-06T06:00:29.348Z,19010606,XBTUSD,3794.5,83334,3795,456170,3794.75,3795
9996601,2019-01-06T06:00:29.470Z,19010606,XBTUSD,3794.5,83335,3795,465170,3794.75,3795
9996614,2019-01-06T06:00:29.804Z,19010606,XBTUSD,3794.5,81836,3795,467155,3794.75,3795
9996623,2019-01-06T06:00:30.680Z,19010606,XBTUSD,3794.5,81837,3795,466782,3794.75,3795
9996625,2019-01-06T06:00:30.682Z,19010606,XBTUSD,3794.5,81837,3795,458782,3794.75,3795
9996637,2019-01-06T06:00:32.210Z,19010606,XBTUSD,3794.5,81126,3795,451845,3794.75,3795
9996034,2019-01-06T06:00:03.340Z,19010606,XBTUSD,3794.5,186419,3795,242350,3794.75,3795
9996040,2019-01-06T06:00:03.543Z,19010606,XBTUSD,3794.5,186156,3795,253239,3794.75,3795
9996054,2019-01-06T06:00:04.179Z,19010606,XBTUSD,3794.5,178651,3795,265937,3794.75,3795
9996058,2019-01-06T06:00:04.332Z,19010606,XBTUSD,3794.5,178703,3795,265998,3794.75,3795
9996092,2019-01-06T06:00:04.916Z,19010606,XBTUSD,3794.5,197823,3795,265418,3794.75,3795
9996105,2019-01-06T06:00:05.877Z,19010606,XBTUSD,3794.5,189780,3795,250838,3794.75,3795
9996131,2019-01-06T06:00:06.932Z,19010606,XBTUSD,3794.5,187771,3795,245074,3794.75,3795
9996228,2019-01-06T06:00:10.982Z,19010606,XBTUSD,3794.5,165188,3795,266809,3794.75,3795
9996230,2019-01-06T06:00:11.102Z,19010606,XBTUSD,3794.5,165189,3795,266809,3794.75,3795
9996240,2019-01-06T06:00:11.973Z,19010606,XBTUSD,3794.5,115174,3795,304472,3794.75,3795
9996249,2019-01-06T06:00:12.406Z,19010606,XBTUSD,3794.5,115214,3795,304472,3794.75,3795
9996269,2019-01-06T06:00:13.764Z,19010606,XBTUSD,3794.5,115243,3795,316763,3794.75,3795
9996272,2019-01-06T06:00:13.924Z,19010606,XBTUSD,3794.5,104045,3795,326763,3794.75,3795
9996282,2019-01-06T06:00:15.172Z,19010606,XBTUSD,3794.5,104038,3795,336778,3794.75,3795
9996322,2019-01-06T06:00:18.109Z,19010606,XBTUSD,3794.5,102608,3795,340070,3794.75,3795
9996387,2019-01-06T06:00:20.960Z,19010606,XBTUSD,3794.5,100642,3795,339746,3794.75,3795
9996398,2019-01-06T06:00:21.792Z,19010606,XBTUSD,3794.5,100234,3795,337966,3794.75,3795
9996434,2019-01-06T06:00:23.807Z,19010606,XBTUSD,3794.5,70689,3795,345849,3794.75,3795
9996439,2019-01-06T06:00:24.318Z,19010606,XBTUSD,3794.5,70878,3795,345755,3794.75,3795
9996454,2019-01-06T06:00:25.380Z,19010606,XBTUSD,3794.5,70891,3795,364319,3794.75,3795
9996465,2019-01-06T06:00:25.558Z,19010606,XBTUSD,3794.5,70893,3795,346319,3794.75,3795
9996471,2019-01-06T06:00:25.793Z,19010606,XBTUSD,3794.5,70893,3795,354319,3794.75,3795
9996498,2019-01-06T06:00:26.126Z,19010606,XBTUSD,3794.5,81244,3795,296319,3794.75,3795
9996504,2019-01-06T06:00:26.551Z,19010606,XBTUSD,3794.5,84845,3795,299454,3794.75,3795
9996523,2019-01-06T06:00:27.907Z,19010606,XBTUSD,3794.5,115055,3795,295328,3794.75,3795
9996538,2019-01-06T06:00:28.629Z,19010606,XBTUSD,3794.5,96056,3795,281107,3794.75,3795
9996548,2019-01-06T06:00:28.707Z,19010606,XBTUSD,3794.5,96056,3795,290107,3794.75,3795
9996559,2019-01-06T06:00:28.899Z,19010606,XBTUSD,3794.5,97557,3795,328107,3794.75,3795
9996567,2019-01-06T06:00:28.974Z,19010606,XBTUSD,3794.5,97557,3795,396107,3794.75,3795
9996577,2019-01-06T06:00:29.014Z,19010606,XBTUSD,3794.5,83618,3795,406107,3794.75,3795
9996585,2019-01-06T06:00:29.129Z,19010606,XBTUSD,3794.5,83623,3795,428170,3794.75,3795
9996595,2019-01-06T06:00:29.368Z,19010606,XBTUSD,3794.5,83334,3795,484170,3794.75,3795
9996605,2019-01-06T06:00:29.513Z,19010606,XBTUSD,3794.5,83335,3795,451170,3794.75,3795
9996612,2019-01-06T06:00:29.792Z,19010606,XBTUSD,3794.5,81836,3795,459155,3794.75,3795
9996620,2019-01-06T06:00:30.676Z,19010606,XBTUSD,3794.5,81837,3795,481782,3794.75,3795
9996629,2019-01-06T06:00:31.200Z,19010606,XBTUSD,3794.5,81838,3795,451845,3794.75,3795
9996645,2019-01-06T06:00:33.902Z,19010606,XBTUSD,3794.5,81151,3795,451845,3794.75,3795
9996088,2019-01-06T06:00:04.847Z,19010606,XBTUSD,3794.5,197823,3795,265848,3794.75,3795
9996098,2019-01-06T06:00:05.040Z,19010606,XBTUSD,3794.5,194761,3795,255113,3794.75,3795
9996129,2019-01-06T06:00:06.909Z,19010606,XBTUSD,3794.5,187770,3795,243011,3794.75,3795
9996138,2019-01-06T06:00:07.611Z,19010606,XBTUSD,3794.5,188151,3795,245074,3794.75,3795
9996167,2019-01-06T06:00:08.247Z,19010606,XBTUSD,3794.5,191960,3795,245074,3794.75,3795
9996221,2019-01-06T06:00:10.368Z,19010606,XBTUSD,3794.5,188071,3795,242809,3794.75,3795
9996238,2019-01-06T06:00:11.821Z,19010606,XBTUSD,3794.5,165174,3795,304433,3794.75,3795
9996253,2019-01-06T06:00:12.685Z,19010606,XBTUSD,3794.5,115215,3795,325724,3794.75,3795
9996263,2019-01-06T06:00:13.209Z,19010606,XBTUSD,3794.5,115217,3795,336724,3794.75,3795
9996301,2019-01-06T06:00:16.408Z,19010606,XBTUSD,3794.5,102592,3795,338055,3794.75,3795
9996313,2019-01-06T06:00:17.303Z,19010606,XBTUSD,3794.5,102605,3795,338070,3794.75,3795
9996323,2019-01-06T06:00:18.250Z,19010606,XBTUSD,3794.5,102618,3795,340070,3794.75,3795
9996373,2019-01-06T06:00:19.716Z,19010606,XBTUSD,3794.5,101890,3795,340070,3794.75,3795
9996385,2019-01-06T06:00:20.653Z,19010606,XBTUSD,3794.5,101641,3795,339746,3794.75,3795
9996396,2019-01-06T06:00:21.617Z,19010606,XBTUSD,3794.5,100555,3795,337966,3794.75,3795
9996413,2019-01-06T06:00:22.559Z,19010606,XBTUSD,3794.5,70846,3795,338006,3794.75,3795
9996425,2019-01-06T06:00:23.320Z,19010606,XBTUSD,3794.5,70858,3795,335943,3794.75,3795
9996435,2019-01-06T06:00:23.809Z,19010606,XBTUSD,3794.5,70783,3795,345849,3794.75,3795
9996444,2019-01-06T06:00:24.634Z,19010606,XBTUSD,3794.5,70880,3795,346359,3794.75,3795
9996452,2019-01-06T06:00:25.373Z,19010606,XBTUSD,3794.5,70891,3795,361359,3794.75,3795
9996462,2019-01-06T06:00:25.462Z,19010606,XBTUSD,3794.5,70891,3795,336319,3794.75,3795
9996472,2019-01-06T06:00:25.795Z,19010606,XBTUSD,3794.5,70893,3795,359319,3794.75,3795
9996481,2019-01-06T06:00:26.055Z,19010606,XBTUSD,3794.5,70893,3795,328319,3794.75,3795
9996491,2019-01-06T06:00:26.079Z,19010606,XBTUSD,3794.5,70893,3795,306319,3794.75,3795
9996501,2019-01-06T06:00:26.162Z,19010606,XBTUSD,3794.5,84845,3795,296319,3794.75,3795
9996536,2019-01-06T06:00:28.453Z,19010606,XBTUSD,3794.5,96056,3795,296107,3794.75,3795
9996546,2019-01-06T06:00:28.701Z,19010606,XBTUSD,3794.5,96056,3795,296107,3794.75,3795
9996556,2019-01-06T06:00:28.888Z,19010606,XBTUSD,3794.5,97557,3795,298107,3794.75,3795
9996566,2019-01-06T06:00:28.971Z,19010606,XBTUSD,3794.5,97557,3795,386107,3794.75,3795
9996580,2019-01-06T06:00:29.067Z,19010606,XBTUSD,3794.5,83623,3795,426107,3794.75,3795
9996592,2019-01-06T06:00:29.360Z,19010606,XBTUSD,3794.5,83334,3795,466170,3794.75,3795
9996602,2019-01-06T06:00:29.498Z,19010606,XBTUSD,3794.5,83335,3795,461170,3794.75,3795
9996613,2019-01-06T06:00:29.800Z,19010606,XBTUSD,3794.5,81836,3795,464155,3794.75,3795
9996624,2019-01-06T06:00:30.681Z,19010606,XBTUSD,3794.5,81837,3795,463782,3794.75,3795
9996638,2019-01-06T06:00:32.280Z,19010606,XBTUSD,3794.5,81127,3795,451845,3794.75,3795
9996644,2019-01-06T06:00:33.846Z,19010606,XBTUSD,3794.5,81150,3795,451845,3794.75,3795
9996654,2019-01-06T06:00:34.507Z,19010606,XBTUSD,3794.5,81154,3795,463129,3794.75,3795
9996659,2019-01-06T06:00:35.913Z,19010606,XBTUSD,3794.5,81157,3795,463129,3794.75,3795
9996660,2019-01-06T06:00:36.179Z,19010606,XBTUSD,3794.5,81157,3795,461066,3794.75,3795
9996672,2019-01-06T06:00:37.237Z,19010606,XBTUSD,3794.5,81119,3795,453129,3794.75,3795
9996688,2019-01-06T06:00:38.505Z,19010606,XBTUSD,3794,35122,3794.5,5067,3794.25,3794.5
9996701,2019-01-06T06:00:38.535Z,19010606,XBTUSD,3794,35122,3794.5,228975,3794.25,3794.5
9996705,2019-01-06T06:00:38.543Z,19010606,XBTUSD,3794,35122,3794.5,252141,3794.25,3794.5
9996715,2019-01-06T06:00:38.592Z,19010606,XBTUSD,3794,41137,3794.5,347170,3794.25,3794.5
9996725,2019-01-06T06:00:38.633Z,19010606,XBTUSD,3794,43387,3794.5,543313,3794.25,3794.5
9996732,2019-01-06T06:00:38.651Z,19010606,XBTUSD,3794,49238,3794.5,563645,3794.25,3794.5
9996744,2019-01-06T06:00:38.706Z,19010606,XBTUSD,3794,51488,3794.5,540719,3794.25,3794.5
9996751,2019-01-06T06:00:38.731Z,19010606,XBTUSD,3794,57620,3794.5,560719,3794.25,3794.5
9996768,2019-01-06T06:00:39.013Z,19010606,XBTUSD,3794,53507,3794.5,517932,3794.25,3794.5
9996774,2019-01-06T06:00:39.048Z,19010606,XBTUSD,3794,53307,3794.5,517932,3794.25,3794.5
9996784,2019-01-06T06:00:39.109Z,19010606,XBTUSD,3794,53400,3794.5,522957,3794.25,3794.5
9996794,2019-01-06T06:00:39.383Z,19010606,XBTUSD,3794,152494,3794.5,517709,3794.25,3794.5
9996807,2019-01-06T06:00:40.401Z,19010606,XBTUSD,3794,156353,3794.5,533289,3794.25,3794.5
9996810,2019-01-06T06:00:40.409Z,19010606,XBTUSD,3794,156353,3794.5,543289,3794.25,3794.5
9996820,2019-01-06T06:00:40.474Z,19010606,XBTUSD,3794,156353,3794.5,544476,3794.25,3794.5
9996097,2019-01-06T06:00:05.016Z,19010606,XBTUSD,3794.5,194761,3795,255263,3794.75,3795
9996099,2019-01-06T06:00:05.188Z,19010606,XBTUSD,3794.5,194761,3795,255038,3794.75,3795
9996130,2019-01-06T06:00:06.920Z,19010606,XBTUSD,3794.5,187770,3795,245074,3794.75,3795
9996166,2019-01-06T06:00:08.184Z,19010606,XBTUSD,3794.5,191965,3795,245074,3794.75,3795
9996169,2019-01-06T06:00:08.683Z,19010606,XBTUSD,3794.5,191960,3795,246659,3794.75,3795
9996194,2019-01-06T06:00:09.186Z,19010606,XBTUSD,3794.5,188059,3795,246659,3794.75,3795
9996222,2019-01-06T06:00:10.378Z,19010606,XBTUSD,3794.5,184105,3795,242809,3794.75,3795
9996235,2019-01-06T06:00:11.538Z,19010606,XBTUSD,3794.5,165162,3795,304433,3794.75,3795
9996252,2019-01-06T06:00:12.490Z,19010606,XBTUSD,3794.5,115215,3795,322724,3794.75,3795
9996268,2019-01-06T06:00:13.704Z,19010606,XBTUSD,3794.5,115243,3795,316764,3794.75,3795
9996288,2019-01-06T06:00:15.803Z,19010606,XBTUSD,3794.5,104011,3795,337255,3794.75,3795
9996302,2019-01-06T06:00:16.410Z,19010606,XBTUSD,3794.5,102593,3795,338055,3794.75,3795
9996374,2019-01-06T06:00:19.743Z,19010606,XBTUSD,3794.5,101891,3795,340070,3794.75,3795
9996393,2019-01-06T06:00:21.299Z,19010606,XBTUSD,3794.5,100554,3795,337706,3794.75,3795
9996401,2019-01-06T06:00:21.889Z,19010606,XBTUSD,3794.5,100556,3795,337966,3794.75,3795
9996426,2019-01-06T06:00:23.351Z,19010606,XBTUSD,3794.5,70764,3795,335943,3794.75,3795
9996436,2019-01-06T06:00:23.849Z,19010606,XBTUSD,3794.5,70877,3795,345849,3794.75,3795
9996441,2019-01-06T06:00:24.403Z,19010606,XBTUSD,3794.5,70879,3795,347542,3794.75,3795
9996451,2019-01-06T06:00:25.368Z,19010606,XBTUSD,3794.5,70891,3795,358359,3794.75,3795
9996464,2019-01-06T06:00:25.550Z,19010606,XBTUSD,3794.5,70893,3795,336319,3794.75,3795
9996474,2019-01-06T06:00:25.802Z,19010606,XBTUSD,3794.5,70893,3795,373319,3794.75,3795
9996480,2019-01-06T06:00:26.012Z,19010606,XBTUSD,3794.5,70893,3795,333319,3794.75,3795
9996493,2019-01-06T06:00:26.107Z,19010606,XBTUSD,3794.5,74943,3795,306319,3794.75,3795
9996544,2019-01-06T06:00:28.654Z,19010606,XBTUSD,3794.5,96056,3795,311107,3794.75,3795
9996560,2019-01-06T06:00:28.902Z,19010606,XBTUSD,3794.5,97557,3795,338107,3794.75,3795
9996564,2019-01-06T06:00:28.930Z,19010606,XBTUSD,3794.5,97557,3795,378107,3794.75,3795
9996574,2019-01-06T06:00:28.999Z,19010606,XBTUSD,3794.5,85867,3795,396107,3794.75,3795
9996591,2019-01-06T06:00:29.356Z,19010606,XBTUSD,3794.5,83334,3795,463170,3794.75,3795
9996603,2019-01-06T06:00:29.502Z,19010606,XBTUSD,3794.5,83335,3795,456170,3794.75,3795
9996615,2019-01-06T06:00:29.806Z,19010606,XBTUSD,3794.5,81836,3795,477155,3794.75,3795
9996632,2019-01-06T06:00:31.885Z,19010606,XBTUSD,3794.5,81125,3795,451845,3794.75,3795
9996646,2019-01-06T06:00:33.904Z,19010606,XBTUSD,3794.5,81152,3795,451845,3794.75,3795
9996678,2019-01-06T06:00:37.806Z,19010606,XBTUSD,3794.5,61132,3795,451539,3794.75,3795
9996683,2019-01-06T06:00:38.415Z,19010606,XBTUSD,3794,35122,3795,451500,3794.5,3795
9996693,2019-01-06T06:00:38.517Z,19010606,XBTUSD,3794,35122,3794.5,48568,3794.25,3794.5
9996703,2019-01-06T06:00:38.540Z,19010606,XBTUSD,3794,35122,3794.5,232850,3794.25,3794.5
9996706,2019-01-06T06:00:38.548Z,19010606,XBTUSD,3794,41137,3794.5,252141,3794.25,3794.5
9996721,2019-01-06T06:00:38.617Z,19010606,XBTUSD,3794,41137,3794.5,422524,3794.25,3794.5
9996735,2019-01-06T06:00:38.660Z,19010606,XBTUSD,3794,51488,3794.5,570645,3794.25,3794.5
9996747,2019-01-06T06:00:38.721Z,19010606,XBTUSD,3794,61291,3794.5,550719,3794.25,3794.5
9996756,2019-01-06T06:00:38.767Z,19010606,XBTUSD,3794,55370,3794.5,600719,3794.25,3794.5
9996763,2019-01-06T06:00:38.875Z,19010606,XBTUSD,3794,53461,3794.5,527363,3794.25,3794.5
9996782,2019-01-06T06:00:39.103Z,19010606,XBTUSD,3794,53306,3794.5,542957,3794.25,3794.5
9996785,2019-01-06T06:00:39.129Z,19010606,XBTUSD,3794,53400,3794.5,523447,3794.25,3794.5
9996795,2019-01-06T06:00:39.410Z,19010606,XBTUSD,3794,152650,3794.5,517709,3794.25,3794.5
9996808,2019-01-06T06:00:40.405Z,19010606,XBTUSD,3794,156353,3794.5,535289,3794.25,3794.5
9996817,2019-01-06T06:00:40.460Z,19010606,XBTUSD,3794,156353,3794.5,561476,3794.25,3794.5
9996821,2019-01-06T06:00:40.475Z,19010606,XBTUSD,3794,156353,3794.5,541476,3794.25,3794.5
9996866,2019-01-06T06:00:41.404Z,19010606,XBTUSD,3794,148758,3794.5,539766,3794.25,3794.5
9996881,2019-01-06T06:00:42.419Z,19010606,XBTUSD,3794,148863,3794.5,544787,3794.25,3794.5
9996900,2019-01-06T06:00:43.607Z,19010606,XBTUSD,3794,157378,3794.5,549921,3794.25,3794.5
9996170,2019-01-06T06:00:08.942Z,19010606,XBTUSD,3794.5,188099,3795,246659,3794.75,3795
9996197,2019-01-06T06:00:09.869Z,19010606,XBTUSD,3794.5,188070,3795,242809,3794.75,3795
9996224,2019-01-06T06:00:10.642Z,19010606,XBTUSD,3794.5,184106,3795,252809,3794.75,3795
9996237,2019-01-06T06:00:11.709Z,19010606,XBTUSD,3794.5,165164,3795,304433,3794.75,3795
9996251,2019-01-06T06:00:12.471Z,19010606,XBTUSD,3794.5,115215,3795,312724,3794.75,3795
9996261,2019-01-06T06:00:13.113Z,19010606,XBTUSD,3794.5,115215,3795,336724,3794.75,3795
9996276,2019-01-06T06:00:14.083Z,19010606,XBTUSD,3794.5,104038,3795,336763,3794.75,3795
9996287,2019-01-06T06:00:15.460Z,19010606,XBTUSD,3794.5,104051,3795,337255,3794.75,3795
9996298,2019-01-06T06:00:16.099Z,19010606,XBTUSD,3794.5,102591,3795,337255,3794.75,3795
9996384,2019-01-06T06:00:20.558Z,19010606,XBTUSD,3794.5,101891,3795,339746,3794.75,3795
9996390,2019-01-06T06:00:21.083Z,19010606,XBTUSD,3794.5,100543,3795,339746,3794.75,3795
9996400,2019-01-06T06:00:21.844Z,19010606,XBTUSD,3794.5,100234,3795,337966,3794.75,3795
9996433,2019-01-06T06:00:23.676Z,19010606,XBTUSD,3794.5,70595,3795,345849,3794.75,3795
9996445,2019-01-06T06:00:24.711Z,19010606,XBTUSD,3794.5,70880,3795,336359,3794.75,3795
9996453,2019-01-06T06:00:25.375Z,19010606,XBTUSD,3794.5,70891,3795,364359,3794.75,3795
9996461,2019-01-06T06:00:25.460Z,19010606,XBTUSD,3794.5,70891,3795,341319,3794.75,3795
9996473,2019-01-06T06:00:25.798Z,19010606,XBTUSD,3794.5,70893,3795,369319,3794.75,3795
9996482,2019-01-06T06:00:26.056Z,19010606,XBTUSD,3794.5,70893,3795,323319,3794.75,3795
9996499,2019-01-06T06:00:26.128Z,19010606,XBTUSD,3794.5,81245,3795,296319,3794.75,3795
9996521,2019-01-06T06:00:27.883Z,19010606,XBTUSD,3794.5,115053,3795,295328,3794.75,3795
9996537,2019-01-06T06:00:28.586Z,19010606,XBTUSD,3794.5,96056,3795,276107,3794.75,3795
9996549,2019-01-06T06:00:28.709Z,19010606,XBTUSD,3794.5,96056,3795,285107,3794.75,3795
9996552,2019-01-06T06:00:28.838Z,19010606,XBTUSD,3794.5,96057,3795,276107,3794.75,3795
9996562,2019-01-06T06:00:28.910Z,19010606,XBTUSD,3794.5,97557,3795,358107,3794.75,3795
9996572,2019-01-06T06:00:28.993Z,19010606,XBTUSD,3794.5,87657,3795,396107,3794.75,3795
9996587,2019-01-06T06:00:29.236Z,19010606,XBTUSD,3794.5,83634,3795,451170,3794.75,3795
9996597,2019-01-06T06:00:29.429Z,19010606,XBTUSD,3794.5,83335,3795,488170,3794.75,3795
9996610,2019-01-06T06:00:29.783Z,19010606,XBTUSD,3794.5,81836,3795,454155,3794.75,3795
9996647,2019-01-06T06:00:33.919Z,19010606,XBTUSD,3794.5,81152,3795,451066,3794.75,3795
9996657,2019-01-06T06:00:35.582Z,19010606,XBTUSD,3794.5,81155,3795,463129,3794.75,3795
9996661,2019-01-06T06:00:36.414Z,19010606,XBTUSD,3794.5,81158,3795,461066,3794.75,3795
9996675,2019-01-06T06:00:37.404Z,19010606,XBTUSD,3794.5,61119,3795,451539,3794.75,3795
9996682,2019-01-06T06:00:38.353Z,19010606,XBTUSD,3794.5,61093,3795,451500,3794.75,3795
9996692,2019-01-06T06:00:38.513Z,19010606,XBTUSD,3794,35122,3794.5,48418,3794.25,3794.5
9996697,2019-01-06T06:00:38.528Z,19010606,XBTUSD,3794,35122,3794.5,53908,3794.25,3794.5
9996708,2019-01-06T06:00:38.555Z,19010606,XBTUSD,3794,41137,3794.5,288745,3794.25,3794.5
9996719,2019-01-06T06:00:38.610Z,19010606,XBTUSD,3794,41137,3794.5,367524,3794.25,3794.5
9996731,2019-01-06T06:00:38.650Z,19010606,XBTUSD,3794,47438,3794.5,563645,3794.25,3794.5
9996738,2019-01-06T06:00:38.681Z,19010606,XBTUSD,3794,51488,3794.5,580666,3794.25,3794.5
9996748,2019-01-06T06:00:38.724Z,19010606,XBTUSD,3794,61670,3794.5,550719,3794.25,3794.5
9996758,2019-01-06T06:00:38.791Z,19010606,XBTUSD,3794,53120,3794.5,524930,3794.25,3794.5
9996766,2019-01-06T06:00:38.967Z,19010606,XBTUSD,3794,53461,3794.5,517932,3794.25,3794.5
9996781,2019-01-06T06:00:39.100Z,19010606,XBTUSD,3794,53212,3794.5,542957,3794.25,3794.5
9996787,2019-01-06T06:00:39.141Z,19010606,XBTUSD,3794,153494,3794.5,523447,3794.25,3794.5
9996799,2019-01-06T06:00:39.728Z,19010606,XBTUSD,3794,152353,3794.5,527789,3794.25,3794.5
9996814,2019-01-06T06:00:40.430Z,19010606,XBTUSD,3794,156353,3794.5,561292,3794.25,3794.5
9996823,2019-01-06T06:00:40.484Z,19010606,XBTUSD,3794,156353,3794.5,538988,3794.25,3794.5
9996872,2019-01-06T06:00:42.010Z,19010606,XBTUSD,3794,148761,3794.5,544787,3794.25,3794.5
9996885,2019-01-06T06:00:42.606Z,19010606,XBTUSD,3794,148865,3794.5,564847,3794.25,3794.5
9996897,2019-01-06T06:00:43.304Z,19010606,XBTUSD,3794,148867,3794.5,549901,3794.25,3794.5
9996913,2019-01-06T06:00:44.235Z,19010606,XBTUSD,3794,150410,3794.5,532951,3794.25,3794.5
9996921,2019-01-06T06:00:44.703Z,19010606,XBTUSD,3794,147891,3794.5,532181,3794.25,3794.5
9996939,2019-01-06T06:00:48.889Z,19010606,XBTUSD,3794,157497,3794.5,520592,3794.25,3794.5
9996962,2019-01-06T06:00:49.778Z,19010606,XBTUSD,3794,164734,3794.5,587134,3794.25,3794.5
9996248,2019-01-06T06:00:12.333Z,19010606,XBTUSD,3794.5,115213,3795,304472,3794.75,3795
9996265,2019-01-06T06:00:13.227Z,19010606,XBTUSD,3794.5,115228,3795,336764,3794.75,3795
9996286,2019-01-06T06:00:15.371Z,19010606,XBTUSD,3794.5,104051,3795,336775,3794.75,3795
9996394,2019-01-06T06:00:21.464Z,19010606,XBTUSD,3794.5,100554,3795,337956,3794.75,3795
9996414,2019-01-06T06:00:22.678Z,19010606,XBTUSD,3794.5,70846,3795,335943,3794.75,3795
9996429,2019-01-06T06:00:23.379Z,19010606,XBTUSD,3794.5,70576,3795,335849,3794.75,3795
9996449,2019-01-06T06:00:25.357Z,19010606,XBTUSD,3794.5,70891,3795,343359,3794.75,3795
9996460,2019-01-06T06:00:25.459Z,19010606,XBTUSD,3794.5,70891,3795,346319,3794.75,3795
9996470,2019-01-06T06:00:25.789Z,19010606,XBTUSD,3794.5,70893,3795,351319,3794.75,3795
9996483,2019-01-06T06:00:26.061Z,19010606,XBTUSD,3794.5,70893,3795,320319,3794.75,3795
9996492,2019-01-06T06:00:26.104Z,19010606,XBTUSD,3794.5,72693,3795,306319,3794.75,3795
9996502,2019-01-06T06:00:26.441Z,19010606,XBTUSD,3794.5,84845,3795,295119,3794.75,3795
9996522,2019-01-06T06:00:27.905Z,19010606,XBTUSD,3794.5,115054,3795,295328,3794.75,3795
9996533,2019-01-06T06:00:28.378Z,19010606,XBTUSD,3794.5,104055,3795,295328,3794.75,3795
9996543,2019-01-06T06:00:28.651Z,19010606,XBTUSD,3794.5,96056,3795,307107,3794.75,3795
9996553,2019-01-06T06:00:28.859Z,19010606,XBTUSD,3794.5,97557,3795,276107,3794.75,3795
9996571,2019-01-06T06:00:28.983Z,19010606,XBTUSD,3794.5,93957,3795,396107,3794.75,3795
9996579,2019-01-06T06:00:29.029Z,19010606,XBTUSD,3794.5,83618,3795,426107,3794.75,3795
9996590,2019-01-06T06:00:29.350Z,19010606,XBTUSD,3794.5,83334,3795,458170,3794.75,3795
9996600,2019-01-06T06:00:29.465Z,19010606,XBTUSD,3794.5,83335,3795,470170,3794.75,3795
9996609,2019-01-06T06:00:29.722Z,19010606,XBTUSD,3794.5,81836,3795,449155,3794.75,3795
9996622,2019-01-06T06:00:30.679Z,19010606,XBTUSD,3794.5,81837,3795,476782,3794.75,3795
9996630,2019-01-06T06:00:31.208Z,19010606,XBTUSD,3794.5,81839,3795,451845,3794.75,3795
9996674,2019-01-06T06:00:37.346Z,19010606,XBTUSD,3794.5,61119,3795,451529,3794.75,3795
9996690,2019-01-06T06:00:38.510Z,19010606,XBTUSD,3794,35122,3794.5,6105,3794.25,3794.5
9996699,2019-01-06T06:00:38.532Z,19010606,XBTUSD,3794,35122,3794.5,222975,3794.25,3794.5
9996712,2019-01-06T06:00:38.578Z,19010606,XBTUSD,3794,41137,3794.5,326745,3794.25,3794.5
9996716,2019-01-06T06:00:38.600Z,19010606,XBTUSD,3794,41137,3794.5,347279,3794.25,3794.5
9996727,2019-01-06T06:00:38.641Z,19010606,XBTUSD,3794,43387,3794.5,562058,3794.25,3794.5
9996737,2019-01-06T06:00:38.675Z,19010606,XBTUSD,3794,51488,3794.5,570666,3794.25,3794.5
9996745,2019-01-06T06:00:38.714Z,19010606,XBTUSD,3794,51488,3794.5,550719,3794.25,3794.5
9996754,2019-01-06T06:00:38.742Z,19010606,XBTUSD,3794,55370,3794.5,580719,3794.25,3794.5
9996760,2019-01-06T06:00:38.829Z,19010606,XBTUSD,3794,53120,3794.5,525118,3794.25,3794.5
9996777,2019-01-06T06:00:39.070Z,19010606,XBTUSD,3794,53118,3794.5,522957,3794.25,3794.5
9996791,2019-01-06T06:00:39.238Z,19010606,XBTUSD,3794,152494,3794.5,522521,3794.25,3794.5
9996797,2019-01-06T06:00:39.684Z,19010606,XBTUSD,3794,152351,3794.5,527789,3794.25,3794.5
9996812,2019-01-06T06:00:40.415Z,19010606,XBTUSD,3794,156353,3794.5,558289,3794.25,3794.5
9996829,2019-01-06T06:00:41.039Z,19010606,XBTUSD,3794,156334,3794.5,539766,3794.25,3794.5
9996882,2019-01-06T06:00:42.506Z,19010606,XBTUSD,3794,148864,3794.5,544787,3794.25,3794.5
9996895,2019-01-06T06:00:43.232Z,19010606,XBTUSD,3794,148865,3794.5,549901,3794.25,3794.5
9996910,2019-01-06T06:00:44.202Z,19010606,XBTUSD,3794,150409,3794.5,550951,3794.25,3794.5
9996918,2019-01-06T06:00:44.556Z,19010606,XBTUSD,3794,147890,3794.5,536031,3794.25,3794.5
9996936,2019-01-06T06:00:48.725Z,19010606,XBTUSD,3794,156888,3794.5,525254,3794.25,3794.5
9996943,2019-01-06T06:00:49.040Z,19010606,XBTUSD,3794,164731,3794.5,510592,3794.25,3794.5
9996956,2019-01-06T06:00:49.313Z,19010606,XBTUSD,3794,164732,3794.5,510971,3794.25,3794.5
9997057,2019-01-06T06:00:51.028Z,19010606,XBTUSD,3794,165238,3794.5,596613,3794.25,3794.5
9997071,2019-01-06T06:00:51.915Z,19010606,XBTUSD,3794,167240,3794.5,525686,3794.25,3794.5
9997103,2019-01-06T06:00:53.207Z,19010606,XBTUSD,3794,159288,3794.5,553301,3794.25,3794.5
9997110,2019-01-06T06:00:53.615Z,19010606,XBTUSD,3794,153470,3794.5,562750,3794.25,3794.5
9996262,2019-01-06T06:00:13.204Z,19010606,XBTUSD,3794.5,115216,3795,336724,3794.75,3795
9996273,2019-01-06T06:00:13.927Z,19010606,XBTUSD,3794.5,104045,3795,336763,3794.75,3795
9996284,2019-01-06T06:00:15.218Z,19010606,XBTUSD,3794.5,104040,3795,336778,3794.75,3795
9996375,2019-01-06T06:00:19.829Z,19010606,XBTUSD,3794.5,101891,3795,333881,3794.75,3795
9996388,2019-01-06T06:00:20.970Z,19010606,XBTUSD,3794.5,100643,3795,339746,3794.75,3795
9996391,2019-01-06T06:00:21.232Z,19010606,XBTUSD,3794.5,100543,3795,337746,3794.75,3795
9996412,2019-01-06T06:00:22.414Z,19010606,XBTUSD,3794.5,100558,3795,338006,3794.75,3795
9996432,2019-01-06T06:00:23.584Z,19010606,XBTUSD,3794.5,70501,3795,345849,3794.75,3795
9996443,2019-01-06T06:00:24.611Z,19010606,XBTUSD,3794.5,70880,3795,348422,3794.75,3795
9996447,2019-01-06T06:00:25.291Z,19010606,XBTUSD,3794.5,70891,3795,336359,3794.75,3795
9996457,2019-01-06T06:00:25.452Z,19010606,XBTUSD,3794.5,70891,3795,357319,3794.75,3795
9996467,2019-01-06T06:00:25.770Z,19010606,XBTUSD,3794.5,70893,3795,341319,3794.75,3795
9996477,2019-01-06T06:00:25.995Z,19010606,XBTUSD,3794.5,70893,3795,363319,3794.75,3795
9996486,2019-01-06T06:00:26.069Z,19010606,XBTUSD,3794.5,70893,3795,310319,3794.75,3795
9996494,2019-01-06T06:00:26.108Z,19010606,XBTUSD,3794.5,77193,3795,306319,3794.75,3795
9996507,2019-01-06T06:00:27.009Z,19010606,XBTUSD,3794.5,84847,3795,295328,3794.75,3795
9996535,2019-01-06T06:00:28.432Z,19010606,XBTUSD,3794.5,96055,3795,296107,3794.75,3795
9996545,2019-01-06T06:00:28.695Z,19010606,XBTUSD,3794.5,96056,3795,306107,3794.75,3795
9996555,2019-01-06T06:00:28.882Z,19010606,XBTUSD,3794.5,97557,3795,296107,3794.75,3795
9996568,2019-01-06T06:00:28.981Z,19010606,XBTUSD,3794.5,95757,3795,396107,3794.75,3795
9996588,2019-01-06T06:00:29.262Z,19010606,XBTUSD,3794.5,83334,3795,451170,3794.75,3795
9996604,2019-01-06T06:00:29.508Z,19010606,XBTUSD,3794.5,83335,3795,453170,3794.75,3795
9996608,2019-01-06T06:00:29.661Z,19010606,XBTUSD,3794.5,81836,3795,451218,3794.75,3795
9996619,2019-01-06T06:00:29.913Z,19010606,XBTUSD,3794.5,81837,3795,486782,3794.75,3795
9996627,2019-01-06T06:00:30.760Z,19010606,XBTUSD,3794.5,81837,3795,455845,3794.75,3795
9996642,2019-01-06T06:00:33.303Z,19010606,XBTUSD,3794.5,81139,3795,451845,3794.75,3795
9996658,2019-01-06T06:00:35.910Z,19010606,XBTUSD,3794.5,81156,3795,463129,3794.75,3795
9996662,2019-01-06T06:00:36.432Z,19010606,XBTUSD,3794.5,81159,3795,461066,3794.75,3795
9996673,2019-01-06T06:00:37.321Z,19010606,XBTUSD,3794.5,61119,3795,453129,3794.75,3795
9996685,2019-01-06T06:00:38.493Z,19010606,XBTUSD,3794,35122,3794.5,4812,3794.25,3794.5
9996696,2019-01-06T06:00:38.525Z,19010606,XBTUSD,3794,35122,3794.5,53818,3794.25,3794.5
9996710,2019-01-06T06:00:38.574Z,19010606,XBTUSD,3794,41137,3794.5,308745,3794.25,3794.5
9996717,2019-01-06T06:00:38.603Z,19010606,XBTUSD,3794,41137,3794.5,357279,3794.25,3794.5
9996726,2019-01-06T06:00:38.637Z,19010606,XBTUSD,3794,43387,3794.5,552058,3794.25,3794.5
9996736,2019-01-06T06:00:38.670Z,19010606,XBTUSD,3794,51488,3794.5,570656,3794.25,3794.5
9996746,2019-01-06T06:00:38.720Z,19010606,XBTUSD,3794,49688,3794.5,550719,3794.25,3794.5
9996749,2019-01-06T06:00:38.726Z,19010606,XBTUSD,3794,61670,3794.5,560719,3794.25,3794.5
9996759,2019-01-06T06:00:38.821Z,19010606,XBTUSD,3794,53120,3794.5,525024,3794.25,3794.5
9996776,2019-01-06T06:00:39.048Z,19010606,XBTUSD,3794,53307,3794.5,522957,3794.25,3794.5
9996786,2019-01-06T06:00:39.138Z,19010606,XBTUSD,3794,153400,3794.5,523447,3794.25,3794.5
9996800,2019-01-06T06:00:39.780Z,19010606,XBTUSD,3794,152353,3794.5,528289,3794.25,3794.5
9996816,2019-01-06T06:00:40.443Z,19010606,XBTUSD,3794,156353,3794.5,561352,3794.25,3794.5
9996824,2019-01-06T06:00:40.538Z,19010606,XBTUSD,3794,156332,3794.5,539028,3794.25,3794.5
9996865,2019-01-06T06:00:41.316Z,19010606,XBTUSD,3794,148747,3794.5,539766,3794.25,3794.5
9996883,2019-01-06T06:00:42.514Z,19010606,XBTUSD,3794,148864,3794.5,564787,3794.25,3794.5
9996896,2019-01-06T06:00:43.302Z,19010606,XBTUSD,3794,148866,3794.5,549901,3794.25,3794.5
9996911,2019-01-06T06:00:44.204Z,19010606,XBTUSD,3794,150410,3794.5,550951,3794.25,3794.5
9996920,2019-01-06T06:00:44.651Z,19010606,XBTUSD,3794,147890,3794.5,532181,3794.25,3794.5
9996935,2019-01-06T06:00:48.707Z,19010606,XBTUSD,3794,136888,3794.5,525254,3794.25,3794.5
9996963,2019-01-06T06:00:49.954Z,19010606,XBTUSD,3794,165734,3794.5,587134,3794.25,3794.5
9996300,2019-01-06T06:00:16.288Z,19010606,XBTUSD,3794.5,102591,3795,338055,3794.75,3795
9996312,2019-01-06T06:00:17.226Z,19010606,XBTUSD,3794.5,102604,3795,338070,3794.75,3795
9996325,2019-01-06T06:00:19.002Z,19010606,XBTUSD,3794.5,102119,3795,340070,3794.75,3795
9996392,2019-01-06T06:00:21.237Z,19010606,XBTUSD,3794.5,100554,3795,337746,3794.75,3795
9996410,2019-01-06T06:00:22.334Z,19010606,XBTUSD,3794.5,100556,3795,338006,3794.75,3795
9996430,2019-01-06T06:00:23.545Z,19010606,XBTUSD,3794.5,70576,3795,345849,3794.75,3795
9996455,2019-01-06T06:00:25.381Z,19010606,XBTUSD,3794.5,70891,3795,369319,3794.75,3795
9996459,2019-01-06T06:00:25.456Z,19010606,XBTUSD,3794.5,70891,3795,349319,3794.75,3795
9996475,2019-01-06T06:00:25.827Z,19010606,XBTUSD,3794.5,70893,3795,383319,3794.75,3795
9996484,2019-01-06T06:00:26.064Z,19010606,XBTUSD,3794.5,70893,3795,315319,3794.75,3795
9996495,2019-01-06T06:00:26.110Z,19010606,XBTUSD,3794.5,77194,3795,306319,3794.75,3795
9996519,2019-01-06T06:00:27.102Z,19010606,XBTUSD,3794.5,118847,3795,295328,3794.75,3795
9996532,2019-01-06T06:00:28.220Z,19010606,XBTUSD,3794.5,114055,3795,295328,3794.75,3795
9996547,2019-01-06T06:00:28.704Z,19010606,XBTUSD,3794.5,96056,3795,293107,3794.75,3795
9996558,2019-01-06T06:00:28.896Z,19010606,XBTUSD,3794.5,97557,3795,318107,3794.75,3795
9996563,2019-01-06T06:00:28.915Z,19010606,XBTUSD,3794.5,97557,3795,368107,3794.75,3795
9996573,2019-01-06T06:00:28.997Z,19010606,XBTUSD,3794.5,87667,3795,396107,3794.75,3795
9996594,2019-01-06T06:00:29.366Z,19010606,XBTUSD,3794.5,83334,3795,481170,3794.75,3795
9996599,2019-01-06T06:00:29.463Z,19010606,XBTUSD,3794.5,83335,3795,475170,3794.75,3795
9996607,2019-01-06T06:00:29.605Z,19010606,XBTUSD,3794.5,83336,3795,451218,3794.75,3795
9996617,2019-01-06T06:00:29.812Z,19010606,XBTUSD,3794.5,81836,3795,486155,3794.75,3795
9996631,2019-01-06T06:00:31.239Z,19010606,XBTUSD,3794.5,81850,3795,451845,3794.75,3795
9996648,2019-01-06T06:00:33.987Z,19010606,XBTUSD,3794.5,81152,3795,453129,3794.75,3795
9996652,2019-01-06T06:00:34.423Z,19010606,XBTUSD,3794.5,81152,3795,463129,3794.75,3795
9996671,2019-01-06T06:00:37.190Z,19010606,XBTUSD,3794.5,81139,3795,453129,3794.75,3795
9996691,2019-01-06T06:00:38.512Z,19010606,XBTUSD,3794,35122,3794.5,48105,3794.25,3794.5
9996694,2019-01-06T06:00:38.520Z,19010606,XBTUSD,3794,35122,3794.5,53568,3794.25,3794.5
9996704,2019-01-06T06:00:38.541Z,19010606,XBTUSD,3794,35122,3794.5,252126,3794.25,3794.5
9996714,2019-01-06T06:00:38.590Z,19010606,XBTUSD,3794,41137,3794.5,337170,3794.25,3794.5
9996724,2019-01-06T06:00:38.627Z,19010606,XBTUSD,3794,43387,3794.5,467524,3794.25,3794.5
9996730,2019-01-06T06:00:38.648Z,19010606,XBTUSD,3794,45188,3794.5,563645,3794.25,3794.5
9996743,2019-01-06T06:00:38.698Z,19010606,XBTUSD,3794,51488,3794.5,614694,3794.25,3794.5
9996755,2019-01-06T06:00:38.762Z,19010606,XBTUSD,3794,55370,3794.5,590719,3794.25,3794.5
9996767,2019-01-06T06:00:39.009Z,19010606,XBTUSD,3794,53484,3794.5,517932,3794.25,3794.5
9996779,2019-01-06T06:00:39.070Z,19010606,XBTUSD,3794,53118,3794.5,562957,3794.25,3794.5
9996789,2019-01-06T06:00:39.215Z,19010606,XBTUSD,3794,152494,3794.5,523458,3794.25,3794.5
9996801,2019-01-06T06:00:39.930Z,19010606,XBTUSD,3794,157353,3794.5,528289,3794.25,3794.5
9996806,2019-01-06T06:00:40.379Z,19010606,XBTUSD,3794,156353,3794.5,528289,3794.25,3794.5
9996813,2019-01-06T06:00:40.417Z,19010606,XBTUSD,3794,156353,3794.5,561289,3794.25,3794.5
9996822,2019-01-06T06:00:40.481Z,19010606,XBTUSD,3794,156353,3794.5,541988,3794.25,3794.5
9996869,2019-01-06T06:00:41.900Z,19010606,XBTUSD,3794,148759,3794.5,544181,3794.25,3794.5
9996886,2019-01-06T06:00:42.622Z,19010606,XBTUSD,3794,148865,3794.5,559847,3794.25,3794.5
9996915,2019-01-06T06:00:44.317Z,19010606,XBTUSD,3794,147410,3794.5,533031,3794.25,3794.5
9996917,2019-01-06T06:00:44.405Z,19010606,XBTUSD,3794,147890,3794.5,533031,3794.25,3794.5
9996931,2019-01-06T06:00:48.320Z,19010606,XBTUSD,3794,147903,3794.5,523191,3794.25,3794.5
9996957,2019-01-06T06:00:49.348Z,19010606,XBTUSD,3794,164732,3794.5,586755,3794.25,3794.5
9997055,2019-01-06T06:00:50.839Z,19010606,XBTUSD,3794,165757,3794.5,597134,3794.25,3794.5
9997065,2019-01-06T06:00:51.750Z,19010606,XBTUSD,3794,167239,3794.5,507749,3794.25,3794.5
9997075,2019-01-06T06:00:52.087Z,19010606,XBTUSD,3794,166861,3794.5,520261,3794.25,3794.5
9997106,2019-01-06T06:00:53.562Z,19010606,XBTUSD,3794,153055,3794.5,562750,3794.25,3794.5
9997113,2019-01-06T06:00:53.709Z,19010606,XBTUSD,3794,153810,3794.5,572750,3794.25,3794.5
9996386,2019-01-06T06:00:20.923Z,19010606,XBTUSD,3794.5,100641,3795,339746,3794.75,3795
9996395,2019-01-06T06:00:21.601Z,19010606,XBTUSD,3794.5,100555,3795,337956,3794.75,3795
9996411,2019-01-06T06:00:22.411Z,19010606,XBTUSD,3794.5,100557,3795,338006,3794.75,3795
9996431,2019-01-06T06:00:23.563Z,19010606,XBTUSD,3794.5,70577,3795,345849,3794.75,3795
9996437,2019-01-06T06:00:23.923Z,19010606,XBTUSD,3794.5,70878,3795,345849,3794.75,3795
9996440,2019-01-06T06:00:24.354Z,19010606,XBTUSD,3794.5,70878,3795,347542,3794.75,3795
9996448,2019-01-06T06:00:25.353Z,19010606,XBTUSD,3794.5,70891,3795,338359,3794.75,3795
9996458,2019-01-06T06:00:25.455Z,19010606,XBTUSD,3794.5,70891,3795,352319,3794.75,3795
9996468,2019-01-06T06:00:25.780Z,19010606,XBTUSD,3794.5,70893,3795,343319,3794.75,3795
9996478,2019-01-06T06:00:26.001Z,19010606,XBTUSD,3794.5,70893,3795,353319,3794.75,3795
9996485,2019-01-06T06:00:26.065Z,19010606,XBTUSD,3794.5,70893,3795,312319,3794.75,3795
9996496,2019-01-06T06:00:26.121Z,19010606,XBTUSD,3794.5,78994,3795,306319,3794.75,3795
9996505,2019-01-06T06:00:26.976Z,19010606,XBTUSD,3794.5,84845,3795,295328,3794.75,3795
9996539,2019-01-06T06:00:28.634Z,19010606,XBTUSD,3794.5,96056,3795,286107,3794.75,3795
9996542,2019-01-06T06:00:28.646Z,19010606,XBTUSD,3794.5,96056,3795,297107,3794.75,3795
9996554,2019-01-06T06:00:28.879Z,19010606,XBTUSD,3794.5,97557,3795,286107,3794.75,3795
9996565,2019-01-06T06:00:28.932Z,19010606,XBTUSD,3794.5,97557,3795,376107,3794.75,3795
9996578,2019-01-06T06:00:29.017Z,19010606,XBTUSD,3794.5,83618,3795,416107,3794.75,3795
9996593,2019-01-06T06:00:29.362Z,19010606,XBTUSD,3794.5,83334,3795,471170,3794.75,3795
9996596,2019-01-06T06:00:29.371Z,19010606,XBTUSD,3794.5,83334,3795,488170,3794.75,3795
9996606,2019-01-06T06:00:29.524Z,19010606,XBTUSD,3794.5,83335,3795,451218,3794.75,3795
9996616,2019-01-06T06:00:29.808Z,19010606,XBTUSD,3794.5,81836,3795,482155,3794.75,3795
9996618,2019-01-06T06:00:29.903Z,19010606,XBTUSD,3794.5,81837,3795,486155,3794.75,3795
9996626,2019-01-06T06:00:30.683Z,19010606,XBTUSD,3794.5,81837,3795,453782,3794.75,3795
9996689,2019-01-06T06:00:38.507Z,19010606,XBTUSD,3794,35122,3794.5,5167,3794.25,3794.5
9996695,2019-01-06T06:00:38.522Z,19010606,XBTUSD,3794,35122,3794.5,53718,3794.25,3794.5
9996707,2019-01-06T06:00:38.553Z,19010606,XBTUSD,3794,41137,3794.5,272241,3794.25,3794.5
9996722,2019-01-06T06:00:38.619Z,19010606,XBTUSD,3794,41137,3794.5,442524,3794.25,3794.5
9996733,2019-01-06T06:00:38.654Z,19010606,XBTUSD,3794,49238,3794.5,567645,3794.25,3794.5
9996742,2019-01-06T06:00:38.695Z,19010606,XBTUSD,3794,51488,3794.5,610694,3794.25,3794.5
9996752,2019-01-06T06:00:38.734Z,19010606,XBTUSD,3794,57620,3794.5,570719,3794.25,3794.5
9996764,2019-01-06T06:00:38.911Z,19010606,XBTUSD,3794,53461,3794.5,527411,3794.25,3794.5
9996780,2019-01-06T06:00:39.091Z,19010606,XBTUSD,3794,53212,3794.5,562957,3794.25,3794.5
9996792,2019-01-06T06:00:39.243Z,19010606,XBTUSD,3794,152494,3794.5,517521,3794.25,3794.5
9996815,2019-01-06T06:00:40.438Z,19010606,XBTUSD,3794,156353,3794.5,561322,3794.25,3794.5
9996826,2019-01-06T06:00:40.758Z,19010606,XBTUSD,3794,156333,3794.5,539655,3794.25,3794.5
9996871,2019-01-06T06:00:42.006Z,19010606,XBTUSD,3794,148760,3794.5,544787,3794.25,3794.5
9996901,2019-01-06T06:00:43.676Z,19010606,XBTUSD,3794,157398,3794.5,549921,3794.25,3794.5
9996914,2019-01-06T06:00:44.305Z,19010606,XBTUSD,3794,150410,3794.5,533031,3794.25,3794.5
9996922,2019-01-06T06:00:44.708Z,19010606,XBTUSD,3794,147892,3794.5,532181,3794.25,3794.5
9996937,2019-01-06T06:00:48.746Z,19010606,XBTUSD,3794,157488,3794.5,520592,3794.25,3794.5
9996941,2019-01-06T06:00:48.920Z,19010606,XBTUSD,3794,158497,3794.5,510592,3794.25,3794.5
9996959,2019-01-06T06:00:49.407Z,19010606,XBTUSD,3794,164732,3794.5,597134,3794.25,3794.5
9997060,2019-01-06T06:00:51.391Z,19010606,XBTUSD,3794,167238,3794.5,520829,3794.25,3794.5
9997069,2019-01-06T06:00:51.779Z,19010606,XBTUSD,3794,167239,3794.5,527749,3794.25,3794.5
9997101,2019-01-06T06:00:53.180Z,19010606,XBTUSD,3794,159286,3794.5,553301,3794.25,3794.5
9997112,2019-01-06T06:00:53.646Z,19010606,XBTUSD,3794,153560,3794.5,572750,3794.25,3794.5
9997142,2019-01-06T06:00:56.672Z,19010606,XBTUSD,3794,167429,3794.5,550711,3794.25,3794.5
9997152,2019-01-06T06:00:56.713Z,19010606,XBTUSD,3794,164929,3794.5,460711,3794.25,3794.5
9997160,2019-01-06T06:00:56.871Z,19010606,XBTUSD,3794,164931,3794.5,371663,3794.25,3794.5
9997189,2019-01-06T06:00:58.626Z,19010606,XBTUSD,3794,214558,3794.5,414172,3794.25,3794.5
9997208,2019-01-06T06:00:59.712Z,19010606,XBTUSD,3794,244404,3794.5,410672,3794.25,3794.5
9997211,2019-01-06T06:00:59.763Z,19010606,XBTUSD,3794,258004,3794.5,408672,3794.25,3794.5
9996424,2019-01-06T06:00:23.231Z,19010606,XBTUSD,3794.5,70857,3795,335943,3794.75,3795
9996427,2019-01-06T06:00:23.358Z,19010606,XBTUSD,3794.5,70764,3795,335849,3794.75,3795
9996456,2019-01-06T06:00:25.445Z,19010606,XBTUSD,3794.5,70891,3795,367319,3794.75,3795
9996466,2019-01-06T06:00:25.694Z,19010606,XBTUSD,3794.5,70893,3795,336319,3794.75,3795
9996476,2019-01-06T06:00:25.993Z,19010606,XBTUSD,3794.5,70893,3795,373319,3794.75,3795
9996497,2019-01-06T06:00:26.125Z,19010606,XBTUSD,3794.5,78994,3795,296319,3794.75,3795
9996506,2019-01-06T06:00:27.006Z,19010606,XBTUSD,3794.5,84846,3795,295328,3794.75,3795
9996520,2019-01-06T06:00:27.234Z,19010606,XBTUSD,3794.5,118858,3795,295328,3794.75,3795
9996540,2019-01-06T06:00:28.638Z,19010606,XBTUSD,3794.5,96056,3795,289107,3794.75,3795
9996550,2019-01-06T06:00:28.710Z,19010606,XBTUSD,3794.5,96056,3795,280107,3794.75,3795
9996557,2019-01-06T06:00:28.891Z,19010606,XBTUSD,3794.5,97557,3795,308107,3794.75,3795
9996570,2019-01-06T06:00:28.989Z,19010606,XBTUSD,3794.5,89457,3795,396107,3794.75,3795
9996576,2019-01-06T06:00:29.007Z,19010606,XBTUSD,3794.5,83617,3795,406107,3794.75,3795
9996586,2019-01-06T06:00:29.230Z,19010606,XBTUSD,3794.5,83634,3795,428170,3794.75,3795
9996598,2019-01-06T06:00:29.462Z,19010606,XBTUSD,3794.5,83335,3795,478170,3794.75,3795
9996611,2019-01-06T06:00:29.788Z,19010606,XBTUSD,3794.5,81836,3795,457155,3794.75,3795
9996621,2019-01-06T06:00:30.677Z,19010606,XBTUSD,3794.5,81837,3795,478782,3794.75,3795
9996628,2019-01-06T06:00:31.198Z,19010606,XBTUSD,3794.5,81838,3795,455845,3794.75,3795
9996641,2019-01-06T06:00:33.243Z,19010606,XBTUSD,3794.5,81138,3795,451845,3794.75,3795
9996676,2019-01-06T06:00:37.595Z,19010606,XBTUSD,3794.5,61130,3795,451539,3794.75,3795
9996687,2019-01-06T06:00:38.501Z,19010606,XBTUSD,3794,35122,3794.5,4977,3794.25,3794.5
9996702,2019-01-06T06:00:38.538Z,19010606,XBTUSD,3794,35122,3794.5,230850,3794.25,3794.5
9996709,2019-01-06T06:00:38.568Z,19010606,XBTUSD,3794,41137,3794.5,298745,3794.25,3794.5
9996720,2019-01-06T06:00:38.612Z,19010606,XBTUSD,3794,41137,3794.5,372524,3794.25,3794.5
9996729,2019-01-06T06:00:38.647Z,19010606,XBTUSD,3794,45187,3794.5,563645,3794.25,3794.5
9996739,2019-01-06T06:00:38.684Z,19010606,XBTUSD,3794,51488,3794.5,590666,3794.25,3794.5
9996753,2019-01-06T06:00:38.738Z,19010606,XBTUSD,3794,57620,3794.5,580719,3794.25,3794.5
9996765,2019-01-06T06:00:38.917Z,19010606,XBTUSD,3794,53461,3794.5,517411,3794.25,3794.5
9996778,2019-01-06T06:00:39.070Z,19010606,XBTUSD,3794,53118,3794.5,542957,3794.25,3794.5
9996793,2019-01-06T06:00:39.247Z,19010606,XBTUSD,3794,152494,3794.5,515646,3794.25,3794.5
9996796,2019-01-06T06:00:39.669Z,19010606,XBTUSD,3794,152650,3794.5,527789,3794.25,3794.5
9996809,2019-01-06T06:00:40.407Z,19010606,XBTUSD,3794,156353,3794.5,538289,3794.25,3794.5
9996819,2019-01-06T06:00:40.473Z,19010606,XBTUSD,3794,156353,3794.5,546476,3794.25,3794.5
9996828,2019-01-06T06:00:41.014Z,19010606,XBTUSD,3794,156334,3794.5,539755,3794.25,3794.5
9996868,2019-01-06T06:00:41.457Z,19010606,XBTUSD,3794,148759,3794.5,542766,3794.25,3794.5
9996899,2019-01-06T06:00:43.411Z,19010606,XBTUSD,3794,157378,3794.5,549901,3794.25,3794.5
9996909,2019-01-06T06:00:44.173Z,19010606,XBTUSD,3794,150408,3794.5,550951,3794.25,3794.5
9996925,2019-01-06T06:00:44.947Z,19010606,XBTUSD,3794,147892,3794.5,519191,3794.25,3794.5
9996933,2019-01-06T06:00:48.414Z,19010606,XBTUSD,3794,140898,3794.5,523191,3794.25,3794.5
9996942,2019-01-06T06:00:48.923Z,19010606,XBTUSD,3794,158498,3794.5,510592,3794.25,3794.5
9996964,2019-01-06T06:00:50.006Z,19010606,XBTUSD,3794,165735,3794.5,587134,3794.25,3794.5
9997058,2019-01-06T06:00:51.004Z,19010606,XBTUSD,3794,165759,3794.5,597134,3794.25,3794.5
9997074,2019-01-06T06:00:52.030Z,19010606,XBTUSD,3794,166861,3794.5,530261,3794.25,3794.5
9997098,2019-01-06T06:00:53.140Z,19010606,XBTUSD,3794,159286,3794.5,530301,3794.25,3794.5
9997108,2019-01-06T06:00:53.600Z,19010606,XBTUSD,3794,153245,3794.5,562750,3794.25,3794.5
9997125,2019-01-06T06:00:54.352Z,19010606,XBTUSD,3794,161067,3794.5,578987,3794.25,3794.5
9997135,2019-01-06T06:00:56.330Z,19010606,XBTUSD,3794,161060,3794.5,578711,3794.25,3794.5
9997146,2019-01-06T06:00:56.687Z,19010606,XBTUSD,3794,167429,3794.5,510711,3794.25,3794.5
9997156,2019-01-06T06:00:56.769Z,19010606,XBTUSD,3794,164929,3794.5,381711,3794.25,3794.5
9997179,2019-01-06T06:00:57.657Z,19010606,XBTUSD,3794,214545,3794.5,378152,3794.25,3794.5
9997185,2019-01-06T06:00:58.582Z,19010606,XBTUSD,3794,214556,3794.5,413692,3794.25,3794.5
9997207,2019-01-06T06:00:59.693Z,19010606,XBTUSD,3794,234404,3794.5,410672,3794.25,3794.5
9997216,2019-01-06T06:00:59.814Z,19010606,XBTUSD,3794,277804,3794.5,408672,3794.25,3794.5
9997236,2019-01-06T06:01:01.709Z,19010606,XBTUSD,3794,274049,3794.5,404633,3794.25,3794.5
9997242,2019-01-06T06:01:01.799Z,19010606,XBTUSD,3794,240449,3794.5,406633,3794.25,3794.5
9996643,2019-01-06T06:00:33.307Z,19010606,XBTUSD,3794.5,81140,3795,451845,3794.75,3795
9996653,2019-01-06T06:00:34.503Z,19010606,XBTUSD,3794.5,81153,3795,463129,3794.75,3795
9996664,2019-01-06T06:00:36.997Z,19010606,XBTUSD,3794.5,81159,3795,453129,3794.75,3795
9996686,2019-01-06T06:00:38.497Z,19010606,XBTUSD,3794,35122,3794.5,4887,3794.25,3794.5
9996700,2019-01-06T06:00:38.534Z,19010606,XBTUSD,3794,35122,3794.5,226975,3794.25,3794.5
9996713,2019-01-06T06:00:38.587Z,19010606,XBTUSD,3794,41137,3794.5,327170,3794.25,3794.5
9996723,2019-01-06T06:00:38.625Z,19010606,XBTUSD,3794,43387,3794.5,442524,3794.25,3794.5
9996728,2019-01-06T06:00:38.645Z,19010606,XBTUSD,3794,45187,3794.5,562058,3794.25,3794.5
9996741,2019-01-06T06:00:38.691Z,19010606,XBTUSD,3794,51488,3794.5,610666,3794.25,3794.5
9996757,2019-01-06T06:00:38.769Z,19010606,XBTUSD,3794,53120,3794.5,600719,3794.25,3794.5
9996761,2019-01-06T06:00:38.865Z,19010606,XBTUSD,3794,53461,3794.5,525238,3794.25,3794.5
9996783,2019-01-06T06:00:39.106Z,19010606,XBTUSD,3794,53306,3794.5,522957,3794.25,3794.5
9996790,2019-01-06T06:00:39.223Z,19010606,XBTUSD,3794,152494,3794.5,523459,3794.25,3794.5
9996818,2019-01-06T06:00:40.472Z,19010606,XBTUSD,3794,156353,3794.5,556476,3794.25,3794.5
9996825,2019-01-06T06:00:40.752Z,19010606,XBTUSD,3794,156332,3794.5,539655,3794.25,3794.5
9996870,2019-01-06T06:00:41.962Z,19010606,XBTUSD,3794,148759,3794.5,544787,3794.25,3794.5
9996898,2019-01-06T06:00:43.330Z,19010606,XBTUSD,3794,157367,3794.5,549901,3794.25,3794.5
9996906,2019-01-06T06:00:44.054Z,19010606,XBTUSD,3794,150398,3794.5,549921,3794.25,3794.5
9996916,2019-01-06T06:00:44.345Z,19010606,XBTUSD,3794,147900,3794.5,533031,3794.25,3794.5
9996932,2019-01-06T06:00:48.353Z,19010606,XBTUSD,3794,145898,3794.5,523191,3794.25,3794.5
9996961,2019-01-06T06:00:49.505Z,19010606,XBTUSD,3794,164734,3794.5,597134,3794.25,3794.5
9997043,2019-01-06T06:00:50.631Z,19010606,XBTUSD,3794,165757,3794.5,587134,3794.25,3794.5
9997056,2019-01-06T06:00:50.951Z,19010606,XBTUSD,3794,165758,3794.5,597134,3794.25,3794.5
9997066,2019-01-06T06:00:51.768Z,19010606,XBTUSD,3794,167239,3794.5,510749,3794.25,3794.5
9997097,2019-01-06T06:00:53.114Z,19010606,XBTUSD,3794,159286,3794.5,520301,3794.25,3794.5
9997107,2019-01-06T06:00:53.596Z,19010606,XBTUSD,3794,153145,3794.5,562750,3794.25,3794.5
9997117,2019-01-06T06:00:53.994Z,19010606,XBTUSD,3794,153056,3794.5,578950,3794.25,3794.5
9997127,2019-01-06T06:00:54.410Z,19010606,XBTUSD,3794,161069,3794.5,578987,3794.25,3794.5
9997136,2019-01-06T06:00:56.344Z,19010606,XBTUSD,3794,161040,3794.5,578711,3794.25,3794.5
9997150,2019-01-06T06:00:56.705Z,19010606,XBTUSD,3794,167429,3794.5,470711,3794.25,3794.5
9997155,2019-01-06T06:00:56.759Z,19010606,XBTUSD,3794,164929,3794.5,391711,3794.25,3794.5
9997186,2019-01-06T06:00:58.314Z,19010606,XBTUSD,3794,214556,3794.5,378092,3794.25,3794.5
9997219,2019-01-06T06:00:59.902Z,19010606,XBTUSD,3794,282305,3794.5,406609,3794.25,3794.5
9997229,2019-01-06T06:01:00.722Z,19010606,XBTUSD,3794,282333,3794.5,406610,3794.25,3794.5
9997238,2019-01-06T06:01:01.740Z,19010606,XBTUSD,3794,264049,3794.5,406633,3794.25,3794.5
9997250,2019-01-06T06:01:01.939Z,19010606,XBTUSD,3794,231949,3794.5,406723,3794.25,3794.5
9997286,2019-01-06T06:01:02.181Z,19010606,XBTUSD,3794,172203,3794.5,416783,3794.25,3794.5
9997319,2019-01-06T06:01:03.350Z,19010606,XBTUSD,3794,166751,3794.5,437084,3794.25,3794.5
9997329,2019-01-06T06:01:03.382Z,19010606,XBTUSD,3794,166751,3794.5,537084,3794.25,3794.5
9997336,2019-01-06T06:01:03.509Z,19010606,XBTUSD,3794,164409,3794.5,567132,3794.25,3794.5
9997363,2019-01-06T06:01:04.584Z,19010606,XBTUSD,3794,164526,3794.5,567042,3794.25,3794.5
9997376,2019-01-06T06:01:05.652Z,19010606,XBTUSD,3793.5,45700,3794,18280,3793.75,3794
9997385,2019-01-06T06:01:05.682Z,19010606,XBTUSD,3793.5,76048,3794,47620,3793.75,3794
9997399,2019-01-06T06:01:05.726Z,19010606,XBTUSD,3793.5,95516,3794,131769,3793.75,3794
9997411,2019-01-06T06:01:05.772Z,19010606,XBTUSD,3793.5,95516,3794,265582,3793.75,3794
9997418,2019-01-06T06:01:05.800Z,19010606,XBTUSD,3793.5,65168,3794,355633,3793.75,3794
9997429,2019-01-06T06:01:05.859Z,19010606,XBTUSD,3793.5,65268,3794,451380,3793.75,3794
9996656,2019-01-06T06:00:35.561Z,19010606,XBTUSD,3794.5,81165,3795,463129,3794.75,3795
9996663,2019-01-06T06:00:36.702Z,19010606,XBTUSD,3794.5,81159,3795,463129,3794.75,3795
9996677,2019-01-06T06:00:37.707Z,19010606,XBTUSD,3794.5,61131,3795,451539,3794.75,3795
9996684,2019-01-06T06:00:38.477Z,19010606,XBTUSD,3794,35122,3794.5,4662,3794.25,3794.5
9996698,2019-01-06T06:00:38.531Z,19010606,XBTUSD,3794,35122,3794.5,173975,3794.25,3794.5
9996711,2019-01-06T06:00:38.576Z,19010606,XBTUSD,3794,41137,3794.5,318745,3794.25,3794.5
9996718,2019-01-06T06:00:38.608Z,19010606,XBTUSD,3794,41137,3794.5,357524,3794.25,3794.5
9996734,2019-01-06T06:00:38.659Z,19010606,XBTUSD,3794,51488,3794.5,567645,3794.25,3794.5
9996740,2019-01-06T06:00:38.688Z,19010606,XBTUSD,3794,51488,3794.5,600666,3794.25,3794.5
9996750,2019-01-06T06:00:38.728Z,19010606,XBTUSD,3794,59870,3794.5,560719,3794.25,3794.5
9996762,2019-01-06T06:00:38.867Z,19010606,XBTUSD,3794,53461,3794.5,527238,3794.25,3794.5
9996775,2019-01-06T06:00:39.048Z,19010606,XBTUSD,3794,53307,3794.5,522932,3794.25,3794.5
9996788,2019-01-06T06:00:39.171Z,19010606,XBTUSD,3794,152494,3794.5,523447,3794.25,3794.5
9996798,2019-01-06T06:00:39.726Z,19010606,XBTUSD,3794,152352,3794.5,527789,3794.25,3794.5
9996811,2019-01-06T06:00:40.412Z,19010606,XBTUSD,3794,156353,3794.5,548289,3794.25,3794.5
9996827,2019-01-06T06:00:40.773Z,19010606,XBTUSD,3794,156334,3794.5,539655,3794.25,3794.5
9996884,2019-01-06T06:00:42.590Z,19010606,XBTUSD,3794,148864,3794.5,564847,3794.25,3794.5
9996888,2019-01-06T06:00:42.905Z,19010606,XBTUSD,3794,148865,3794.5,549886,3794.25,3794.5
9996912,2019-01-06T06:00:44.207Z,19010606,XBTUSD,3794,150410,3794.5,552951,3794.25,3794.5
9996919,2019-01-06T06:00:44.634Z,19010606,XBTUSD,3794,147890,3794.5,536181,3794.25,3794.5
9996938,2019-01-06T06:00:48.771Z,19010606,XBTUSD,3794,157487,3794.5,520592,3794.25,3794.5
9996958,2019-01-06T06:00:49.385Z,19010606,XBTUSD,3794,164732,3794.5,596755,3794.25,3794.5
9997062,2019-01-06T06:00:51.634Z,19010606,XBTUSD,3794,167239,3794.5,510749,3794.25,3794.5
9997070,2019-01-06T06:00:51.811Z,19010606,XBTUSD,3794,167239,3794.5,525686,3794.25,3794.5
9997092,2019-01-06T06:00:52.508Z,19010606,XBTUSD,3794,166873,3794.5,520261,3794.25,3794.5
9997100,2019-01-06T06:00:53.165Z,19010606,XBTUSD,3794,159286,3794.5,543301,3794.25,3794.5
9997115,2019-01-06T06:00:53.806Z,19010606,XBTUSD,3794,153812,3794.5,572750,3794.25,3794.5
9997134,2019-01-06T06:00:56.309Z,19010606,XBTUSD,3794,161080,3794.5,578711,3794.25,3794.5
9997145,2019-01-06T06:00:56.683Z,19010606,XBTUSD,3794,167429,3794.5,520711,3794.25,3794.5
9997157,2019-01-06T06:00:56.833Z,19010606,XBTUSD,3794,164929,3794.5,381663,3794.25,3794.5
9997180,2019-01-06T06:00:57.775Z,19010606,XBTUSD,3794,214545,3794.5,378092,3794.25,3794.5
9997191,2019-01-06T06:00:58.925Z,19010606,XBTUSD,3794,214558,3794.5,412672,3794.25,3794.5
9997204,2019-01-06T06:00:59.319Z,19010606,XBTUSD,3794,214403,3794.5,410672,3794.25,3794.5
9997217,2019-01-06T06:00:59.840Z,19010606,XBTUSD,3794,282304,3794.5,408672,3794.25,3794.5
9997228,2019-01-06T06:01:00.720Z,19010606,XBTUSD,3794,282317,3794.5,406610,3794.25,3794.5
9997246,2019-01-06T06:01:01.847Z,19010606,XBTUSD,3794,238698,3794.5,406723,3794.25,3794.5
9997251,2019-01-06T06:01:01.956Z,19010606,XBTUSD,3794,231950,3794.5,406723,3794.25,3794.5
9997283,2019-01-06T06:01:02.108Z,19010606,XBTUSD,3794,180150,3794.5,406783,3794.25,3794.5
9997293,2019-01-06T06:01:02.260Z,19010606,XBTUSD,3794,168536,3794.5,406783,3794.25,3794.5
9997311,2019-01-06T06:01:03.155Z,19010606,XBTUSD,3794,166749,3794.5,417084,3794.25,3794.5
9997321,2019-01-06T06:01:03.356Z,19010606,XBTUSD,3794,166751,3794.5,457084,3794.25,3794.5
9997331,2019-01-06T06:01:03.394Z,19010606,XBTUSD,3794,166751,3794.5,557084,3794.25,3794.5
9997338,2019-01-06T06:01:03.652Z,19010606,XBTUSD,3794,164511,3794.5,565513,3794.25,3794.5
9997365,2019-01-06T06:01:04.677Z,19010606,XBTUSD,3794,164526,3794.5,566751,3794.25,3794.5
9997378,2019-01-06T06:01:05.655Z,19010606,XBTUSD,3793.5,76048,3794,18380,3793.75,3794
9997386,2019-01-06T06:01:05.683Z,19010606,XBTUSD,3793.5,76048,3794,47770,3793.75,3794
9997400,2019-01-06T06:01:05.727Z,19010606,XBTUSD,3793.5,95516,3794,132707,3793.75,3794
9997407,2019-01-06T06:01:05.746Z,19010606,XBTUSD,3793.5,95516,3794,180582,3793.75,3794
9997417,2019-01-06T06:01:05.798Z,19010606,XBTUSD,3793.5,65168,3794,345633,3793.75,3794
9997428,2019-01-06T06:01:05.855Z,19010606,XBTUSD,3793.5,65268,3794,449380,3793.75,3794
9997449,2019-01-06T06:01:05.939Z,19010606,XBTUSD,3793.5,77063,3794,535014,3793.75,3794
9997463,2019-01-06T06:01:06.027Z,19010606,XBTUSD,3793.5,106331,3794,506888,3793.75,3794
9996864,2019-01-06T06:00:41.125Z,19010606,XBTUSD,3794,148746,3794.5,539766,3794.25,3794.5
9996867,2019-01-06T06:00:41.430Z,19010606,XBTUSD,3794,148759,3794.5,539766,3794.25,3794.5
9996887,2019-01-06T06:00:42.756Z,19010606,XBTUSD,3794,148865,3794.5,559886,3794.25,3794.5
9996908,2019-01-06T06:00:44.158Z,19010606,XBTUSD,3794,150408,3794.5,550931,3794.25,3794.5
9996923,2019-01-06T06:00:44.843Z,19010606,XBTUSD,3794,147892,3794.5,532191,3794.25,3794.5
9996934,2019-01-06T06:00:48.418Z,19010606,XBTUSD,3794,136888,3794.5,523191,3794.25,3794.5
9996960,2019-01-06T06:00:49.411Z,19010606,XBTUSD,3794,164733,3794.5,597134,3794.25,3794.5
9997061,2019-01-06T06:00:51.472Z,19010606,XBTUSD,3794,167238,3794.5,510749,3794.25,3794.5
9997067,2019-01-06T06:00:51.770Z,19010606,XBTUSD,3794,167239,3794.5,520749,3794.25,3794.5
9997094,2019-01-06T06:00:52.626Z,19010606,XBTUSD,3794,166874,3794.5,520301,3794.25,3794.5
9997104,2019-01-06T06:00:53.249Z,19010606,XBTUSD,3794,159288,3794.5,563301,3794.25,3794.5
9997109,2019-01-06T06:00:53.612Z,19010606,XBTUSD,3794,153395,3794.5,562750,3794.25,3794.5
9997141,2019-01-06T06:00:56.671Z,19010606,XBTUSD,3794,167429,3794.5,560711,3794.25,3794.5
9997144,2019-01-06T06:00:56.675Z,19010606,XBTUSD,3794,167429,3794.5,530711,3794.25,3794.5
9997154,2019-01-06T06:00:56.750Z,19010606,XBTUSD,3794,164929,3794.5,440711,3794.25,3794.5
9997178,2019-01-06T06:00:57.638Z,19010606,XBTUSD,3794,214544,3794.5,378152,3794.25,3794.5
9997193,2019-01-06T06:00:58.997Z,19010606,XBTUSD,3794,214402,3794.5,410672,3794.25,3794.5
9997210,2019-01-06T06:00:59.731Z,19010606,XBTUSD,3794,254404,3794.5,408672,3794.25,3794.5
9997220,2019-01-06T06:00:59.905Z,19010606,XBTUSD,3794,282306,3794.5,406609,3794.25,3794.5
9997233,2019-01-06T06:01:01.410Z,19010606,XBTUSD,3794,284048,3794.5,402570,3794.25,3794.5
9997243,2019-01-06T06:01:01.828Z,19010606,XBTUSD,3794,238649,3794.5,406633,3794.25,3794.5
9997253,2019-01-06T06:01:02.015Z,19010606,XBTUSD,3794,230150,3794.5,406783,3794.25,3794.5
9997287,2019-01-06T06:01:02.186Z,19010606,XBTUSD,3794,170403,3794.5,416783,3794.25,3794.5
9997294,2019-01-06T06:01:02.562Z,19010606,XBTUSD,3794,168547,3794.5,406783,3794.25,3794.5
9997313,2019-01-06T06:01:03.191Z,19010606,XBTUSD,3794,166749,3794.5,417084,3794.25,3794.5
9997324,2019-01-06T06:01:03.368Z,19010606,XBTUSD,3794,166751,3794.5,487084,3794.25,3794.5
9997341,2019-01-06T06:01:03.767Z,19010606,XBTUSD,3794,164632,3794.5,565513,3794.25,3794.5
9997366,2019-01-06T06:01:04.896Z,19010606,XBTUSD,3794,164526,3794.5,566711,3794.25,3794.5
9997375,2019-01-06T06:01:05.650Z,19010606,XBTUSD,3793.5,45700,3794,280,3793.75,3794
9997387,2019-01-06T06:01:05.688Z,19010606,XBTUSD,3793.5,76048,3794,57844,3793.75,3794
9997395,2019-01-06T06:01:05.713Z,19010606,XBTUSD,3793.5,95516,3794,106524,3793.75,3794
9997403,2019-01-06T06:01:05.734Z,19010606,XBTUSD,3793.5,95516,3794,162707,3793.75,3794
9997414,2019-01-06T06:01:05.787Z,19010606,XBTUSD,3793.5,95516,3794,330633,3793.75,3794
9997423,2019-01-06T06:01:05.837Z,19010606,XBTUSD,3793.5,65168,3794,438641,3793.75,3794
9997434,2019-01-06T06:01:05.886Z,19010606,XBTUSD,3793.5,65268,3794,502011,3793.75,3794
9997447,2019-01-06T06:01:05.922Z,19010606,XBTUSD,3793.5,77063,3794,525011,3793.75,3794
9997460,2019-01-06T06:01:06.003Z,19010606,XBTUSD,3793.5,105918,3794,506720,3793.75,3794
9997468,2019-01-06T06:01:06.210Z,19010606,XBTUSD,3793.5,69331,3794,551888,3793.75,3794
9997477,2019-01-06T06:01:06.303Z,19010606,XBTUSD,3793.5,69521,3794,560806,3793.75,3794
9997488,2019-01-06T06:01:06.714Z,19010606,XBTUSD,3793.5,71427,3794,518462,3793.75,3794
9997517,2019-01-06T06:01:07.441Z,19010606,XBTUSD,3793.5,169341,3794,514410,3793.75,3794
9997534,2019-01-06T06:01:08.977Z,19010606,XBTUSD,3793.5,68788,3794,515127,3793.75,3794
9997567,2019-01-06T06:01:09.459Z,19010606,XBTUSD,3793.5,68780,3794,506914,3793.75,3794
9997578,2019-01-06T06:01:10.036Z,19010606,XBTUSD,3793.5,57491,3794,1973954,3793.75,3794
9997581,2019-01-06T06:01:10.340Z,19010606,XBTUSD,3793.5,57983,3794,1973954,3793.75,3794
9997617,2019-01-06T06:01:12.234Z,19010606,XBTUSD,3793.5,68956,3794,1985125,3793.75,3794
9997625,2019-01-06T06:01:12.819Z,19010606,XBTUSD,3793.5,90694,3794,1991125,3793.75,3794
9997638,2019-01-06T06:01:12.879Z,19010606,XBTUSD,3793.5,90694,3794,1991939,3793.75,3794
9997648,2019-01-06T06:01:12.937Z,19010606,XBTUSD,3793.5,90696,3794,1973939,3793.75,3794
9997659,2019-01-06T06:01:13.004Z,19010606,XBTUSD,3793.5,90696,3794,1968865,3793.75,3794
9996907,2019-01-06T06:00:44.110Z,19010606,XBTUSD,3794,150408,3794.5,549931,3794.25,3794.5
9996924,2019-01-06T06:00:44.925Z,19010606,XBTUSD,3794,147892,3794.5,529191,3794.25,3794.5
9996930,2019-01-06T06:00:48.284Z,19010606,XBTUSD,3794,147892,3794.5,523191,3794.25,3794.5
9996940,2019-01-06T06:00:48.907Z,19010606,XBTUSD,3794,157497,3794.5,510592,3794.25,3794.5
9996955,2019-01-06T06:00:49.097Z,19010606,XBTUSD,3794,164732,3794.5,510592,3794.25,3794.5
9996965,2019-01-06T06:00:50.009Z,19010606,XBTUSD,3794,165736,3794.5,587134,3794.25,3794.5
9997059,2019-01-06T06:00:51.173Z,19010606,XBTUSD,3794,165238,3794.5,520829,3794.25,3794.5
9997073,2019-01-06T06:00:51.997Z,19010606,XBTUSD,3794,166861,3794.5,525261,3794.25,3794.5
9997091,2019-01-06T06:00:52.427Z,19010606,XBTUSD,3794,166872,3794.5,520261,3794.25,3794.5
9997102,2019-01-06T06:00:53.204Z,19010606,XBTUSD,3794,159287,3794.5,553301,3794.25,3794.5
9997111,2019-01-06T06:00:53.618Z,19010606,XBTUSD,3794,153560,3794.5,562750,3794.25,3794.5
9997126,2019-01-06T06:00:54.404Z,19010606,XBTUSD,3794,161068,3794.5,578987,3794.25,3794.5
9997139,2019-01-06T06:00:56.514Z,19010606,XBTUSD,3794,167429,3794.5,580711,3794.25,3794.5
9997151,2019-01-06T06:00:56.706Z,19010606,XBTUSD,3794,164929,3794.5,470711,3794.25,3794.5
9997177,2019-01-06T06:00:57.434Z,19010606,XBTUSD,3794,214543,3794.5,378152,3794.25,3794.5
9997190,2019-01-06T06:00:58.664Z,19010606,XBTUSD,3794,214558,3794.5,412172,3794.25,3794.5
9997206,2019-01-06T06:00:59.691Z,19010606,XBTUSD,3794,224404,3794.5,410672,3794.25,3794.5
9997212,2019-01-06T06:00:59.769Z,19010606,XBTUSD,3794,262504,3794.5,408672,3794.25,3794.5
9997231,2019-01-06T06:01:00.792Z,19010606,XBTUSD,3794,284047,3794.5,406570,3794.25,3794.5
9997245,2019-01-06T06:01:01.843Z,19010606,XBTUSD,3794,238648,3794.5,406673,3794.25,3794.5
9997284,2019-01-06T06:01:02.112Z,19010606,XBTUSD,3794,178436,3794.5,406783,3794.25,3794.5
9997295,2019-01-06T06:01:02.604Z,19010606,XBTUSD,3794,168548,3794.5,406783,3794.25,3794.5
9997317,2019-01-06T06:01:03.345Z,19010606,XBTUSD,3794,166751,3794.5,417084,3794.25,3794.5
9997328,2019-01-06T06:01:03.380Z,19010606,XBTUSD,3794,166751,3794.5,527084,3794.25,3794.5
9997334,2019-01-06T06:01:03.427Z,19010606,XBTUSD,3794,164399,3794.5,567084,3794.25,3794.5
9997359,2019-01-06T06:01:04.404Z,19010606,XBTUSD,3794,164515,3794.5,565453,3794.25,3794.5
9997368,2019-01-06T06:01:05.027Z,19010606,XBTUSD,3794,164528,3794.5,566711,3794.25,3794.5
9997377,2019-01-06T06:01:05.653Z,19010606,XBTUSD,3793.5,76048,3794,18280,3793.75,3794
9997381,2019-01-06T06:01:05.665Z,19010606,XBTUSD,3793.5,76048,3794,39470,3793.75,3794
9997391,2019-01-06T06:01:05.700Z,19010606,XBTUSD,3793.5,84661,3794,62084,3793.75,3794
9997401,2019-01-06T06:01:05.730Z,19010606,XBTUSD,3793.5,95516,3794,142707,3793.75,3794
9997406,2019-01-06T06:01:05.740Z,19010606,XBTUSD,3793.5,95516,3794,177582,3793.75,3794
9997420,2019-01-06T06:01:05.817Z,19010606,XBTUSD,3793.5,65168,3794,362458,3793.75,3794
9997431,2019-01-06T06:01:05.870Z,19010606,XBTUSD,3793.5,65268,3794,482000,3793.75,3794
9997436,2019-01-06T06:01:05.908Z,19010606,XBTUSD,3793.5,65269,3794,512011,3793.75,3794
9997451,2019-01-06T06:01:05.946Z,19010606,XBTUSD,3793.5,77063,3794,555014,3793.75,3794
9997461,2019-01-06T06:01:06.005Z,19010606,XBTUSD,3793.5,106012,3794,506720,3793.75,3794
9997469,2019-01-06T06:01:06.210Z,19010606,XBTUSD,3793.5,69331,3794,551913,3793.75,3794
9997478,2019-01-06T06:01:06.308Z,19010606,XBTUSD,3793.5,69521,3794,560817,3793.75,3794
9997487,2019-01-06T06:01:06.637Z,19010606,XBTUSD,3793.5,71427,3794,521462,3793.75,3794
9997509,2019-01-06T06:01:07.204Z,19010606,XBTUSD,3793.5,169434,3794,512955,3793.75,3794
9997529,2019-01-06T06:01:08.568Z,19010606,XBTUSD,3793.5,169347,3794,510127,3793.75,3794
9997536,2019-01-06T06:01:09.022Z,19010606,XBTUSD,3793.5,68779,3794,515127,3793.75,3794
9997568,2019-01-06T06:01:09.517Z,19010606,XBTUSD,3793.5,68781,3794,506914,3793.75,3794
9997575,2019-01-06T06:01:09.931Z,19010606,XBTUSD,3793.5,49261,3794,1976954,3793.75,3794
9997579,2019-01-06T06:01:10.103Z,19010606,XBTUSD,3793.5,57492,3794,1973954,3793.75,3794
9997619,2019-01-06T06:01:12.524Z,19010606,XBTUSD,3793.5,90683,3794,1985125,3793.75,3794
9997629,2019-01-06T06:01:12.840Z,19010606,XBTUSD,3793.5,90694,3794,2000125,3793.75,3794
9997640,2019-01-06T06:01:12.886Z,19010606,XBTUSD,3793.5,90695,3794,1996939,3793.75,3794
9997653,2019-01-06T06:01:12.970Z,19010606,XBTUSD,3793.5,90696,3794,1998939,3793.75,3794
9997661,2019-01-06T06:01:13.008Z,19010606,XBTUSD,3793.5,90696,3794,1961865,3793.75,3794
9997042,2019-01-06T06:00:50.517Z,19010606,XBTUSD,3794,165747,3794.5,587134,3794.25,3794.5
9997063,2019-01-06T06:00:51.714Z,19010606,XBTUSD,3794,167239,3794.5,500749,3794.25,3794.5
9997068,2019-01-06T06:00:51.773Z,19010606,XBTUSD,3794,167239,3794.5,523749,3794.25,3794.5
9997093,2019-01-06T06:00:52.512Z,19010606,XBTUSD,3794,166874,3794.5,520261,3794.25,3794.5
9997099,2019-01-06T06:00:53.157Z,19010606,XBTUSD,3794,159286,3794.5,520301,3794.25,3794.5
9997116,2019-01-06T06:00:53.831Z,19010606,XBTUSD,3794,153212,3794.5,578950,3794.25,3794.5
9997124,2019-01-06T06:00:54.351Z,19010606,XBTUSD,3794,153067,3794.5,578987,3794.25,3794.5
9997140,2019-01-06T06:00:56.669Z,19010606,XBTUSD,3794,167429,3794.5,570711,3794.25,3794.5
9997147,2019-01-06T06:00:56.689Z,19010606,XBTUSD,3794,167429,3794.5,500711,3794.25,3794.5
9997159,2019-01-06T06:00:56.848Z,19010606,XBTUSD,3794,164931,3794.5,381663,3794.25,3794.5
9997175,2019-01-06T06:00:57.188Z,19010606,XBTUSD,3794,164931,3794.5,378152,3794.25,3794.5
9997188,2019-01-06T06:00:58.621Z,19010606,XBTUSD,3794,214558,3794.5,413692,3794.25,3794.5
9997209,2019-01-06T06:00:59.730Z,19010606,XBTUSD,3794,244404,3794.5,408672,3794.25,3794.5
9997218,2019-01-06T06:00:59.898Z,19010606,XBTUSD,3794,282304,3794.5,406609,3794.25,3794.5
9997232,2019-01-06T06:01:00.897Z,19010606,XBTUSD,3794,284047,3794.5,402570,3794.25,3794.5
9997239,2019-01-06T06:01:01.742Z,19010606,XBTUSD,3794,254049,3794.5,406633,3794.25,3794.5
9997249,2019-01-06T06:01:01.890Z,19010606,XBTUSD,3794,231948,3794.5,406723,3794.25,3794.5
9997288,2019-01-06T06:01:02.190Z,19010606,XBTUSD,3794,170403,3794.5,406783,3794.25,3794.5
9997297,2019-01-06T06:01:02.623Z,19010606,XBTUSD,3794,168549,3794.5,407084,3794.25,3794.5
9997312,2019-01-06T06:01:03.158Z,19010606,XBTUSD,3794,166749,3794.5,427084,3794.25,3794.5
9997323,2019-01-06T06:01:03.365Z,19010606,XBTUSD,3794,166751,3794.5,477084,3794.25,3794.5
9997333,2019-01-06T06:01:03.417Z,19010606,XBTUSD,3794,164501,3794.5,567084,3794.25,3794.5
9997342,2019-01-06T06:01:03.805Z,19010606,XBTUSD,3794,164633,3794.5,565513,3794.25,3794.5
9997364,2019-01-06T06:01:04.664Z,19010606,XBTUSD,3794,164526,3794.5,566562,3794.25,3794.5
9997371,2019-01-06T06:01:05.175Z,19010606,XBTUSD,3794,164528,3794.5,563900,3794.25,3794.5
9997384,2019-01-06T06:01:05.681Z,19010606,XBTUSD,3793.5,76048,3794,45620,3793.75,3794
9997397,2019-01-06T06:01:05.720Z,19010606,XBTUSD,3793.5,95516,3794,121524,3793.75,3794
9997409,2019-01-06T06:01:05.760Z,19010606,XBTUSD,3793.5,95516,3794,250582,3793.75,3794
9997421,2019-01-06T06:01:05.826Z,19010606,XBTUSD,3793.5,65168,3794,438242,3793.75,3794
9997426,2019-01-06T06:01:05.847Z,19010606,XBTUSD,3793.5,65268,3794,447765,3793.75,3794
9997454,2019-01-06T06:01:05.972Z,19010606,XBTUSD,3793.5,77063,3794,570504,3793.75,3794
9997459,2019-01-06T06:01:06.001Z,19010606,XBTUSD,3793.5,105918,3794,582504,3793.75,3794
9997474,2019-01-06T06:01:06.296Z,19010606,XBTUSD,3793.5,69520,3794,552726,3793.75,3794
9997481,2019-01-06T06:01:06.422Z,19010606,XBTUSD,3793.5,69521,3794,540826,3793.75,3794
9997490,2019-01-06T06:01:06.805Z,19010606,XBTUSD,3793.5,71428,3794,522462,3793.75,3794
9997516,2019-01-06T06:01:07.435Z,19010606,XBTUSD,3793.5,169341,3794,514390,3793.75,3794
9997527,2019-01-06T06:01:08.315Z,19010606,XBTUSD,3793.5,169343,3794,515127,3793.75,3794
9997570,2019-01-06T06:01:09.532Z,19010606,XBTUSD,3793.5,68782,3794,486914,3793.75,3794
9997601,2019-01-06T06:01:11.574Z,19010606,XBTUSD,3793.5,57954,3794,1984939,3793.75,3794
9997622,2019-01-06T06:01:12.664Z,19010606,XBTUSD,3793.5,90694,3794,1975125,3793.75,3794
9997632,2019-01-06T06:01:12.846Z,19010606,XBTUSD,3793.5,90694,3794,1982125,3793.75,3794
9997635,2019-01-06T06:01:12.870Z,19010606,XBTUSD,3793.5,90694,3794,1973939,3793.75,3794
9997644,2019-01-06T06:01:12.910Z,19010606,XBTUSD,3793.5,90696,3794,1979939,3793.75,3794
9997654,2019-01-06T06:01:12.975Z,19010606,XBTUSD,3793.5,90696,3794,2001939,3793.75,3794
9997662,2019-01-06T06:01:13.010Z,19010606,XBTUSD,3793.5,90696,3794,1956865,3793.75,3794
9997683,2019-01-06T06:01:13.146Z,19010606,XBTUSD,3793.5,103696,3794,1979865,3793.75,3794
9997687,2019-01-06T06:01:13.210Z,19010606,XBTUSD,3793.5,103693,3794,1966816,3793.75,3794
9997697,2019-01-06T06:01:13.676Z,19010606,XBTUSD,3793.5,104123,3794,1958721,3793.75,3794
9997723,2019-01-06T06:01:14.560Z,19010606,XBTUSD,3793.5,103737,3794,1926894,3793.75,3794
9997733,2019-01-06T06:01:15.484Z,19010606,XBTUSD,3792.5,24428,3793,90,3792.75,3793
9997736,2019-01-06T06:01:15.495Z,19010606,XBTUSD,3792.5,24428,3793,505,3792.75,3793
9997749,2019-01-06T06:01:15.528Z,19010606,XBTUSD,3792.5,46647,3793,151244,3792.75,3793
9997757,2019-01-06T06:01:15.555Z,19010606,XBTUSD,3792.5,52662,3793,207822,3792.75,3793
9997064,2019-01-06T06:00:51.748Z,19010606,XBTUSD,3794,167239,3794.5,505749,3794.25,3794.5
9997072,2019-01-06T06:00:51.919Z,19010606,XBTUSD,3794,167240,3794.5,525261,3794.25,3794.5
9997105,2019-01-06T06:00:53.258Z,19010606,XBTUSD,3794,153055,3794.5,563301,3794.25,3794.5
9997114,2019-01-06T06:00:53.804Z,19010606,XBTUSD,3794,153811,3794.5,572750,3794.25,3794.5
9997133,2019-01-06T06:00:55.779Z,19010606,XBTUSD,3794,161069,3794.5,578711,3794.25,3794.5
9997143,2019-01-06T06:00:56.674Z,19010606,XBTUSD,3794,167429,3794.5,540711,3794.25,3794.5
9997153,2019-01-06T06:00:56.731Z,19010606,XBTUSD,3794,164929,3794.5,450711,3794.25,3794.5
9997161,2019-01-06T06:00:57.040Z,19010606,XBTUSD,3794,164931,3794.5,372026,3794.25,3794.5
9997176,2019-01-06T06:00:57.394Z,19010606,XBTUSD,3794,164543,3794.5,378152,3794.25,3794.5
9997192,2019-01-06T06:00:58.956Z,19010606,XBTUSD,3794,214558,3794.5,410672,3794.25,3794.5
9997214,2019-01-06T06:00:59.798Z,19010606,XBTUSD,3794,270604,3794.5,408672,3794.25,3794.5
9997235,2019-01-06T06:01:01.621Z,19010606,XBTUSD,3794,284049,3794.5,404633,3794.25,3794.5
9997244,2019-01-06T06:01:01.834Z,19010606,XBTUSD,3794,238648,3794.5,406633,3794.25,3794.5
9997285,2019-01-06T06:01:02.148Z,19010606,XBTUSD,3794,178436,3794.5,416783,3794.25,3794.5
9997314,2019-01-06T06:01:03.192Z,19010606,XBTUSD,3794,166749,3794.5,407084,3794.25,3794.5
9997327,2019-01-06T06:01:03.377Z,19010606,XBTUSD,3794,166751,3794.5,517084,3794.25,3794.5
9997337,2019-01-06T06:01:03.637Z,19010606,XBTUSD,3794,164409,3794.5,565513,3794.25,3794.5
9997360,2019-01-06T06:01:04.468Z,19010606,XBTUSD,3794,164515,3794.5,565642,3794.25,3794.5
9997370,2019-01-06T06:01:05.122Z,19010606,XBTUSD,3794,164528,3794.5,566900,3794.25,3794.5
9997380,2019-01-06T06:01:05.663Z,19010606,XBTUSD,3793.5,76048,3794,39455,3793.75,3794
9997390,2019-01-06T06:01:05.696Z,19010606,XBTUSD,3793.5,76048,3794,62084,3793.75,3794
9997393,2019-01-06T06:01:05.704Z,19010606,XBTUSD,3793.5,84727,3794,101524,3793.75,3794
9997404,2019-01-06T06:01:05.736Z,19010606,XBTUSD,3793.5,95516,3794,167707,3793.75,3794
9997415,2019-01-06T06:01:05.793Z,19010606,XBTUSD,3793.5,95516,3794,335633,3793.75,3794
9997425,2019-01-06T06:01:05.840Z,19010606,XBTUSD,3793.5,65168,3794,447765,3793.75,3794
9997433,2019-01-06T06:01:05.881Z,19010606,XBTUSD,3793.5,65268,3794,492011,3793.75,3794
9997446,2019-01-06T06:01:05.918Z,19010606,XBTUSD,3793.5,77093,3794,525011,3793.75,3794
9997464,2019-01-06T06:01:06.176Z,19010606,XBTUSD,3793.5,104331,3794,506888,3793.75,3794
9997467,2019-01-06T06:01:06.176Z,19010606,XBTUSD,3793.5,69331,3794,531888,3793.75,3794
9997479,2019-01-06T06:01:06.316Z,19010606,XBTUSD,3793.5,69521,3794,560816,3793.75,3794
9997489,2019-01-06T06:01:06.786Z,19010606,XBTUSD,3793.5,71427,3794,522462,3793.75,3794
9997496,2019-01-06T06:01:07.081Z,19010606,XBTUSD,3793.5,171439,3794,512592,3793.75,3794
9997508,2019-01-06T06:01:07.116Z,19010606,XBTUSD,3793.5,171439,3794,512955,3793.75,3794
9997518,2019-01-06T06:01:07.464Z,19010606,XBTUSD,3793.5,169341,3794,514440,3793.75,3794
9997531,2019-01-06T06:01:08.705Z,19010606,XBTUSD,3793.5,169358,3794,505127,3793.75,3794
9997572,2019-01-06T06:01:09.799Z,19010606,XBTUSD,3793.5,68782,3794,1976914,3793.75,3794
9997584,2019-01-06T06:01:10.607Z,19010606,XBTUSD,3793.5,57974,3794,1973964,3793.75,3794
9997613,2019-01-06T06:01:11.638Z,19010606,XBTUSD,3793.5,57954,3794,1985125,3793.75,3794
9997627,2019-01-06T06:01:12.826Z,19010606,XBTUSD,3793.5,90694,3794,2001125,3793.75,3794
9997634,2019-01-06T06:01:12.851Z,19010606,XBTUSD,3793.5,90694,3794,1970939,3793.75,3794
9997645,2019-01-06T06:01:12.911Z,19010606,XBTUSD,3793.5,90696,3794,1976939,3793.75,3794
9997655,2019-01-06T06:01:12.981Z,19010606,XBTUSD,3793.5,90696,3794,1991865,3793.75,3794
9997663,2019-01-06T06:01:13.024Z,19010606,XBTUSD,3793.5,90696,3794,1953865,3793.75,3794
9997684,2019-01-06T06:01:13.156Z,19010606,XBTUSD,3793.5,103696,3794,1969865,3793.75,3794
9997690,2019-01-06T06:01:13.357Z,19010606,XBTUSD,3793.5,103742,3794,1958816,3793.75,3794
9997722,2019-01-06T06:01:14.506Z,19010606,XBTUSD,3793.5,103726,3794,1926894,3793.75,3794
9997726,2019-01-06T06:01:15.110Z,19010606,XBTUSD,3793.5,103738,3794,1928957,3793.75,3794
9997737,2019-01-06T06:01:15.499Z,19010606,XBTUSD,3792.5,24428,3793,595,3792.75,3793
9997750,2019-01-06T06:01:15.532Z,19010606,XBTUSD,3792.5,46647,3793,153244,3792.75,3793
9997756,2019-01-06T06:01:15.552Z,19010606,XBTUSD,3792.5,52662,3793,197822,3792.75,3793
9997768,2019-01-06T06:01:15.598Z,19010606,XBTUSD,3792.5,83002,3793,201879,3792.75,3793
9997777,2019-01-06T06:01:15.655Z,19010606,XBTUSD,3792.5,95764,3793,228624,3792.75,3793
9997788,2019-01-06T06:01:15.699Z,19010606,XBTUSD,3792.5,102964,3793,268569,3792.75,3793
9997798,2019-01-06T06:01:15.738Z,19010606,XBTUSD,3792.5,101825,3793,310166,3792.75,3793
9997805,2019-01-06T06:01:15.777Z,19010606,XBTUSD,3792.5,115931,3793,320166,3792.75,3793
9997828,2019-01-06T06:01:15.873Z,19010606,XBTUSD,3792.5,116341,3793,349291,3792.75,3793
9997834,2019-01-06T06:01:15.917Z,19010606,XBTUSD,3792.5,116431,3793,320160,3792.75,3793
9997847,2019-01-06T06:01:16.130Z,19010606,XBTUSD,3792.5,100646,3793,365760,3792.75,3793
9997858,2019-01-06T06:01:16.175Z,19010606,XBTUSD,3792.5,97987,3793,362899,3792.75,3793
9997123,2019-01-06T06:00:54.302Z,19010606,XBTUSD,3794,153067,3794.5,578950,3794.25,3794.5
9997137,2019-01-06T06:00:56.482Z,19010606,XBTUSD,3794,161196,3794.5,578711,3794.25,3794.5
9997148,2019-01-06T06:00:56.694Z,19010606,XBTUSD,3794,167429,3794.5,490711,3794.25,3794.5
9997158,2019-01-06T06:00:56.842Z,19010606,XBTUSD,3794,164930,3794.5,381663,3794.25,3794.5
9997205,2019-01-06T06:00:59.368Z,19010606,XBTUSD,3794,214404,3794.5,410672,3794.25,3794.5
9997213,2019-01-06T06:00:59.778Z,19010606,XBTUSD,3794,267004,3794.5,408672,3794.25,3794.5
9997230,2019-01-06T06:01:00.762Z,19010606,XBTUSD,3794,284047,3794.5,406610,3794.25,3794.5
9997241,2019-01-06T06:01:01.792Z,19010606,XBTUSD,3794,242249,3794.5,406633,3794.25,3794.5
9997252,2019-01-06T06:01:01.967Z,19010606,XBTUSD,3794,231950,3794.5,406783,3794.25,3794.5
9997291,2019-01-06T06:01:02.239Z,19010606,XBTUSD,3794,164553,3794.5,406783,3794.25,3794.5
9997298,2019-01-06T06:01:02.706Z,19010606,XBTUSD,3794,166749,3794.5,407084,3794.25,3794.5
9997318,2019-01-06T06:01:03.348Z,19010606,XBTUSD,3794,166751,3794.5,427084,3794.25,3794.5
9997322,2019-01-06T06:01:03.361Z,19010606,XBTUSD,3794,166751,3794.5,467084,3794.25,3794.5
9997332,2019-01-06T06:01:03.397Z,19010606,XBTUSD,3794,166751,3794.5,567084,3794.25,3794.5
9997343,2019-01-06T06:01:03.818Z,19010606,XBTUSD,3794,164513,3794.5,565513,3794.25,3794.5
9997357,2019-01-06T06:01:04.259Z,19010606,XBTUSD,3794,164513,3794.5,565453,3794.25,3794.5
9997367,2019-01-06T06:01:05.024Z,19010606,XBTUSD,3794,164527,3794.5,566711,3794.25,3794.5
9997373,2019-01-06T06:01:05.642Z,19010606,XBTUSD,3793.5,45700,3794,100,3793.75,3794
9997383,2019-01-06T06:01:05.677Z,19010606,XBTUSD,3793.5,76048,3794,41620,3793.75,3794
9997394,2019-01-06T06:01:05.707Z,19010606,XBTUSD,3793.5,95516,3794,101524,3793.75,3794
9997405,2019-01-06T06:01:05.738Z,19010606,XBTUSD,3793.5,95516,3794,169582,3793.75,3794
9997413,2019-01-06T06:01:05.783Z,19010606,XBTUSD,3793.5,95516,3794,305633,3793.75,3794
9997424,2019-01-06T06:01:05.839Z,19010606,XBTUSD,3793.5,65168,3794,439020,3793.75,3794
9997435,2019-01-06T06:01:05.888Z,19010606,XBTUSD,3793.5,65269,3794,502011,3793.75,3794
9997448,2019-01-06T06:01:05.928Z,19010606,XBTUSD,3793.5,77063,3794,525014,3793.75,3794
9997458,2019-01-06T06:01:05.998Z,19010606,XBTUSD,3793.5,75570,3794,582504,3793.75,3794
9997471,2019-01-06T06:01:06.278Z,19010606,XBTUSD,3793.5,69425,3794,552226,3793.75,3794
9997486,2019-01-06T06:01:06.606Z,19010606,XBTUSD,3793.5,69422,3794,521462,3793.75,3794
9997510,2019-01-06T06:01:07.237Z,19010606,XBTUSD,3793.5,169473,3794,512955,3793.75,3794
9997519,2019-01-06T06:01:07.466Z,19010606,XBTUSD,3793.5,169341,3794,515046,3793.75,3794
9997528,2019-01-06T06:01:08.460Z,19010606,XBTUSD,3793.5,169347,3794,515127,3793.75,3794
9997576,2019-01-06T06:01:09.971Z,19010606,XBTUSD,3793.5,57481,3794,1976954,3793.75,3794
9997582,2019-01-06T06:01:10.566Z,19010606,XBTUSD,3793.5,57994,3794,1973954,3793.75,3794
9997616,2019-01-06T06:01:12.072Z,19010606,XBTUSD,3793.5,88956,3794,1985125,3793.75,3794
9997623,2019-01-06T06:01:12.781Z,19010606,XBTUSD,3793.5,90694,3794,1978125,3793.75,3794
9997633,2019-01-06T06:01:12.850Z,19010606,XBTUSD,3793.5,90694,3794,1977125,3793.75,3794
9997643,2019-01-06T06:01:12.907Z,19010606,XBTUSD,3793.5,90696,3794,1989939,3793.75,3794
9997650,2019-01-06T06:01:12.955Z,19010606,XBTUSD,3793.5,90696,3794,1985939,3793.75,3794
9997656,2019-01-06T06:01:12.985Z,19010606,XBTUSD,3793.5,90696,3794,1986865,3793.75,3794
9997677,2019-01-06T06:01:13.094Z,19010606,XBTUSD,3793.5,103696,3794,1980865,3793.75,3794
9997686,2019-01-06T06:01:13.205Z,19010606,XBTUSD,3793.5,103696,3794,1966816,3793.75,3794
9997699,2019-01-06T06:01:13.708Z,19010606,XBTUSD,3793.5,104123,3794,1938641,3793.75,3794
9997718,2019-01-06T06:01:14.379Z,19010606,XBTUSD,3793.5,103724,3794,1938641,3793.75,3794
9997727,2019-01-06T06:01:15.116Z,19010606,XBTUSD,3793.5,103739,3794,1928957,3793.75,3794
9997735,2019-01-06T06:01:15.493Z,19010606,XBTUSD,3792.5,24428,3793,355,3792.75,3793
9997745,2019-01-06T06:01:15.520Z,19010606,XBTUSD,3792.5,36841,3793,147144,3792.75,3793
9997755,2019-01-06T06:01:15.548Z,19010606,XBTUSD,3792.5,52662,3793,187822,3792.75,3793
9997764,2019-01-06T06:01:15.586Z,19010606,XBTUSD,3792.5,52662,3793,142170,3792.75,3793
9997771,2019-01-06T06:01:15.632Z,19010606,XBTUSD,3792.5,87313,3793,211879,3792.75,3793
9997784,2019-01-06T06:01:15.675Z,19010606,XBTUSD,3792.5,102964,3793,250663,3792.75,3793
9997792,2019-01-06T06:01:15.711Z,19010606,XBTUSD,3792.5,102964,3793,291569,3792.75,3793
9997801,2019-01-06T06:01:15.762Z,19010606,XBTUSD,3792.5,99551,3793,320166,3792.75,3793
9997822,2019-01-06T06:01:15.834Z,19010606,XBTUSD,3792.5,112331,3793,322166,3792.75,3793
9997832,2019-01-06T06:01:15.910Z,19010606,XBTUSD,3792.5,116341,3793,330160,3792.75,3793
9997842,2019-01-06T06:01:16.075Z,19010606,XBTUSD,3792.5,99321,3793,365160,3792.75,3793
9997850,2019-01-06T06:01:16.141Z,19010606,XBTUSD,3792.5,102826,3793,365760,3792.75,3793
9997861,2019-01-06T06:01:16.243Z,19010606,XBTUSD,3792.5,120687,3793,367924,3792.75,3793
9997872,2019-01-06T06:01:16.302Z,19010606,XBTUSD,3792.5,143455,3793,368269,3792.75,3793
9997879,2019-01-06T06:01:16.343Z,19010606,XBTUSD,3792.5,143455,3793,386826,3792.75,3793
9997891,2019-01-06T06:01:16.543Z,19010606,XBTUSD,3792.5,155312,3793,402851,3792.75,3793
9997128,2019-01-06T06:00:54.472Z,19010606,XBTUSD,3794,161069,3794.5,580774,3794.25,3794.5
9997138,2019-01-06T06:00:56.484Z,19010606,XBTUSD,3794,167429,3794.5,578711,3794.25,3794.5
9997149,2019-01-06T06:00:56.701Z,19010606,XBTUSD,3794,167429,3794.5,480711,3794.25,3794.5
9997162,2019-01-06T06:00:57.071Z,19010606,XBTUSD,3794,164931,3794.5,374026,3794.25,3794.5
9997187,2019-01-06T06:00:58.603Z,19010606,XBTUSD,3794,214557,3794.5,413692,3794.25,3794.5
9997215,2019-01-06T06:00:59.809Z,19010606,XBTUSD,3794,274204,3794.5,408672,3794.25,3794.5
9997234,2019-01-06T06:01:01.414Z,19010606,XBTUSD,3794,284049,3794.5,402570,3794.25,3794.5
9997240,2019-01-06T06:01:01.763Z,19010606,XBTUSD,3794,244049,3794.5,406633,3794.25,3794.5
9997248,2019-01-06T06:01:01.883Z,19010606,XBTUSD,3794,234198,3794.5,406723,3794.25,3794.5
9997292,2019-01-06T06:01:02.242Z,19010606,XBTUSD,3794,170786,3794.5,406783,3794.25,3794.5
9997296,2019-01-06T06:01:02.607Z,19010606,XBTUSD,3794,168549,3794.5,406783,3794.25,3794.5
9997315,2019-01-06T06:01:03.207Z,19010606,XBTUSD,3794,166750,3794.5,407084,3794.25,3794.5
9997325,2019-01-06T06:01:03.371Z,19010606,XBTUSD,3794,166751,3794.5,497084,3794.25,3794.5
9997339,2019-01-06T06:01:03.704Z,19010606,XBTUSD,3794,164512,3794.5,565513,3794.25,3794.5
9997358,2019-01-06T06:01:04.303Z,19010606,XBTUSD,3794,164514,3794.5,565453,3794.25,3794.5
9997374,2019-01-06T06:01:05.647Z,19010606,XBTUSD,3793.5,45700,3794,190,3793.75,3794
9997389,2019-01-06T06:01:05.693Z,19010606,XBTUSD,3793.5,76048,3794,61994,3793.75,3794
9997396,2019-01-06T06:01:05.718Z,19010606,XBTUSD,3793.5,95516,3794,111524,3793.75,3794
9997412,2019-01-06T06:01:05.778Z,19010606,XBTUSD,3793.5,95516,3794,265691,3793.75,3794
9997422,2019-01-06T06:01:05.833Z,19010606,XBTUSD,3793.5,65168,3794,438621,3793.75,3794
9997432,2019-01-06T06:01:05.874Z,19010606,XBTUSD,3793.5,65268,3794,482011,3793.75,3794
9997445,2019-01-06T06:01:05.916Z,19010606,XBTUSD,3793.5,77093,3794,522011,3793.75,3794
9997455,2019-01-06T06:01:05.977Z,19010606,XBTUSD,3793.5,77063,3794,580504,3793.75,3794
9997465,2019-01-06T06:01:06.176Z,19010606,XBTUSD,3793.5,69331,3794,506888,3793.75,3794
9997473,2019-01-06T06:01:06.294Z,19010606,XBTUSD,3793.5,69519,3794,552726,3793.75,3794
9997484,2019-01-06T06:01:06.481Z,19010606,XBTUSD,3793.5,69521,3794,521462,3793.75,3794
9997494,2019-01-06T06:01:06.961Z,19010606,XBTUSD,3793.5,171429,3794,512492,3793.75,3794
9997514,2019-01-06T06:01:07.407Z,19010606,XBTUSD,3793.5,169341,3794,512955,3793.75,3794
9997525,2019-01-06T06:01:08.216Z,19010606,XBTUSD,3793.5,169341,3794,515127,3793.75,3794
9997535,2019-01-06T06:01:09.019Z,19010606,XBTUSD,3793.5,68789,3794,515127,3793.75,3794
9997577,2019-01-06T06:01:10.014Z,19010606,XBTUSD,3793.5,57491,3794,1976954,3793.75,3794
9997580,2019-01-06T06:01:10.107Z,19010606,XBTUSD,3793.5,57493,3794,1973954,3793.75,3794
9997620,2019-01-06T06:01:12.563Z,19010606,XBTUSD,3793.5,90694,3794,1985125,3793.75,3794
9997631,2019-01-06T06:01:12.843Z,19010606,XBTUSD,3793.5,90694,3794,1987125,3793.75,3794
9997637,2019-01-06T06:01:12.877Z,19010606,XBTUSD,3793.5,90694,3794,1986939,3793.75,3794
9997649,2019-01-06T06:01:12.947Z,19010606,XBTUSD,3793.5,90696,3794,1975939,3793.75,3794
9997657,2019-01-06T06:01:12.989Z,19010606,XBTUSD,3793.5,90696,3794,1981865,3793.75,3794
9997679,2019-01-06T06:01:13.104Z,19010606,XBTUSD,3793.5,104075,3794,1983865,3793.75,3794
9997694,2019-01-06T06:01:13.442Z,19010606,XBTUSD,3793.5,104121,3794,1957942,3793.75,3794
9997700,2019-01-06T06:01:13.815Z,19010606,XBTUSD,3793.5,103744,3794,1938641,3793.75,3794
9997719,2019-01-06T06:01:14.447Z,19010606,XBTUSD,3793.5,103724,3794,1939268,3793.75,3794
9997732,2019-01-06T06:01:15.486Z,19010606,XBTUSD,3792.5,24428,3793,105,3792.75,3793
9997743,2019-01-06T06:01:15.515Z,19010606,XBTUSD,3792.5,36841,3793,126837,3792.75,3793
9997754,2019-01-06T06:01:15.543Z,19010606,XBTUSD,3792.5,52662,3793,187577,3792.75,3793
9997763,2019-01-06T06:01:15.579Z,19010606,XBTUSD,3792.5,52662,3793,132170,3792.75,3793
9997773,2019-01-06T06:01:15.636Z,19010606,XBTUSD,3792.5,87124,3793,219879,3792.75,3793
9997781,2019-01-06T06:01:15.667Z,19010606,XBTUSD,3792.5,99364,3793,240652,3792.75,3793
9997794,2019-01-06T06:01:15.718Z,19010606,XBTUSD,3792.5,102964,3793,297156,3792.75,3793
9997804,2019-01-06T06:01:15.771Z,19010606,XBTUSD,3792.5,115905,3793,320166,3792.75,3793
9997810,2019-01-06T06:01:15.799Z,19010606,XBTUSD,3792.5,112331,3793,316166,3792.75,3793
9997827,2019-01-06T06:01:15.871Z,19010606,XBTUSD,3792.5,112331,3793,349291,3792.75,3793
9997839,2019-01-06T06:01:16.048Z,19010606,XBTUSD,3792.5,99321,3793,320160,3792.75,3793
9997851,2019-01-06T06:01:16.142Z,19010606,XBTUSD,3792.5,102826,3793,355760,3792.75,3793
9997863,2019-01-06T06:01:16.243Z,19010606,XBTUSD,3792.5,120687,3793,371478,3792.75,3793
9997874,2019-01-06T06:01:16.320Z,19010606,XBTUSD,3792.5,143455,3793,348920,3792.75,3793
9997885,2019-01-06T06:01:16.445Z,19010606,XBTUSD,3792.5,155027,3793,406803,3792.75,3793
9997895,2019-01-06T06:01:16.648Z,19010606,XBTUSD,3792.5,161390,3793,414349,3792.75,3793
9997903,2019-01-06T06:01:16.893Z,19010606,XBTUSD,3792.5,180713,3793,414363,3792.75,3793
9997227,2019-01-06T06:01:00.685Z,19010606,XBTUSD,3794,282306,3794.5,406610,3794.25,3794.5
9997237,2019-01-06T06:01:01.711Z,19010606,XBTUSD,3794,274049,3794.5,406633,3794.25,3794.5
9997247,2019-01-06T06:01:01.876Z,19010606,XBTUSD,3794,236448,3794.5,406723,3794.25,3794.5
9997289,2019-01-06T06:01:02.200Z,19010606,XBTUSD,3794,168603,3794.5,406783,3794.25,3794.5
9997320,2019-01-06T06:01:03.352Z,19010606,XBTUSD,3794,166751,3794.5,447084,3794.25,3794.5
9997330,2019-01-06T06:01:03.386Z,19010606,XBTUSD,3794,166751,3794.5,547084,3794.25,3794.5
9997340,2019-01-06T06:01:03.740Z,19010606,XBTUSD,3794,164476,3794.5,565513,3794.25,3794.5
9997361,2019-01-06T06:01:04.549Z,19010606,XBTUSD,3794,164526,3794.5,565642,3794.25,3794.5
9997379,2019-01-06T06:01:05.659Z,19010606,XBTUSD,3793.5,76048,3794,18455,3793.75,3794
9997388,2019-01-06T06:01:05.689Z,19010606,XBTUSD,3793.5,76048,3794,57994,3793.75,3794
9997398,2019-01-06T06:01:05.724Z,19010606,XBTUSD,3793.5,95516,3794,121769,3793.75,3794
9997410,2019-01-06T06:01:05.770Z,19010606,XBTUSD,3793.5,95516,3794,260582,3793.75,3794
9997416,2019-01-06T06:01:05.795Z,19010606,XBTUSD,3793.5,65168,3794,335633,3793.75,3794
9997430,2019-01-06T06:01:05.867Z,19010606,XBTUSD,3793.5,65268,3794,461380,3793.75,3794
9997437,2019-01-06T06:01:05.910Z,19010606,XBTUSD,3793.5,77093,3794,512011,3793.75,3794
9997452,2019-01-06T06:01:05.951Z,19010606,XBTUSD,3793.5,77063,3794,555504,3793.75,3794
9997456,2019-01-06T06:01:05.982Z,19010606,XBTUSD,3793.5,77063,3794,582504,3793.75,3794
9997466,2019-01-06T06:01:06.176Z,19010606,XBTUSD,3793.5,69331,3794,511888,3793.75,3794
9997476,2019-01-06T06:01:06.302Z,19010606,XBTUSD,3793.5,69521,3794,550726,3793.75,3794
9997482,2019-01-06T06:01:06.437Z,19010606,XBTUSD,3793.5,69521,3794,520826,3793.75,3794
9997491,2019-01-06T06:01:06.812Z,19010606,XBTUSD,3793.5,71428,3794,522492,3793.75,3794
9997512,2019-01-06T06:01:07.304Z,19010606,XBTUSD,3793.5,169339,3794,512955,3793.75,3794
9997520,2019-01-06T06:01:07.517Z,19010606,XBTUSD,3793.5,169341,3794,515126,3793.75,3794
9997526,2019-01-06T06:01:08.312Z,19010606,XBTUSD,3793.5,169342,3794,515127,3793.75,3794
9997574,2019-01-06T06:01:09.909Z,19010606,XBTUSD,3793.5,69261,3794,1976954,3793.75,3794
9997583,2019-01-06T06:01:10.575Z,19010606,XBTUSD,3793.5,57994,3794,1973964,3793.75,3794
9997602,2019-01-06T06:01:11.597Z,19010606,XBTUSD,3793.5,57954,3794,1984950,3793.75,3794
9997618,2019-01-06T06:01:12.509Z,19010606,XBTUSD,3793.5,79191,3794,1985125,3793.75,3794
9997628,2019-01-06T06:01:12.830Z,19010606,XBTUSD,3793.5,90694,3794,2003125,3793.75,3794
9997636,2019-01-06T06:01:12.875Z,19010606,XBTUSD,3793.5,90694,3794,1976939,3793.75,3794
9997646,2019-01-06T06:01:12.915Z,19010606,XBTUSD,3793.5,90696,3794,1971939,3793.75,3794
9997658,2019-01-06T06:01:12.990Z,19010606,XBTUSD,3793.5,90696,3794,1978865,3793.75,3794
9997678,2019-01-06T06:01:13.099Z,19010606,XBTUSD,3793.5,103696,3794,1983865,3793.75,3794
9997693,2019-01-06T06:01:13.422Z,19010606,XBTUSD,3793.5,103742,3794,1957942,3793.75,3794
9997721,2019-01-06T06:01:14.503Z,19010606,XBTUSD,3793.5,103725,3794,1926894,3793.75,3794
9997739,2019-01-06T06:01:15.505Z,19010606,XBTUSD,3792.5,24428,3793,760,3792.75,3793
9997752,2019-01-06T06:01:15.538Z,19010606,XBTUSD,3792.5,52662,3793,172577,3792.75,3793
9997765,2019-01-06T06:01:15.588Z,19010606,XBTUSD,3792.5,52662,3793,151770,3792.75,3793
9997775,2019-01-06T06:01:15.642Z,19010606,XBTUSD,3792.5,93514,3793,219879,3792.75,3793
9997785,2019-01-06T06:01:15.679Z,19010606,XBTUSD,3792.5,102964,3793,255663,3792.75,3793
9997791,2019-01-06T06:01:15.708Z,19010606,XBTUSD,3792.5,102964,3793,288569,3792.75,3793
9997802,2019-01-06T06:01:15.763Z,19010606,XBTUSD,3792.5,104050,3793,320166,3792.75,3793
9997830,2019-01-06T06:01:15.891Z,19010606,XBTUSD,3792.5,116341,3793,339670,3792.75,3793
9997840,2019-01-06T06:01:16.048Z,19010606,XBTUSD,3792.5,99321,3793,325160,3792.75,3793
9997849,2019-01-06T06:01:16.135Z,19010606,XBTUSD,3792.5,100826,3793,365760,3792.75,3793
9997862,2019-01-06T06:01:16.243Z,19010606,XBTUSD,3792.5,120687,3793,369276,3792.75,3793
9997866,2019-01-06T06:01:16.253Z,19010606,XBTUSD,3792.5,120687,3793,378910,3792.75,3793
9997876,2019-01-06T06:01:16.343Z,19010606,XBTUSD,3792.5,143455,3793,359493,3792.75,3793
9997886,2019-01-06T06:01:16.445Z,19010606,XBTUSD,3792.5,155027,3793,408300,3792.75,3793
9997889,2019-01-06T06:01:16.471Z,19010606,XBTUSD,3792.5,155312,3793,411910,3792.75,3793
9997899,2019-01-06T06:01:16.708Z,19010606,XBTUSD,3792.5,162918,3793,414363,3792.75,3793
9997935,2019-01-06T06:01:17.212Z,19010606,XBTUSD,3792.5,238305,3793,399726,3792.75,3793
9997946,2019-01-06T06:01:17.803Z,19010606,XBTUSD,3792.5,237095,3793,381908,3792.75,3793
9997957,2019-01-06T06:01:18.036Z,19010606,XBTUSD,3792.5,236192,3793,361968,3792.75,3793
9997967,2019-01-06T06:01:18.477Z,19010606,XBTUSD,3792.5,241024,3793,348389,3792.75,3793
9997980,2019-01-06T06:01:19.169Z,19010606,XBTUSD,3792.5,241064,3793,345389,3792.75,3793
9998004,2019-01-06T06:01:20.653Z,19010606,XBTUSD,3792.5,291182,3793,294742,3792.75,3793
9998007,2019-01-06T06:01:20.664Z,19010606,XBTUSD,3792.5,291461,3793,290217,3792.75,3793
9997290,2019-01-06T06:01:02.204Z,19010606,XBTUSD,3794,166803,3794.5,406783,3794.25,3794.5
9997316,2019-01-06T06:01:03.210Z,19010606,XBTUSD,3794,166751,3794.5,407084,3794.25,3794.5
9997326,2019-01-06T06:01:03.373Z,19010606,XBTUSD,3794,166751,3794.5,507084,3794.25,3794.5
9997335,2019-01-06T06:01:03.507Z,19010606,XBTUSD,3794,164409,3794.5,567084,3794.25,3794.5
9997362,2019-01-06T06:01:04.567Z,19010606,XBTUSD,3794,164526,3794.5,577042,3794.25,3794.5
9997372,2019-01-06T06:01:05.599Z,19010606,XBTUSD,3793.5,45700,3794.5,563900,3794,3794.5
9997382,2019-01-06T06:01:05.673Z,19010606,XBTUSD,3793.5,76048,3794,41470,3793.75,3794
9997392,2019-01-06T06:01:05.702Z,19010606,XBTUSD,3793.5,84694,3794,82216,3793.75,3794
9997402,2019-01-06T06:01:05.731Z,19010606,XBTUSD,3793.5,95516,3794,152707,3793.75,3794
9997408,2019-01-06T06:01:05.752Z,19010606,XBTUSD,3793.5,95516,3794,230582,3793.75,3794
9997419,2019-01-06T06:01:05.808Z,19010606,XBTUSD,3793.5,65168,3794,362033,3793.75,3794
9997427,2019-01-06T06:01:05.852Z,19010606,XBTUSD,3793.5,65268,3794,447793,3793.75,3794
9997453,2019-01-06T06:01:05.971Z,19010606,XBTUSD,3793.5,77063,3794,565504,3793.75,3794
9997462,2019-01-06T06:01:06.012Z,19010606,XBTUSD,3793.5,106012,3794,506768,3793.75,3794
9997470,2019-01-06T06:01:06.264Z,19010606,XBTUSD,3793.5,69425,3794,551913,3793.75,3794
9997485,2019-01-06T06:01:06.585Z,19010606,XBTUSD,3793.5,69522,3794,521462,3793.75,3794
9997493,2019-01-06T06:01:06.922Z,19010606,XBTUSD,3793.5,171428,3794,512492,3793.75,3794
9997515,2019-01-06T06:01:07.417Z,19010606,XBTUSD,3793.5,169341,3794,512975,3793.75,3794
9997532,2019-01-06T06:01:08.909Z,19010606,XBTUSD,3793.5,69358,3794,505127,3793.75,3794
9997571,2019-01-06T06:01:09.546Z,19010606,XBTUSD,3793.5,68782,3794,1986914,3793.75,3794
9997585,2019-01-06T06:01:10.610Z,19010606,XBTUSD,3793.5,57954,3794,1973964,3793.75,3794
9997614,2019-01-06T06:01:12.013Z,19010606,XBTUSD,3793.5,57955,3794,1985125,3793.75,3794
9997626,2019-01-06T06:01:12.822Z,19010606,XBTUSD,3793.5,90694,3794,1996125,3793.75,3794
9997642,2019-01-06T06:01:12.905Z,19010606,XBTUSD,3793.5,90695,3794,1989939,3793.75,3794
9997652,2019-01-06T06:01:12.963Z,19010606,XBTUSD,3793.5,90696,3794,1993939,3793.75,3794
9997664,2019-01-06T06:01:13.059Z,19010606,XBTUSD,3793.5,90696,3794,1958865,3793.75,3794
9997682,2019-01-06T06:01:13.131Z,19010606,XBTUSD,3793.5,103696,3794,1981865,3793.75,3794
9997692,2019-01-06T06:01:13.400Z,19010606,XBTUSD,3793.5,103742,3794,1962942,3793.75,3794
9997730,2019-01-06T06:01:15.369Z,19010606,XBTUSD,3793.5,103739,3794,1918957,3793.75,3794
9997742,2019-01-06T06:01:15.514Z,19010606,XBTUSD,3792.5,24428,3793,126837,3792.75,3793
9997751,2019-01-06T06:01:15.533Z,19010606,XBTUSD,3792.5,46647,3793,172577,3792.75,3793
9997762,2019-01-06T06:01:15.572Z,19010606,XBTUSD,3792.5,52662,3793,252247,3792.75,3793
9997774,2019-01-06T06:01:15.638Z,19010606,XBTUSD,3792.5,93356,3793,219879,3792.75,3793
9997782,2019-01-06T06:01:15.669Z,19010606,XBTUSD,3792.5,102964,3793,240652,3792.75,3793
9997795,2019-01-06T06:01:15.721Z,19010606,XBTUSD,3792.5,101825,3793,297156,3792.75,3793
9997806,2019-01-06T06:01:15.781Z,19010606,XBTUSD,3792.5,115931,3793,310166,3792.75,3793
9997811,2019-01-06T06:01:15.819Z,19010606,XBTUSD,3792.5,112331,3793,326166,3792.75,3793
9997826,2019-01-06T06:01:15.854Z,19010606,XBTUSD,3792.5,112331,3793,339291,3792.75,3793
9997835,2019-01-06T06:01:15.930Z,19010606,XBTUSD,3792.5,116435,3793,320160,3792.75,3793
9997848,2019-01-06T06:01:16.132Z,19010606,XBTUSD,3792.5,100736,3793,365760,3792.75,3793
9997856,2019-01-06T06:01:16.144Z,19010606,XBTUSD,3792.5,97826,3793,362899,3792.75,3793
9997869,2019-01-06T06:01:16.283Z,19010606,XBTUSD,3792.5,143455,3793,388910,3792.75,3793
9997882,2019-01-06T06:01:16.394Z,19010606,XBTUSD,3792.5,143455,3793,417009,3792.75,3793
9997888,2019-01-06T06:01:16.445Z,19010606,XBTUSD,3792.5,155027,3793,411910,3792.75,3793
9997898,2019-01-06T06:01:16.706Z,19010606,XBTUSD,3792.5,162890,3793,414363,3792.75,3793
9997908,2019-01-06T06:01:17.066Z,19010606,XBTUSD,3792.5,238233,3793,399363,3792.75,3793
9997940,2019-01-06T06:01:17.338Z,19010606,XBTUSD,3792.5,238306,3793,389846,3792.75,3793
9997949,2019-01-06T06:01:17.865Z,19010606,XBTUSD,3792.5,236938,3793,381938,3792.75,3793
9997963,2019-01-06T06:01:18.407Z,19010606,XBTUSD,3792.5,241023,3793,356368,3792.75,3793
9997970,2019-01-06T06:01:18.696Z,19010606,XBTUSD,3792.5,240735,3793,345389,3792.75,3793
9997982,2019-01-06T06:01:19.222Z,19010606,XBTUSD,3792.5,241443,3793,345489,3792.75,3793
9998000,2019-01-06T06:01:20.628Z,19010606,XBTUSD,3792.5,291066,3793,300479,3792.75,3793
9998015,2019-01-06T06:01:21.063Z,19010606,XBTUSD,3792.5,419484,3793,283168,3792.75,3793
9998027,2019-01-06T06:01:21.492Z,19010606,XBTUSD,3792.5,415435,3793,241904,3792.75,3793
9998033,2019-01-06T06:01:22.026Z,19010606,XBTUSD,3792.5,414711,3793,253931,3792.75,3793
9998054,2019-01-06T06:01:22.421Z,19010606,XBTUSD,3792.5,414554,3793,247252,3792.75,3793
9998061,2019-01-06T06:01:22.613Z,19010606,XBTUSD,3792.5,404041,3793,244385,3792.75,3793
9998087,2019-01-06T06:01:23.556Z,19010606,XBTUSD,3792.5,384206,3793,200574,3792.75,3793
9997450,2019-01-06T06:01:05.941Z,19010606,XBTUSD,3793.5,77063,3794,545014,3793.75,3794
9997457,2019-01-06T06:01:05.988Z,19010606,XBTUSD,3793.5,75476,3794,582504,3793.75,3794
9997475,2019-01-06T06:01:06.299Z,19010606,XBTUSD,3793.5,69521,3794,552726,3793.75,3794
9997480,2019-01-06T06:01:06.395Z,19010606,XBTUSD,3793.5,69521,3794,540816,3793.75,3794
9997492,2019-01-06T06:01:06.908Z,19010606,XBTUSD,3793.5,171428,3794,522492,3793.75,3794
9997513,2019-01-06T06:01:07.405Z,19010606,XBTUSD,3793.5,169340,3794,512955,3793.75,3794
9997530,2019-01-06T06:01:08.569Z,19010606,XBTUSD,3793.5,169358,3794,510127,3793.75,3794
9997538,2019-01-06T06:01:09.068Z,19010606,XBTUSD,3793.5,68780,3794,505127,3793.75,3794
9997569,2019-01-06T06:01:09.519Z,19010606,XBTUSD,3793.5,68782,3794,506914,3793.75,3794
9997621,2019-01-06T06:01:12.662Z,19010606,XBTUSD,3793.5,90694,3794,1980125,3793.75,3794
9997630,2019-01-06T06:01:12.842Z,19010606,XBTUSD,3793.5,90694,3794,1990125,3793.75,3794
9997641,2019-01-06T06:01:12.890Z,19010606,XBTUSD,3793.5,90695,3794,1994939,3793.75,3794
9997647,2019-01-06T06:01:12.917Z,19010606,XBTUSD,3793.5,90696,3794,1968939,3793.75,3794
9997660,2019-01-06T06:01:13.005Z,19010606,XBTUSD,3793.5,90696,3794,1966865,3793.75,3794
9997666,2019-01-06T06:01:13.084Z,19010606,XBTUSD,3793.5,103696,3794,1968865,3793.75,3794
9997680,2019-01-06T06:01:13.106Z,19010606,XBTUSD,3793.5,104075,3794,1986865,3793.75,3794
