id,timestamp,hour,symbol,side,size,price,tickDirection,trdMatchID,volTime,tickTime
2847612,2019-01-06T06:00:03.807Z,19010606,XBTUSD,Sell,3966,3794.5,ZeroMinusTick,59ab3853-1224-5b07-b060-4563e860738b,3966,1
2847610,2019-01-06T06:00:03.802Z,19010606,XBTUSD,Sell,45,3794.5,ZeroMinusTick,f0309da5-fa20-9271-91b7-4e125e0c0fa2,4011,2
2847613,2019-01-06T06:00:04.918Z,19010606,XBTUSD,Sell,3062,3794.5,ZeroMinusTick,115f45c6-6a92-7d3c-3cd7-1d8ff6d20425,7073,3
2847646,2019-01-06T06:00:08.942Z,19010606,XBTUSD,Sell,3861,3794.5,MinusTick,542f98e7-b3e4-b78f-ef76-b36480c37d4e,10934,4
2847650,2019-01-06T06:00:13.764Z,19010606,XBTUSD,Buy,1,3795,PlusTick,b4037c7b-fd73-f1bf-146e-818f1bfe2fd8,10935,5
2847651,2019-01-06T06:00:14.083Z,19010606,XBTUSD,Sell,7,3794.5,MinusTick,52075e61-9fc0-d526-b2ad-4af4872841e8,10942,6
2847657,2019-01-06T06:00:16.099Z,19010606,XBTUSD,Sell,1422,3794.5,ZeroMinusTick,8e04f039-8d53-571d-50ab-5e19f27f1b58,12364,7
2847609,2019-01-06T06:00:03.802Z,19010606,XBTUSD,Sell,1702,3794.5,MinusTick,d9dfd46d-e769-93a9-ab7f-3f7b86c47f5c,14066,8
2847644,2019-01-06T06:00:08.247Z,19010606,XBTUSD,Sell,5,3794.5,ZeroMinusTick,c367fe74-61f3-3630-cfb0-2568881d5fa2,14071,9
2847691,2019-01-06T06:00:20.923Z,19010606,XBTUSD,Sell,1000,3794.5,MinusTick,ce7200ba-5955-465e-5821-a273f192a0c2,15071,10
2847692,2019-01-06T06:00:21.083Z,19010606,XBTUSD,Sell,100,3794.5,ZeroMinusTick,a1546a26-927b-b4bb-dea0-7f52501bf9af,15171,11
2847708,2019-01-06T06:00:29.262Z,19010606,XBTUSD,Sell,30,3794.5,ZeroMinusTick,9525a3b6-977f-f0d1-8233-7682abc7d358,15201,12
2847717,2019-01-06T06:00:37.321Z,19010606,XBTUSD,Sell,100,3794.5,ZeroMinusTick,a6c1058b-41fd-f94b-7f1f-8d873fd7b013,15301,13
2847725,2019-01-06T06:00:38.415Z,19010606,XBTUSD,Sell,30,3794.5,ZeroMinusTick,7561f8b1-8aaa-ebb1-e421-c78d171efc7a,15331,14
2847734,2019-01-06T06:00:38.415Z,19010606,XBTUSD,Sell,132,3794.5,ZeroMinusTick,56420d47-b76a-41c4-6875-bd36cf3d3a32,15463,15
2847745,2019-01-06T06:00:38.415Z,19010606,XBTUSD,Sell,11,3794.5,ZeroMinusTick,ac854d1c-92f8-1478-56be-2b9025435f95,15474,16
2847754,2019-01-06T06:00:38.415Z,19010606,XBTUSD,Sell,11,3794.5,ZeroMinusTick,837613af-2415-3d98-cd93-c723de4380f2,15485,17
2847768,2019-01-06T06:00:38.415Z,19010606,XBTUSD,Sell,15,3794.5,ZeroMinusTick,58369a70-434c-ab1a-dd35-a85f0258f3ca,15500,18
2847772,2019-01-06T06:00:38.415Z,19010606,XBTUSD,Sell,11,3794.5,ZeroMinusTick,44812492-bc05-126f-4156-d200e3bbcab4,15511,19
2847611,2019-01-06T06:00:03.802Z,19010606,XBTUSD,Sell,2114,3794.5,ZeroMinusTick,cbc37af2-d5b4-746f-56f6-5c7f8ab09b3b,17625,20
2847647,2019-01-06T06:00:09.186Z,19010606,XBTUSD,Sell,40,3794.5,ZeroMinusTick,f537d90c-c9b9-6d96-2e14-f4096715efa9,17665,21
2847648,2019-01-06T06:00:10.378Z,19010606,XBTUSD,Sell,3966,3794.5,ZeroMinusTick,5193dfc9-6741-369c-a6c2-06e4d649943e,21631,22
2847702,2019-01-06T06:00:28.220Z,19010606,XBTUSD,Sell,15,3794.5,ZeroMinusTick,84aed3c0-56e0-fb04-cece-b9a7fd31b0dd,21646,23
2847722,2019-01-06T06:00:38.415Z,19010606,XBTUSD,Sell,6235,3794.5,ZeroMinusTick,ba220780-c8ed-61a2-0908-01721f3a02ae,27881,24
2847735,2019-01-06T06:00:38.415Z,19010606,XBTUSD,Sell,11,3794.5,ZeroMinusTick,ef0aab58-aad5-78aa-2044-3c9daf44c59d,27892,25
2847746,2019-01-06T06:00:38.415Z,19010606,XBTUSD,Sell,2000,3794.5,ZeroMinusTick,d74d4a05-a12f-9d1f-b1fd-614a64ba9e23,29892,26
2847685,2019-01-06T06:00:18.918Z,19010606,XBTUSD,Sell,500,3794.5,ZeroMinusTick,1691bfd3-4f8e-3567-893a-2f9ce6e77fb9,30392,27
2847710,2019-01-06T06:00:29.262Z,19010606,XBTUSD,Sell,30,3794.5,ZeroMinusTick,e66c9fcb-9df5-7e84-f8cc-8baaf520c06d,30422,28
2847729,2019-01-06T06:00:38.415Z,19010606,XBTUSD,Sell,100,3794.5,ZeroMinusTick,8c56ca20-6e56-c543-252e-4cae4da16663,30522,29
2847733,2019-01-06T06:00:38.415Z,19010606,XBTUSD,Sell,11,3794.5,ZeroMinusTick,ecd3d7d0-b8e6-ffc6-b4a3-65849e9fae8d,30533,30
2847744,2019-01-06T06:00:38.415Z,19010606,XBTUSD,Sell,2000,3794.5,ZeroMinusTick,3ec5bf44-fdb2-cbf2-3c53-0aece99b0ff9,32533,31
2847758,2019-01-06T06:00:38.415Z,19010606,XBTUSD,Sell,11,3794.5,ZeroMinusTick,594e3317-22f2-1c89-240c-9209c1e53a5a,32544,32
2847761,2019-01-06T06:00:38.415Z,19010606,XBTUSD,Sell,3794,3794.5,ZeroMinusTick,85203f9b-d6cc-2d22-ce8f-08aca27c8f22,36338,33
2847771,2019-01-06T06:00:38.415Z,19010606,XBTUSD,Sell,10,3794.5,ZeroMinusTick,32c684c0-03c9-ce4f-5fd9-1708e51e746e,36348,34
2847781,2019-01-06T06:00:38.415Z,19010606,XBTUSD,Sell,11,3794.5,ZeroMinusTick,0eaa550c-463e-7826-95c8-2d4eaa7d2876,36359,35
2847784,2019-01-06T06:00:38.415Z,19010606,XBTUSD,Sell,10,3794.5,ZeroMinusTick,d1df7c49-6d29-ad68-89fd-696830bc1d1e,36369,36
2847794,2019-01-06T06:00:38.415Z,19010606,XBTUSD,Sell,11,3794,MinusTick,eb1cea18-f453-64f5-31fc-11f45e4c6535,36380,37
2847804,2019-01-06T06:00:38.415Z,19010606,XBTUSD,Sell,11,3794,ZeroMinusTick,ee4890b2-cef7-6692-67d8-90d03f0ea5dd,36391,38
2847811,2019-01-06T06:00:38.415Z,19010606,XBTUSD,Sell,11,3794,ZeroMinusTick,99abfd80-607a-9094-21ad-d337ec4159e9,36402,39
2847824,2019-01-06T06:00:38.415Z,19010606,XBTUSD,Sell,11,3794,ZeroMinusTick,d0c6e8e0-581a-d916-1b82-e0edac11c39d,36413,40
2847833,2019-01-06T06:00:38.415Z,19010606,XBTUSD,Sell,11,3794,ZeroMinusTick,6e323ddb-b3f4-a2b0-c977-1e0e05a8f20d,36424,41
2847839,2019-01-06T06:00:38.415Z,19010606,XBTUSD,Sell,11,3794,ZeroMinusTick,d329a061-9dd3-d050-8c1a-625cdfcdc831,36435,42
2847849,2019-01-06T06:00:38.415Z,19010606,XBTUSD,Sell,11,3794,ZeroMinusTick,ef04a083-430d-c219-4b78-d2fa141da90e,36446,43
2847859,2019-01-06T06:00:38.415Z,19010606,XBTUSD,Sell,11,3794,ZeroMinusTick,f6cb43e5-d839-61b9-855b-1c1a73070fde,36457,44
2847865,2019-01-06T06:00:38.415Z,19010606,XBTUSD,Sell,11,3794,ZeroMinusTick,25cdd6dd-847f-8c63-9829-8f1186b2cfdb,36468,45
2847877,2019-01-06T06:00:38.415Z,19010606,XBTUSD,Sell,11,3794,ZeroMinusTick,3166f1b7-666d-525d-f12f-65ce5cff11ac,36479,46
2847883,2019-01-06T06:00:38.415Z,19010606,XBTUSD,Sell,11,3794,ZeroMinusTick,e343a708-ff71-a808-556c-ca11df37bcf0,36490,47
2847893,2019-01-06T06:00:38.415Z,19010606,XBTUSD,Sell,11,3794,ZeroMinusTick,38d500c6-8b35-a3b6-00f8-8c08b48e73a8,36501,48
2847903,2019-01-06T06:00:38.415Z,19010606,XBTUSD,Sell,11,3794,ZeroMinusTick,07b77b47-972a-b898-75cb-ca4b429e000c,36512,49
2847913,2019-01-06T06:00:38.415Z,19010606,XBTUSD,Sell,11,3794,ZeroMinusTick,6f02fc8b-2f36-9530-5bc9-140c51dd9c4f,36523,50
2847653,2019-01-06T06:00:15.371Z,19010606,XBTUSD,Buy,3,3795,PlusTick,7b1f21ea-bbb0-b307-1565-7e5c1a8506d4,36526,51
2847704,2019-01-06T06:00:28.220Z,19010606,XBTUSD,Sell,935,3794.5,ZeroMinusTick,92703369-2130-bf57-3b2f-afa8a8f146d1,37461,52
2847724,2019-01-06T06:00:38.415Z,19010606,XBTUSD,Sell,370,3794.5,ZeroMinusTick,0c94dd8b-d4a3-7902-e952-8762cfcbc45a,37831,53
2847737,2019-01-06T06:00:38.415Z,19010606,XBTUSD,Sell,11,3794.5,ZeroMinusTick,88fd4a81-c7a2-31dd-d28d-079255eaa551,37842,54
2847748,2019-01-06T06:00:38.415Z,19010606,XBTUSD,Sell,11,3794.5,ZeroMinusTick,43b4bb2a-a8d4-53f5-0296-256708a790a8,37853,55
2847759,2019-01-06T06:00:38.415Z,19010606,XBTUSD,Sell,11,3794.5,ZeroMinusTick,a59530a7-aa20-95c5-3ada-6c381817c153,37864,56
2847770,2019-01-06T06:00:38.415Z,19010606,XBTUSD,Sell,11,3794.5,ZeroMinusTick,ec4191f9-bb56-3d3b-8b4e-cd2842a5802d,37875,57
2847780,2019-01-06T06:00:38.415Z,19010606,XBTUSD,Sell,94,3794.5,ZeroMinusTick,5ffca31e-8fe3-c9bd-007c-b9f880feef7e,37969,58
2847790,2019-01-06T06:00:38.415Z,19010606,XBTUSD,Sell,11,3794.5,ZeroMinusTick,5953606e-03a3-47be-d4d9-623905378814,37980,59
2847797,2019-01-06T06:00:38.415Z,19010606,XBTUSD,Sell,11,3794,ZeroMinusTick,d3fd217c-9f30-4587-67f1-52918aa7f006,37991,60
2847812,2019-01-06T06:00:38.415Z,19010606,XBTUSD,Sell,11,3794,ZeroMinusTick,4d51fee4-2b88-cf4f-c465-14ada68a396a,38002,61
2847821,2019-01-06T06:00:38.415Z,19010606,XBTUSD,Sell,11,3794,ZeroMinusTick,edb8980a-87a4-9232-fa86-dce350b7c251,38013,62
2847834,2019-01-06T06:00:38.415Z,19010606,XBTUSD,Sell,11,3794,ZeroMinusTick,760039e0-0697-3e0f-00d6-ea9e7a0993d6,38024,63
2847847,2019-01-06T06:00:38.415Z,19010606,XBTUSD,Sell,11,3794,ZeroMinusTick,5cdd1693-036c-5541-bccf-d6ee6a70a07a,38035,64
2847850,2019-01-06T06:00:38.415Z,19010606,XBTUSD,Sell,11,3794,ZeroMinusTick,4aafcea0-1c0b-c3dc-e550-b0969de8b84a,38046,65
2847860,2019-01-06T06:00:38.415Z,19010606,XBTUSD,Sell,11,3794,ZeroMinusTick,13dfe192-fbe9-8c4b-b4fd-470f83c0bd5e,38057,66
2847870,2019-01-06T06:00:38.415Z,19010606,XBTUSD,Sell,11,3794,ZeroMinusTick,719e23db-b48d-15d5-c4ab-3ab12b6cfdc8,38068,67
2847873,2019-01-06T06:00:38.415Z,19010606,XBTUSD,Sell,11,3794,ZeroMinusTick,4cf19e92-575d-f234-7637-f72983b22d44,38079,68
2847703,2019-01-06T06:00:28.220Z,19010606,XBTUSD,Sell,10,3794.5,ZeroMinusTick,dd05cc4b-cb50-ba53-0cc3-0c22f05127e6,38089,69
2847711,2019-01-06T06:00:29.262Z,19010606,XBTUSD,Sell,141,3794.5,ZeroMinusTick,dc82f463-cd15-fd7c-0102-27cc4dec80f2,38230,70
2847723,2019-01-06T06:00:38.415Z,19010606,XBTUSD,Sell,158,3794.5,ZeroMinusTick,e5a521bf-8685-b156-708b-6a8aac576196,38388,71
2847736,2019-01-06T06:00:38.415Z,19010606,XBTUSD,Sell,5000,3794.5,ZeroMinusTick,66637fde-bd06-160b-5de4-8969e9cc725f,43388,72
2847747,2019-01-06T06:00:38.415Z,19010606,XBTUSD,Sell,11,3794.5,ZeroMinusTick,eddcc3a5-410b-12c1-fe86-e3ad77a6046f,43399,73
2847756,2019-01-06T06:00:38.415Z,19010606,XBTUSD,Sell,48,3794.5,ZeroMinusTick,157c9247-fbaa-e6b0-8432-b51636100784,43447,74
2847763,2019-01-06T06:00:38.415Z,19010606,XBTUSD,Sell,11,3794.5,ZeroMinusTick,bd594bff-66d4-7725-855c-d2dde6814430,43458,75
2847775,2019-01-06T06:00:38.415Z,19010606,XBTUSD,Sell,322,3794.5,ZeroMinusTick,ff5c2708-8fe8-56a0-3ae0-df27ff2de924,43780,76
2847786,2019-01-06T06:00:38.415Z,19010606,XBTUSD,Sell,11,3794.5,ZeroMinusTick,0edc4b2a-04ae-e690-b0b5-31e6cb16d54b,43791,77
2847800,2019-01-06T06:00:38.415Z,19010606,XBTUSD,Sell,11,3794,ZeroMinusTick,fc762344-3f41-90e1-5ebe-7faa4b4354dd,43802,78
2847813,2019-01-06T06:00:38.415Z,19010606,XBTUSD,Sell,11,3794,ZeroMinusTick,d3d30303-040a-2728-6e73-b2692029a890,43813,79
2847817,2019-01-06T06:00:38.415Z,19010606,XBTUSD,Sell,11,3794,ZeroMinusTick,5daeece4-b9ee-79f0-b35f-c332811ba209,43824,80
2847827,2019-01-06T06:00:38.415Z,19010606,XBTUSD,Sell,11,3794,ZeroMinusTick,91f0753d-aef6-0090-72ec-ab3260535e49,43835,81
2847837,2019-01-06T06:00:38.415Z,19010606,XBTUSD,Sell,11,3794,ZeroMinusTick,3e7e77da-b699-3094-8cef-ec42f74d6486,43846,82
2847842,2019-01-06T06:00:38.415Z,19010606,XBTUSD,Sell,11,3794,ZeroMinusTick,dd15d816-c84b-6c0f-8164-2f2020c3faab,43857,83
2847854,2019-01-06T06:00:38.415Z,19010606,XBTUSD,Sell,11,3794,ZeroMinusTick,432cdc9d-5648-a687-082b-225c5eb67736,43868,84
2847861,2019-01-06T06:00:38.415Z,19010606,XBTUSD,Sell,11,3794,ZeroMinusTick,9e402334-409a-cc47-bfc5-15500d301dd1,43879,85
2847871,2019-01-06T06:00:38.415Z,19010606,XBTUSD,Sell,11,3794,ZeroMinusTick,9dbebe23-c59c-4ffa-ea0f-902e2f2043a6,43890,86
2847881,2019-01-06T06:00:38.415Z,19010606,XBTUSD,Sell,11,3794,ZeroMinusTick,050e0d5c-eff1-fb97-89f8-e0b942639b92,43901,87
2847885,2019-01-06T06:00:38.415Z,19010606,XBTUSD,Sell,11,3794,ZeroMinusTick,f9a12148-e6f4-ada4-5c98-a503030892ab,43912,88
2847902,2019-01-06T06:00:38.415Z,19010606,XBTUSD,Sell,125,3794,ZeroMinusTick,236f5ff5-6364-a62d-768f-80a372344029,44037,89
2847912,2019-01-06T06:00:38.415Z,19010606,XBTUSD,Sell,11,3794,ZeroMinusTick,27e7380d-81fb-1007-cc1d-05edd45c080b,44048,90
2847921,2019-01-06T06:00:38.415Z,19010606,XBTUSD,Sell,11,3794,ZeroMinusTick,abdca0ce-bddb-d94a-ab95-9037cac349f4,44059,91
2847929,2019-01-06T06:00:38.415Z,19010606,XBTUSD,Sell,11,3794,ZeroMinusTick,889d94a7-9ea7-2418-a4c0-4c854939ca79,44070,92
2847939,2019-01-06T06:00:38.415Z,19010606,XBTUSD,Sell,199,3794,ZeroMinusTick,1b59bda3-5656-2db0-5997-d2ee86b98377,44269,93
2847957,2019-01-06T06:00:39.070Z,19010606,XBTUSD,Sell,189,3794,ZeroMinusTick,f2827192-e633-25c7-d73f-c8d071cb5e92,44458,94
2847984,2019-01-06T06:00:44.054Z,19010606,XBTUSD,Sell,1000,3794,ZeroMinusTick,8eed725a-bd2f-6f8d-4fda-8ca5ccdf34f6,45458,95
2847994,2019-01-06T06:00:44.054Z,19010606,XBTUSD,Sell,50,3794,ZeroMinusTick,6ab2765c-e8fe-385a-8049-20b5033e047d,45508,96
2847641,2019-01-06T06:00:06.856Z,19010606,XBTUSD,Sell,5,3794.5,ZeroMinusTick,a901df19-f0c4-4d4e-742b-2d7c5782a06a,45513,97
2847656,2019-01-06T06:00:15.803Z,19010606,XBTUSD,Sell,40,3794.5,MinusTick,b8d8cf5f-ae41-d836-e655-a434eacd34f6,45553,98
2847687,2019-01-06T06:00:19.665Z,19010606,XBTUSD,Sell,200,3794.5,ZeroMinusTick,d1c74a01-50d9-c04e-e1ff-7a4dffb77693,45753,99
2847707,2019-01-06T06:00:29.262Z,19010606,XBTUSD,Sell,30,3794.5,ZeroMinusTick,2678c00c-c72b-a463-3039-7525060b3265,45783,100
2847721,2019-01-06T06:00:38.415Z,19010606,XBTUSD,Sell,1345,3794.5,ZeroMinusTick,62516c86-6276-30f0-fae0-83cfa3ca3854,47128,101
2847731,2019-01-06T06:00:38.415Z,19010606,XBTUSD,Sell,11,3794.5,ZeroMinusTick,01dc990c-573e-f390-9d81-c62a2f80fa3c,47139,102
2847741,2019-01-06T06:00:38.415Z,19010606,XBTUSD,Sell,11,3794.5,ZeroMinusTick,ffac5bfb-42f8-0e6a-23d0-88ed1fe19b28,47150,103
2847750,2019-01-06T06:00:38.415Z,19010606,XBTUSD,Sell,11,3794.5,ZeroMinusTick,197bbe16-435d-f988-bf98-f54a4d0fc1db,47161,104
2847755,2019-01-06T06:00:38.415Z,19010606,XBTUSD,Sell,11,3794.5,ZeroMinusTick,f811ae8a-2480-294a-2fe8-0cc9e18bc15f,47172,105
2847764,2019-01-06T06:00:38.415Z,19010606,XBTUSD,Sell,200,3794.5,ZeroMinusTick,49950589-7dc0-471e-107e-6aa8def98ec4,47372,106
2847774,2019-01-06T06:00:38.415Z,19010606,XBTUSD,Sell,322,3794.5,ZeroMinusTick,573be542-877a-3d99-7c44-c14f67709a9c,47694,107
2847787,2019-01-06T06:00:38.415Z,19010606,XBTUSD,Sell,11,3794.5,ZeroMinusTick,57d3376c-72db-567d-abf9-5105b503ed04,47705,108
2847799,2019-01-06T06:00:38.415Z,19010606,XBTUSD,Sell,11,3794,ZeroMinusTick,b93b59f4-0c85-2c52-27ec-e2fdba9a0c70,47716,109
2847810,2019-01-06T06:00:38.415Z,19010606,XBTUSD,Sell,11,3794,ZeroMinusTick,e1354812-f67e-3547-acff-0d0f9e1080a4,47727,110
2847823,2019-01-06T06:00:38.415Z,19010606,XBTUSD,Sell,11,3794,ZeroMinusTick,98c3035a-3be8-23b1-28ea-218a485c759b,47738,111
2847832,2019-01-06T06:00:38.415Z,19010606,XBTUSD,Sell,11,3794,ZeroMinusTick,5861e2d5-317e-4de0-0cf0-3bc8686ebace,47749,112
2847846,2019-01-06T06:00:38.415Z,19010606,XBTUSD,Sell,11,3794,ZeroMinusTick,7d0ca2a9-8930-4c2a-3ea4-dd78b45481fa,47760,113
2847855,2019-01-06T06:00:38.415Z,19010606,XBTUSD,Sell,11,3794,ZeroMinusTick,31bdc87a-66b7-c1fa-d667-6bae3f295647,47771,114
2847863,2019-01-06T06:00:38.415Z,19010606,XBTUSD,Sell,11,3794,ZeroMinusTick,e9884edd-3680-c0c7-7afa-966a56c53488,47782,115
2847880,2019-01-06T06:00:38.415Z,19010606,XBTUSD,Sell,11,3794,ZeroMinusTick,3877b393-0bc1-a2b9-2e76-c39665b7b2ee,47793,116
2847884,2019-01-06T06:00:38.415Z,19010606,XBTUSD,Sell,11,3794,ZeroMinusTick,718d2487-a828-9035-59cb-4c44faec63e1,47804,117
2847897,2019-01-06T06:00:38.415Z,19010606,XBTUSD,Sell,11,3794,ZeroMinusTick,a527d32f-2888-12bb-6387-5cf5558642cc,47815,118
2847911,2019-01-06T06:00:38.415Z,19010606,XBTUSD,Sell,11,3794,ZeroMinusTick,1d2a03c1-4f46-b6dd-419e-86bc9f4d0730,47826,119
2847916,2019-01-06T06:00:38.415Z,19010606,XBTUSD,Sell,11,3794,ZeroMinusTick,463840bc-80e5-0843-74c7-7968484b710f,47837,120
2847926,2019-01-06T06:00:38.415Z,19010606,XBTUSD,Sell,11,3794,ZeroMinusTick,87156613-3dcc-3788-f986-80d9e87b5682,47848,121
2847706,2019-01-06T06:00:29.262Z,19010606,XBTUSD,Sell,65,3794.5,ZeroMinusTick,2a895e5a-cc75-b65d-6cbd-a0021ada7d48,47913,122
2847718,2019-01-06T06:00:37.321Z,19010606,XBTUSD,Sell,10,3794.5,ZeroMinusTick,5686a75f-feb9-9a36-45b8-1f3ba5a684ce,47923,123
2847727,2019-01-06T06:00:38.415Z,19010606,XBTUSD,Sell,45,3794.5,ZeroMinusTick,7df27ee5-221e-3051-3af9-25ce66c6f98a,47968,124
2847738,2019-01-06T06:00:38.415Z,19010606,XBTUSD,Sell,33,3794.5,ZeroMinusTick,839f0d9f-4ceb-63ba-8f7b-537c50f72f17,48001,125
2847749,2019-01-06T06:00:38.415Z,19010606,XBTUSD,Sell,11,3794.5,ZeroMinusTick,b38b3f5d-d0c7-ed0d-5e77-cf3a4138c296,48012,126
2847766,2019-01-06T06:00:38.415Z,19010606,XBTUSD,Sell,10,3794.5,ZeroMinusTick,cf86cdcc-3cd8-c5c7-c61f-5433444d25be,48022,127
2847776,2019-01-06T06:00:38.415Z,19010606,XBTUSD,Sell,11,3794.5,ZeroMinusTick,46570f4a-8276-f9e4-98ac-e7230ca0e92a,48033,128
2847785,2019-01-06T06:00:38.415Z,19010606,XBTUSD,Sell,5,3794.5,ZeroMinusTick,a234cbe4-50f2-3f18-74a7-e7e2cd4e6c0e,48038,129
2847802,2019-01-06T06:00:38.415Z,19010606,XBTUSD,Sell,11,3794,ZeroMinusTick,d604c799-072a-a006-840d-5f0ecb5cb458,48049,130
2847807,2019-01-06T06:00:38.415Z,19010606,XBTUSD,Sell,11,3794,ZeroMinusTick,f20dc3e5-2fc5-1a09-847c-46dd6837d826,48060,131
2847825,2019-01-06T06:00:38.415Z,19010606,XBTUSD,Sell,11,3794,ZeroMinusTick,7cb12aeb-9a63-386d-df6c-a0d00b1b3ccf,48071,132
2847828,2019-01-06T06:00:38.415Z,19010606,XBTUSD,Sell,11,3794,ZeroMinusTick,f18e2314-36a8-be1b-227c-4a4cd34400fa,48082,133
2847838,2019-01-06T06:00:38.415Z,19010606,XBTUSD,Sell,11,3794,ZeroMinusTick,fb28c484-da85-3300-617b-d00f13396d7c,48093,134
2847848,2019-01-06T06:00:38.415Z,19010606,XBTUSD,Sell,11,3794,ZeroMinusTick,2e565ad2-40a1-162c-abfb-afebb993a533,48104,135
2847856,2019-01-06T06:00:38.415Z,19010606,XBTUSD,Sell,11,3794,ZeroMinusTick,353aaa04-e4b9-f8b1-3c7f-5981ce5de581,48115,136
2847868,2019-01-06T06:00:38.415Z,19010606,XBTUSD,Sell,1000,3794,ZeroMinusTick,856e9e51-6a0d-b4b4-7b4b-de8b1f3cfda3,49115,137
2847875,2019-01-06T06:00:38.415Z,19010606,XBTUSD,Sell,11,3794,ZeroMinusTick,14e7c946-b3bb-9397-67d9-3903bd4de2b7,49126,138
2847890,2019-01-06T06:00:38.415Z,19010606,XBTUSD,Sell,11,3794,ZeroMinusTick,78786f98-0390-855d-06f4-8a816d0d5bf6,49137,139
2847894,2019-01-06T06:00:38.415Z,19010606,XBTUSD,Sell,11,3794,ZeroMinusTick,5d14fdcb-42f2-ca59-37c6-ece6b93d72a9,49148,140
2847904,2019-01-06T06:00:38.415Z,19010606,XBTUSD,Sell,11,3794,ZeroMinusTick,81b8c116-c719-eeeb-ddaa-73b124da41fd,49159,141
2847914,2019-01-06T06:00:38.415Z,19010606,XBTUSD,Sell,11,3794,ZeroMinusTick,9d86cc6d-d93b-94f5-c92e-a33740a5630c,49170,142
2847917,2019-01-06T06:00:38.415Z,19010606,XBTUSD,Sell,11,3794,ZeroMinusTick,486d4820-2deb-3ec6-13ea-a3418798af0b,49181,143
2847927,2019-01-06T06:00:38.415Z,19010606,XBTUSD,Sell,100,3794,ZeroMinusTick,924df74f-a84b-d505-cea9-79612779eb0d,49281,144
2847937,2019-01-06T06:00:38.415Z,19010606,XBTUSD,Sell,40,3794,ZeroMinusTick,fe37998e-a82b-cb92-e1a3-b3b54dc83989,49321,145
2847947,2019-01-06T06:00:38.415Z,19010606,XBTUSD,Sell,787,3794,ZeroMinusTick,411d28e9-422e-b141-a988-1f0584f7c6ae,50108,146
2847952,2019-01-06T06:00:38.415Z,19010606,XBTUSD,Sell,500,3794,ZeroMinusTick,ea0cd8da-6323-7985-7c24-144a78587fed,50608,147
2847959,2019-01-06T06:00:40.379Z,19010606,XBTUSD,Sell,1000,3794,ZeroMinusTick,3b20eea3-554d-ef74-6a71-80c25d827608,51608,148
2847979,2019-01-06T06:00:44.054Z,19010606,XBTUSD,Sell,121,3794,ZeroMinusTick,0c48af84-9410-6e25-0aba-f784ade36c8e,51729,149
2847991,2019-01-06T06:00:44.054Z,19010606,XBTUSD,Sell,10,3794,ZeroMinusTick,962ce425-8dfd-fb4f-4ed6-5313039229ca,51739,150
2847645,2019-01-06T06:00:08.438Z,19010606,XBTUSD,Buy,478,3795,PlusTick,d1287c90-e423-e03b-769a-61e0bb928fb9,52217,151
2847690,2019-01-06T06:00:20.558Z,19010606,XBTUSD,Buy,324,3795,PlusTick,53e2ddea-3f83-dd08-d97b-2277dc2df201,52541,152
2847709,2019-01-06T06:00:29.262Z,19010606,XBTUSD,Sell,4,3794.5,ZeroMinusTick,95352368-67b3-7698-e748-24237623c5ff,52545,153
2847716,2019-01-06T06:00:37.321Z,19010606,XBTUSD,Sell,7834,3794.5,ZeroMinusTick,5ddac195-a9cf-0869-c956-c2e8d94dd1d2,60379,154
2847728,2019-01-06T06:00:38.415Z,19010606,XBTUSD,Sell,11,3794.5,ZeroMinusTick,53286a84-6e82-df3d-73e1-291bc209b856,60390,155
2847732,2019-01-06T06:00:38.415Z,19010606,XBTUSD,Sell,20,3794.5,ZeroMinusTick,490cabba-05f0-88e2-ef62-14d39c86fd52,60410,156
2847742,2019-01-06T06:00:38.415Z,19010606,XBTUSD,Sell,11,3794.5,ZeroMinusTick,da0c915d-f5dd-6107-175e-91cb26eea212,60421,157
2847753,2019-01-06T06:00:38.415Z,19010606,XBTUSD,Sell,11,3794.5,ZeroMinusTick,040071dc-741d-4f76-41ec-c17266a2e6e3,60432,158
2847767,2019-01-06T06:00:38.415Z,19010606,XBTUSD,Sell,11,3794.5,ZeroMinusTick,fac521ea-584f-cb02-e011-56d9cbebd985,60443,159
2847777,2019-01-06T06:00:38.415Z,19010606,XBTUSD,Sell,94,3794.5,ZeroMinusTick,277bd2bd-2552-5613-63eb-5ab97fb7d2b0,60537,160
2847788,2019-01-06T06:00:38.415Z,19010606,XBTUSD,Sell,11,3794.5,ZeroMinusTick,23eb3558-f40d-8400-d554-e6a765c4a03d,60548,161
2847801,2019-01-06T06:00:38.415Z,19010606,XBTUSD,Sell,11,3794,ZeroMinusTick,b9bda167-4bf2-e38d-8b6d-901cfc7f1a07,60559,162
2847809,2019-01-06T06:00:38.415Z,19010606,XBTUSD,Sell,11,3794,ZeroMinusTick,352c6fbc-6453-6d3d-6473-01ec277e0f7f,60570,163
2847818,2019-01-06T06:00:38.415Z,19010606,XBTUSD,Sell,11,3794,ZeroMinusTick,99f81530-5d8d-0c8e-57df-0b1e03bca4d2,60581,164
2847829,2019-01-06T06:00:38.415Z,19010606,XBTUSD,Sell,11,3794,ZeroMinusTick,085608b5-6725-4e4d-d1f1-1dfb95c1807a,60592,165
2847841,2019-01-06T06:00:38.415Z,19010606,XBTUSD,Sell,11,3794,ZeroMinusTick,57ca6d44-e935-e390-63c6-b443be1f8f56,60603,166
2847852,2019-01-06T06:00:38.415Z,19010606,XBTUSD,Sell,11,3794,ZeroMinusTick,691a4150-0f3c-0488-f1e5-e936ced14be2,60614,167
2847869,2019-01-06T06:00:38.415Z,19010606,XBTUSD,Sell,11,3794,ZeroMinusTick,6b58abe1-f3f3-a41b-38c6-911580841178,60625,168
2847879,2019-01-06T06:00:38.415Z,19010606,XBTUSD,Sell,11,3794,ZeroMinusTick,ad62a365-975e-f98a-4af4-76491aadcbcf,60636,169
2847891,2019-01-06T06:00:38.415Z,19010606,XBTUSD,Sell,11,3794,ZeroMinusTick,16436584-90fe-65a8-6cff-1c2caa9f7a36,60647,170
2847898,2019-01-06T06:00:38.415Z,19010606,XBTUSD,Sell,11,3794,ZeroMinusTick,bf5d7a71-95aa-439e-4f26-7ed98ac1f46d,60658,171
2847907,2019-01-06T06:00:38.415Z,19010606,XBTUSD,Sell,11,3794,ZeroMinusTick,43b4872b-edda-dfcf-9269-04cbc125e6f9,60669,172
2847919,2019-01-06T06:00:38.415Z,19010606,XBTUSD,Sell,11,3794,ZeroMinusTick,525c01bb-417b-72cb-ab63-3ffb4a099aef,60680,173
2847934,2019-01-06T06:00:38.415Z,19010606,XBTUSD,Sell,30,3794,ZeroMinusTick,1b9e7621-090c-7499-3d64-74435e042441,60710,174
2847946,2019-01-06T06:00:38.415Z,19010606,XBTUSD,Sell,11,3794,ZeroMinusTick,26a485a5-28d6-b4d0-9509-323762f73d39,60721,175
2847949,2019-01-06T06:00:38.415Z,19010606,XBTUSD,Sell,5000,3794,ZeroMinusTick,ffb94763-4ce8-5cfa-d592-bca75d605619,65721,176
2847983,2019-01-06T06:00:44.054Z,19010606,XBTUSD,Sell,10,3794,ZeroMinusTick,29db6d18-8af3-bcad-5113-e30f34721c96,65731,177
2847993,2019-01-06T06:00:44.054Z,19010606,XBTUSD,Sell,10,3794,ZeroMinusTick,82a10386-5611-0fec-3c1b-bf8d83ef8018,65741,178
2848125,2019-01-06T06:00:53.114Z,19010606,XBTUSD,Sell,3329,3794,ZeroMinusTick,c06112ca-884b-f340-59e5-a8c58e168bb6,69070,179
2848127,2019-01-06T06:00:53.562Z,19010606,XBTUSD,Buy,75,3794.5,ZeroPlusTick,013b1ddf-c9e2-a25c-04e5-4e9c89e73f30,69145,180
2848136,2019-01-06T06:00:57.394Z,19010606,XBTUSD,Sell,388,3794,ZeroMinusTick,f4b6c445-b413-00e5-8092-5a1469cd187a,69533,181
2847713,2019-01-06T06:00:31.885Z,19010606,XBTUSD,Sell,725,3794.5,ZeroMinusTick,81be4bb1-eee5-0834-b222-4b3bc7c21d9f,70258,182
2847719,2019-01-06T06:00:37.321Z,19010606,XBTUSD,Sell,1268,3794.5,ZeroMinusTick,2c647d15-8583-c494-1393-83500f4ca609,71526,183
2847726,2019-01-06T06:00:38.415Z,19010606,XBTUSD,Sell,100,3794.5,ZeroMinusTick,7fba5681-f309-a6b1-29c1-0b868b95b98e,71626,184
2847739,2019-01-06T06:00:38.415Z,19010606,XBTUSD,Sell,11,3794.5,ZeroMinusTick,ef4a6938-9d08-2540-a5b3-ff3eed43c66a,71637,185
2847743,2019-01-06T06:00:38.415Z,19010606,XBTUSD,Sell,3000,3794.5,ZeroMinusTick,b7e94737-9854-a2a6-b13f-a0978c649f8e,74637,186
2847751,2019-01-06T06:00:38.415Z,19010606,XBTUSD,Sell,50,3794.5,ZeroMinusTick,0f98f7b8-61da-6d07-13ee-0cc4ead31c2d,74687,187
2847760,2019-01-06T06:00:38.415Z,19010606,XBTUSD,Sell,366,3794.5,ZeroMinusTick,7003fd09-58b9-0498-71fc-469f37fc7609,75053,188
2847769,2019-01-06T06:00:38.415Z,19010606,XBTUSD,Sell,11,3794.5,ZeroMinusTick,6b1ba023-9ceb-1c0f-4750-9506e6c0a38b,75064,189
2847779,2019-01-06T06:00:38.415Z,19010606,XBTUSD,Sell,94,3794.5,ZeroMinusTick,d48136a7-28aa-3661-2840-799d3c2b77dd,75158,190
2847791,2019-01-06T06:00:38.415Z,19010606,XBTUSD,Sell,11,3794.5,ZeroMinusTick,64cb270c-5cf6-94f7-9c5c-8ed26adce6c7,75169,191
2847796,2019-01-06T06:00:38.415Z,19010606,XBTUSD,Sell,11,3794,ZeroMinusTick,f880b97d-b83d-86a8-ecbc-e1c5b3a25918,75180,192
2847814,2019-01-06T06:00:38.415Z,19010606,XBTUSD,Sell,11,3794,ZeroMinusTick,b4b98710-8b4b-f908-71d0-74c70f1ea313,75191,193
2847819,2019-01-06T06:00:38.415Z,19010606,XBTUSD,Sell,11,3794,ZeroMinusTick,47d036b6-d3b3-f892-241d-812ea424d1f5,75202,194
2847831,2019-01-06T06:00:38.415Z,19010606,XBTUSD,Sell,11,3794,ZeroMinusTick,5f28396d-46cf-c7f3-f6f4-3b2acd09b70b,75213,195
2847843,2019-01-06T06:00:38.415Z,19010606,XBTUSD,Sell,11,3794,ZeroMinusTick,9ad5b13b-b711-9c6c-dbcd-a86d4d3b2cb7,75224,196
2847851,2019-01-06T06:00:38.415Z,19010606,XBTUSD,Sell,11,3794,ZeroMinusTick,47b5797a-1350-c775-ba69-b5831efcad17,75235,197
2847867,2019-01-06T06:00:38.415Z,19010606,XBTUSD,Sell,11,3794,ZeroMinusTick,684d4a3c-8ca4-58d7-02c9-1af5d18923a1,75246,198
2847878,2019-01-06T06:00:38.415Z,19010606,XBTUSD,Sell,11,3794,ZeroMinusTick,ea016697-43db-e6d9-76d7-bd1418d5704c,75257,199
2847888,2019-01-06T06:00:38.415Z,19010606,XBTUSD,Sell,11,3794,ZeroMinusTick,ad25fdd1-8b32-8a8f-c9d7-0ef6b172b61c,75268,200
2847901,2019-01-06T06:00:38.415Z,19010606,XBTUSD,Sell,11,3794,ZeroMinusTick,9fa51c8a-2f5c-57b2-2dd6-97636155892d,75279,201
2847905,2019-01-06T06:00:38.415Z,19010606,XBTUSD,Sell,11,3794,ZeroMinusTick,2d32c2d3-fa37-6e89-e8e7-92b5dff768e6,75290,202
2847915,2019-01-06T06:00:38.415Z,19010606,XBTUSD,Sell,11,3794,ZeroMinusTick,d930fee3-33c7-2a6a-5a3f-d6abd69ea916,75301,203
2847925,2019-01-06T06:00:38.415Z,19010606,XBTUSD,Sell,5000,3794,ZeroMinusTick,3ff7ef2d-4aac-9a7c-0857-13d5d291145b,80301,204
2847928,2019-01-06T06:00:38.415Z,19010606,XBTUSD,Sell,11,3794,ZeroMinusTick,d3b45f1c-3655-d11a-8a96-ba9f87de6a32,80312,205
2847944,2019-01-06T06:00:38.415Z,19010606,XBTUSD,Sell,1000,3794,ZeroMinusTick,fc04e5a7-c290-1539-fe49-539822bb3e4a,81312,206
2847953,2019-01-06T06:00:38.415Z,19010606,XBTUSD,Sell,1000,3794,ZeroMinusTick,857fe002-dc4f-d9b3-c63f-a0d5cf271304,82312,207
2847958,2019-01-06T06:00:39.684Z,19010606,XBTUSD,Sell,299,3794,ZeroMinusTick,1eca5831-e971-67c6-5386-146c39cb1f04,82611,208
2847981,2019-01-06T06:00:44.054Z,19010606,XBTUSD,Sell,100,3794,ZeroMinusTick,cd07e8e8-23c1-2345-14ef-bd8e4b638502,82711,209
2847992,2019-01-06T06:00:44.054Z,19010606,XBTUSD,Sell,1000,3794,ZeroMinusTick,ccadb705-da3f-19ba-dcbf-7a67492e047a,83711,210
2847996,2019-01-06T06:00:44.054Z,19010606,XBTUSD,Sell,219,3794,ZeroMinusTick,2faf1e87-e9b1-49af-ed7e-2941eda8b22c,83930,211
2847701,2019-01-06T06:00:28.220Z,19010606,XBTUSD,Sell,40,3794.5,ZeroMinusTick,d34a53a1-c64e-cc62-6dd6-ada0b2e5b06e,83970,212
2847720,2019-01-06T06:00:37.321Z,19010606,XBTUSD,Sell,10788,3794.5,ZeroMinusTick,15078182-7409-5a1c-32ae-888a381ec661,94758,213
2847730,2019-01-06T06:00:38.415Z,19010606,XBTUSD,Sell,490,3794.5,ZeroMinusTick,bc822887-0d6f-7a27-f865-481d00cccd98,95248,214
2847740,2019-01-06T06:00:38.415Z,19010606,XBTUSD,Sell,11,3794.5,ZeroMinusTick,6739bf4e-d82c-92f8-4423-4d4091a9cd3b,95259,215
2847752,2019-01-06T06:00:38.415Z,19010606,XBTUSD,Sell,11,3794.5,ZeroMinusTick,c3e4111a-8afb-88c1-f495-7cef56d90767,95270,216
2847765,2019-01-06T06:00:38.415Z,19010606,XBTUSD,Sell,11,3794.5,ZeroMinusTick,ffeb3edd-50be-4e0d-d199-ccd1956b2dd4,95281,217
2847773,2019-01-06T06:00:38.415Z,19010606,XBTUSD,Sell,11,3794.5,ZeroMinusTick,a0e050c7-9a25-cb25-d219-b220f487549e,95292,218
2847782,2019-01-06T06:00:38.415Z,19010606,XBTUSD,Sell,34000,3794.5,ZeroMinusTick,37f88122-b3bd-90f9-1c7e-866fda44bdaa,129292,219
2847793,2019-01-06T06:00:38.415Z,19010606,XBTUSD,Sell,21,3794.5,ZeroMinusTick,4b880c31-8a58-af4e-8f8c-72d1011f2434,129313,220
2847795,2019-01-06T06:00:38.415Z,19010606,XBTUSD,Sell,11,3794,ZeroMinusTick,a4d61b40-3900-3299-c4e2-ab194f758e0d,129324,221
2847805,2019-01-06T06:00:38.415Z,19010606,XBTUSD,Sell,11,3794,ZeroMinusTick,20e9532e-e99d-132d-d74e-ed468f98a280,129335,222
2847815,2019-01-06T06:00:38.415Z,19010606,XBTUSD,Sell,11,3794,ZeroMinusTick,f0b75e2e-4123-a2ef-d5fc-99833e4aee90,129346,223
2847820,2019-01-06T06:00:38.415Z,19010606,XBTUSD,Sell,11,3794,ZeroMinusTick,4153f47c-60d4-be0a-ddb4-6b8e642df29f,129357,224
2847830,2019-01-06T06:00:38.415Z,19010606,XBTUSD,Sell,11,3794,ZeroMinusTick,fa7e27cc-4b3f-19f1-506c-6a6662ca7b29,129368,225
2847845,2019-01-06T06:00:38.415Z,19010606,XBTUSD,Sell,11,3794,ZeroMinusTick,b1fca32d-f79b-85a6-978c-4b360664b2d2,129379,226
2847858,2019-01-06T06:00:38.415Z,19010606,XBTUSD,Sell,11,3794,ZeroMinusTick,6195a9cc-6942-514c-d79f-ac506dcf9901,129390,227
2847864,2019-01-06T06:00:38.415Z,19010606,XBTUSD,Sell,1200,3794,ZeroMinusTick,ab737459-a31d-693d-b5f4-8772b3fe030c,130590,228
2847876,2019-01-06T06:00:38.415Z,19010606,XBTUSD,Sell,11,3794,ZeroMinusTick,c634838d-3ab7-7522-9e2c-d141b35729a2,130601,229
2847889,2019-01-06T06:00:38.415Z,19010606,XBTUSD,Sell,600,3794,ZeroMinusTick,947873b1-c045-5d88-1e6d-3ea288605ab8,131201,230
2847899,2019-01-06T06:00:38.415Z,19010606,XBTUSD,Sell,11,3794,ZeroMinusTick,a541c4d3-b8d6-6a59-877b-efc329bf77ff,131212,231
2847908,2019-01-06T06:00:38.415Z,19010606,XBTUSD,Sell,11,3794,ZeroMinusTick,4fafdb51-0e6d-cb4f-8618-7018d46bf332,131223,232
2847924,2019-01-06T06:00:38.415Z,19010606,XBTUSD,Sell,11,3794,ZeroMinusTick,c0df31c2-ef8b-e965-2452-1c4aafa9f95e,131234,233
2847935,2019-01-06T06:00:38.415Z,19010606,XBTUSD,Sell,4000,3794,ZeroMinusTick,e82cd11d-b379-78ef-4506-09c9fdf4c60b,135234,234
2847938,2019-01-06T06:00:38.415Z,19010606,XBTUSD,Sell,60,3794,ZeroMinusTick,12d3e0be-a318-4897-e97e-34f89465aa62,135294,235
2847948,2019-01-06T06:00:38.415Z,19010606,XBTUSD,Sell,500,3794,ZeroMinusTick,c8961912-7b12-d8de-da91-cdf03335c991,135794,236
2847982,2019-01-06T06:00:44.054Z,19010606,XBTUSD,Sell,1226,3794,ZeroMinusTick,1acb1229-65af-cef9-58a5-a86cacebd29d,137020,237
2847986,2019-01-06T06:00:44.054Z,19010606,XBTUSD,Sell,17,3794,ZeroMinusTick,d5fd851f-f5af-8d22-4740-9d8d84b0e278,137037,238
2848187,2019-01-06T06:01:05.599Z,19010606,XBTUSD,Sell,1,3794,ZeroMinusTick,2977ee93-52ad-7b15-5ab6-e652bac7746c,137038,239
2848202,2019-01-06T06:01:05.599Z,19010606,XBTUSD,Sell,20000,3794,ZeroMinusTick,72505ea5-6c85-b435-d84f-1da4252830be,157038,240
2848208,2019-01-06T06:01:05.599Z,19010606,XBTUSD,Sell,2000,3794,ZeroMinusTick,ebb447b4-c3cc-eaf0-a080-abd53d2a095b,159038,241
2848225,2019-01-06T06:01:05.599Z,19010606,XBTUSD,Sell,10,3794,ZeroMinusTick,cc357002-dac6-d57b-e6ce-bd9b7dc25f76,159048,242
2848236,2019-01-06T06:01:05.599Z,19010606,XBTUSD,Sell,30,3793.5,ZeroMinusTick,6c9ab42d-d7e2-5e45-99d7-566d1d74675f,159078,243
2848246,2019-01-06T06:01:05.599Z,19010606,XBTUSD,Sell,58,3793.5,ZeroMinusTick,daf38562-d611-09c7-da59-44ea06b52ac6,159136,244
2848255,2019-01-06T06:01:06.176Z,19010606,XBTUSD,Sell,6000,3793.5,ZeroMinusTick,9acce0e5-0931-94c4-0201-606218ea44c8,165136,245
2848265,2019-01-06T06:01:06.316Z,19010606,XBTUSD,Buy,1,3794,PlusTick,4658e358-d1c5-8040-8e0f-a4a6b5e6a6bd,165137,246
2848276,2019-01-06T06:01:08.977Z,19010606,XBTUSD,Sell,570,3793.5,ZeroMinusTick,66aede99-7871-2128-6675-555c0ab380c5,165707,247
2847757,2019-01-06T06:00:38.415Z,19010606,XBTUSD,Sell,50,3794.5,ZeroMinusTick,c0e2ae23-7360-d8cc-37d4-b898ad750597,165757,248
2847762,2019-01-06T06:00:38.415Z,19010606,XBTUSD,Sell,20,3794.5,ZeroMinusTick,1f66b2fd-eb85-8041-7c37-9c6c8863ef70,165777,249
2847778,2019-01-06T06:00:38.415Z,19010606,XBTUSD,Sell,94,3794.5,ZeroMinusTick,5652b00e-4671-ef69-7da0-50eb2c7491bf,165871,250
2847789,2019-01-06T06:00:38.415Z,19010606,XBTUSD,Sell,10,3794.5,ZeroMinusTick,dc1456a5-b1e2-0953-0a43-f57b63ed54d6,165881,251
2847798,2019-01-06T06:00:38.415Z,19010606,XBTUSD,Sell,11,3794,ZeroMinusTick,6d596a2a-14ee-6409-cff6-f13113fc2511,165892,252
2847808,2019-01-06T06:00:38.415Z,19010606,XBTUSD,Sell,11,3794,ZeroMinusTick,b3e26aeb-27d9-6344-73c4-67419411d3e9,165903,253
2847822,2019-01-06T06:00:38.415Z,19010606,XBTUSD,Sell,11,3794,ZeroMinusTick,124e1b29-f983-323a-4169-b2158fced626,165914,254
2847835,2019-01-06T06:00:38.415Z,19010606,XBTUSD,Sell,11,3794,ZeroMinusTick,e78cef0b-ca34-12ce-d3e1-1dac6f52235c,165925,255
2847844,2019-01-06T06:00:38.415Z,19010606,XBTUSD,Sell,11,3794,ZeroMinusTick,9acee71e-69bc-1304-8ecf-3a6d1fe4166f,165936,256
2847853,2019-01-06T06:00:38.415Z,19010606,XBTUSD,Sell,11,3794,ZeroMinusTick,8723bc1f-d03d-c343-c23a-e28c9a79eb0e,165947,257
2847866,2019-01-06T06:00:38.415Z,19010606,XBTUSD,Sell,11,3794,ZeroMinusTick,4c79cea1-c8e0-7cb9-d00f-222fbd0e94dd,165958,258
2847874,2019-01-06T06:00:38.415Z,19010606,XBTUSD,Sell,200,3794,ZeroMinusTick,2baa215e-7720-fe51-eddd-47b6fa305fe1,166158,259
2847887,2019-01-06T06:00:38.415Z,19010606,XBTUSD,Sell,11,3794,ZeroMinusTick,b83a81b2-87c4-a31d-5064-8d3cfa6e8d36,166169,260
2847895,2019-01-06T06:00:38.415Z,19010606,XBTUSD,Sell,11,3794,ZeroMinusTick,41160522-44cb-a323-5c23-0c61946c06a2,166180,261
2847909,2019-01-06T06:00:38.415Z,19010606,XBTUSD,Sell,11,3794,ZeroMinusTick,fcb074a3-5d54-5167-acfb-6d4cebc4fde2,166191,262
2847922,2019-01-06T06:00:38.415Z,19010606,XBTUSD,Sell,11,3794,ZeroMinusTick,3b944861-36aa-55f0-961d-bd99a07117e6,166202,263
2847931,2019-01-06T06:00:38.415Z,19010606,XBTUSD,Sell,4000,3794,ZeroMinusTick,d727b45c-c67f-6a89-d11c-c530684a511e,170202,264
2847942,2019-01-06T06:00:38.415Z,19010606,XBTUSD,Sell,40,3794,ZeroMinusTick,0d126c6b-335a-82da-e526-eafb56de3c6e,170242,265
2847950,2019-01-06T06:00:38.415Z,19010606,XBTUSD,Sell,33,3794,ZeroMinusTick,64b3e522-b781-382e-75c4-a78830869116,170275,266
2847976,2019-01-06T06:00:44.054Z,19010606,XBTUSD,Sell,45,3794,ZeroMinusTick,11daf637-f805-6066-65e9-f11c338f99a8,170320,267
2847988,2019-01-06T06:00:44.054Z,19010606,XBTUSD,Sell,490,3794,ZeroMinusTick,896f3aa8-0d51-681f-b200-8ec0e3f9f5eb,170810,268
2847998,2019-01-06T06:00:48.771Z,19010606,XBTUSD,Sell,1,3794,ZeroMinusTick,eb1176a3-eddd-d1d4-fb2c-ee3564edab76,170811,269
2848124,2019-01-06T06:00:53.114Z,19010606,XBTUSD,Sell,4259,3794,ZeroMinusTick,92465434-a41f-5819-a2ce-9d0250e7b170,175070,270
2848126,2019-01-06T06:00:53.562Z,19010606,XBTUSD,Buy,150,3794.5,PlusTick,a89443d0-4aa6-05a2-f45b-88b9eca12df4,175220,271
2848186,2019-01-06T06:01:05.599Z,19010606,XBTUSD,Sell,10,3794,ZeroMinusTick,8ef34685-a934-830c-b5ed-e91c06d5a0f2,175230,272
2848197,2019-01-06T06:01:05.599Z,19010606,XBTUSD,Sell,8500,3794,ZeroMinusTick,3f44a5f3-4e97-8305-1eaf-2c7cee1628b1,183730,273
2848212,2019-01-06T06:01:05.599Z,19010606,XBTUSD,Sell,150,3794,ZeroMinusTick,b35d46e3-4b7c-c49b-2c73-98a3e32736f1,183880,274
2848220,2019-01-06T06:01:05.599Z,19010606,XBTUSD,Sell,11,3794,ZeroMinusTick,8350f27e-a117-e541-6d7e-891e8d565dbb,183891,275
2848228,2019-01-06T06:01:05.599Z,19010606,XBTUSD,Sell,11,3794,ZeroMinusTick,23bbbb7f-1e44-04ad-c6b0-b17e957432e8,183902,276
2848239,2019-01-06T06:01:05.599Z,19010606,XBTUSD,Sell,30,3793.5,ZeroMinusTick,2fa9a85f-4cd1-5d29-375e-1b7dacb46897,183932,277
2848261,2019-01-06T06:01:06.176Z,19010606,XBTUSD,Sell,1000,3793.5,ZeroMinusTick,ce0a0991-6bd5-25bf-67f6-fd87cd649882,184932,278
2848268,2019-01-06T06:01:07.268Z,19010606,XBTUSD,Sell,104,3793.5,MinusTick,bdc9f1ef-49ba-3f14-3864-3145aad485fc,185036,279
2848285,2019-01-06T06:01:09.931Z,19010606,XBTUSD,Sell,10,3793.5,ZeroMinusTick,2ca01f01-2f44-b261-ae54-a4321a1d603c,185046,280
2848299,2019-01-06T06:01:12.234Z,19010606,XBTUSD,Sell,100,3793.5,ZeroMinusTick,2ccfae78-8ff0-5c9b-967f-cfbcf2248a38,185146,281
2848322,2019-01-06T06:01:15.435Z,19010606,XBTUSD,Sell,94,3793.5,ZeroMinusTick,bef304dc-0f42-32b2-a201-9eb2c5e05387,185240,282
2848334,2019-01-06T06:01:15.435Z,19010606,XBTUSD,Sell,11492,3793.5,ZeroMinusTick,9224ed7d-1f65-425b-bb1d-1bd536888dcb,196732,283
2848347,2019-01-06T06:01:15.435Z,19010606,XBTUSD,Sell,25,3793,ZeroMinusTick,ea5130a3-4097-e07d-7fda-eefc3a2b9fe4,196757,284
2848356,2019-01-06T06:01:15.435Z,19010606,XBTUSD,Sell,10000,3793,ZeroMinusTick,6cec1f27-c076-160a-efdc-18994d858850,206757,285
2848363,2019-01-06T06:01:15.435Z,19010606,XBTUSD,Sell,411,3793,ZeroMinusTick,af11e554-147f-f029-1b33-5463577d1c15,207168,286
2847783,2019-01-06T06:00:38.415Z,19010606,XBTUSD,Sell,11,3794.5,ZeroMinusTick,c3426e96-d941-6ef3-26fc-f90cf54173eb,207179,287
2847792,2019-01-06T06:00:38.415Z,19010606,XBTUSD,Sell,21,3794.5,ZeroMinusTick,8ff61cd4-3963-3f30-88db-7eb1c0e5e5c7,207200,288
2847803,2019-01-06T06:00:38.415Z,19010606,XBTUSD,Sell,11,3794,ZeroMinusTick,2685efa9-5c19-1055-5239-6c43975c4897,207211,289
2847806,2019-01-06T06:00:38.415Z,19010606,XBTUSD,Sell,11,3794,ZeroMinusTick,57dc740a-16cf-24d2-64f7-a97620e0db31,207222,290
2847816,2019-01-06T06:00:38.415Z,19010606,XBTUSD,Sell,11,3794,ZeroMinusTick,d16cda9b-b43b-2bde-23fe-8da7550d2886,207233,291
2847826,2019-01-06T06:00:38.415Z,19010606,XBTUSD,Sell,11,3794,ZeroMinusTick,57934b35-9ddc-aa80-8707-ca83c8806ef6,207244,292
2847836,2019-01-06T06:00:38.415Z,19010606,XBTUSD,Sell,11,3794,ZeroMinusTick,b65a72db-8433-bb55-2a4a-7dd546b7a110,207255,293
2847840,2019-01-06T06:00:38.415Z,19010606,XBTUSD,Sell,11,3794,ZeroMinusTick,fa56251f-abc2-42b2-53af-a34e67b16955,207266,294
2847857,2019-01-06T06:00:38.415Z,19010606,XBTUSD,Sell,11,3794,ZeroMinusTick,52c7e45f-63cf-cadd-ae17-f1cd5633f584,207277,295
2847862,2019-01-06T06:00:38.415Z,19010606,XBTUSD,Sell,11,3794,ZeroMinusTick,60c81142-32eb-ef1e-a862-4c4519059f3d,207288,296
2847872,2019-01-06T06:00:38.415Z,19010606,XBTUSD,Sell,11,3794,ZeroMinusTick,0fedbffb-8637-200f-fc3e-23c200a6e358,207299,297
2847882,2019-01-06T06:00:38.415Z,19010606,XBTUSD,Sell,11,3794,ZeroMinusTick,e3546dba-33b4-6819-4059-d2547e9577f8,207310,298
2847892,2019-01-06T06:00:38.415Z,19010606,XBTUSD,Sell,11,3794,ZeroMinusTick,47a7ec10-0adc-87cf-11ad-ea17bff70be4,207321,299
2847900,2019-01-06T06:00:38.415Z,19010606,XBTUSD,Sell,11,3794,ZeroMinusTick,bd145526-915d-f918-02e9-c16352763f88,207332,300
2847906,2019-01-06T06:00:38.415Z,19010606,XBTUSD,Sell,11,3794,ZeroMinusTick,61af1467-6498-2d09-6b27-9b4d4bbdc009,207343,301
2847918,2019-01-06T06:00:38.415Z,19010606,XBTUSD,Sell,11,3794,ZeroMinusTick,7ad4ce5f-04ec-1532-9b13-a89043c328f1,207354,302
2847930,2019-01-06T06:00:38.415Z,19010606,XBTUSD,Sell,30,3794,ZeroMinusTick,b9110bdf-8c2f-36f0-9e28-f7636ff2d077,207384,303
2847941,2019-01-06T06:00:38.415Z,19010606,XBTUSD,Sell,4000,3794,ZeroMinusTick,cdce26d7-5dc2-36fa-dc63-83792292e013,211384,304
2847955,2019-01-06T06:00:38.415Z,19010606,XBTUSD,Sell,16595,3794,ZeroMinusTick,e491dfa2-f112-7453-62f9-74d6d3bfa764,227979,305
2847978,2019-01-06T06:00:44.054Z,19010606,XBTUSD,Sell,100,3794,ZeroMinusTick,06489dc3-7650-c7ef-a87c-f7b699fa9182,228079,306
2847990,2019-01-06T06:00:44.054Z,19010606,XBTUSD,Sell,270,3794,ZeroMinusTick,cfac012b-98c4-f5af-f62e-bf13df2699ec,228349,307
2848120,2019-01-06T06:00:51.028Z,19010606,XBTUSD,Sell,521,3794,ZeroMinusTick,284f601e-adb2-f677-cd39-08a5234ff373,228870,308
2848132,2019-01-06T06:00:56.706Z,19010606,XBTUSD,Sell,2500,3794,MinusTick,ecbfa600-d1aa-92f7-06bc-3fabca947e38,231370,309
2848193,2019-01-06T06:01:05.599Z,19010606,XBTUSD,Sell,100000,3794,ZeroMinusTick,398ac6a0-cfff-936b-a6b0-fc2922de0b35,331370,310
2848198,2019-01-06T06:01:05.599Z,19010606,XBTUSD,Sell,11,3794,ZeroMinusTick,796e736f-1ca2-1aca-176f-88c3b62dc924,331381,311
2848207,2019-01-06T06:01:05.599Z,19010606,XBTUSD,Sell,10,3794,ZeroMinusTick,a219fa23-3594-b8e4-9ad5-c363d404001c,331391,312
2848222,2019-01-06T06:01:05.599Z,19010606,XBTUSD,Sell,50,3794,ZeroMinusTick,e3e3b518-e251-4d19-37a1-85bead81d202,331441,313
2848230,2019-01-06T06:01:05.599Z,19010606,XBTUSD,Sell,32,3794,ZeroMinusTick,a271f377-bbd0-9ff5-a57b-e071e4fa6e3f,331473,314
2848240,2019-01-06T06:01:05.599Z,19010606,XBTUSD,Sell,30,3793.5,ZeroMinusTick,a0973ae0-9f53-32ed-55c5-fee787fffb8c,331503,315
2848248,2019-01-06T06:01:05.599Z,19010606,XBTUSD,Sell,30590,3793.5,ZeroMinusTick,e19b766c-f862-9610-50e8-b56a2e94989d,362093,316
2848250,2019-01-06T06:01:05.922Z,19010606,XBTUSD,Sell,30,3793.5,ZeroMinusTick,c96c4708-8b2e-a898-51ab-932118bc68cb,362123,317
2848251,2019-01-06T06:01:06.176Z,19010606,XBTUSD,Sell,2000,3793.5,ZeroMinusTick,8601a6fe-a85c-3759-ebe4-3517e2e41187,364123,318
2848252,2019-01-06T06:01:06.176Z,19010606,XBTUSD,Sell,100,3793.5,ZeroMinusTick,bdd10e5d-bf54-6954-4bef-8fe3b66044f5,364223,319
2848262,2019-01-06T06:01:06.176Z,19010606,XBTUSD,Sell,10,3793.5,ZeroMinusTick,993e4159-6080-04b6-316f-fd199248725f,364233,320
2848269,2019-01-06T06:01:07.304Z,19010606,XBTUSD,Sell,30,3793.5,ZeroMinusTick,f83af007-e94b-918d-027f-f3a4795186a7,364263,321
2847886,2019-01-06T06:00:38.415Z,19010606,XBTUSD,Sell,11,3794,ZeroMinusTick,c97cf080-03f7-3843-3525-b45a6862bf99,364274,322
2847896,2019-01-06T06:00:38.415Z,19010606,XBTUSD,Sell,11,3794,ZeroMinusTick,f66f340b-b25e-ba33-6062-9cdd021829c2,364285,323
2847910,2019-01-06T06:00:38.415Z,19010606,XBTUSD,Sell,11,3794,ZeroMinusTick,8f10e194-c67c-5420-6c26-70d605ac2c06,364296,324
2847920,2019-01-06T06:00:38.415Z,19010606,XBTUSD,Sell,11,3794,ZeroMinusTick,803ee473-8d8a-ad4f-3aeb-553f2d84cff6,364307,325
2847932,2019-01-06T06:00:38.415Z,19010606,XBTUSD,Sell,30,3794,ZeroMinusTick,6ab8bc1a-8fb1-36c8-56c9-3a8da49fbafd,364337,326
2847943,2019-01-06T06:00:38.415Z,19010606,XBTUSD,Sell,500,3794,ZeroMinusTick,8e09b784-710d-3e9d-f01b-4ba9b15e76f8,364837,327
2847956,2019-01-06T06:00:39.048Z,19010606,XBTUSD,Sell,200,3794,ZeroMinusTick,524da77f-f2b9-6c5e-dc5c-4ec2d25f41c7,365037,328
2847980,2019-01-06T06:00:44.054Z,19010606,XBTUSD,Sell,222,3794,ZeroMinusTick,28a74d75-086b-ecbc-69d0-f77e35f4e16d,365259,329
2847989,2019-01-06T06:00:44.054Z,19010606,XBTUSD,Sell,10,3794,ZeroMinusTick,20291b04-a2de-2e64-ebe9-2ff99598c9dc,365269,330
2848128,2019-01-06T06:00:53.562Z,19010606,XBTUSD,Buy,90,3794.5,ZeroPlusTick,b60f0392-78ec-72ae-d0b9-1ffff2311e76,365359,331
2848159,2019-01-06T06:01:01.834Z,19010606,XBTUSD,Sell,1,3794,MinusTick,e25cfe6d-1e0e-3386-e3b6-f7f8d03c0259,365360,332
2848189,2019-01-06T06:01:05.599Z,19010606,XBTUSD,Sell,341,3794,ZeroMinusTick,eef42aec-5eab-c7b2-a584-d7c8a1c008b5,365701,333
2848201,2019-01-06T06:01:05.599Z,19010606,XBTUSD,Sell,11,3794,ZeroMinusTick,b1229e0d-ac47-5d8c-4777-d3e9dfc3b8e6,365712,334
2848211,2019-01-06T06:01:05.599Z,19010606,XBTUSD,Sell,100,3794,ZeroMinusTick,b6c7f60f-0664-f565-ba1c-7eaa99f13107,365812,335
2848218,2019-01-06T06:01:05.599Z,19010606,XBTUSD,Sell,11,3794,ZeroMinusTick,64304873-c190-b621-9a0f-ae74e22362ce,365823,336
2848233,2019-01-06T06:01:05.599Z,19010606,XBTUSD,Sell,11,3793.5,ZeroMinusTick,df6f9939-ddf2-f1ed-c971-564884c77f91,365834,337
2848244,2019-01-06T06:01:05.599Z,19010606,XBTUSD,Sell,4000,3793.5,ZeroMinusTick,90e77ec8-c2ef-9999-3938-da80aa690fd0,369834,338
2848257,2019-01-06T06:01:06.176Z,19010606,XBTUSD,Sell,10,3793.5,ZeroMinusTick,484d141b-00fc-b497-39d5-1a88067d3dc8,369844,339
2848263,2019-01-06T06:01:06.176Z,19010606,XBTUSD,Sell,76,3793.5,ZeroMinusTick,2ab86b54-0e1d-ba05-f51a-e9288b72ccda,369920,340
2848280,2019-01-06T06:01:09.931Z,19010606,XBTUSD,Sell,490,3793.5,ZeroMinusTick,148946ae-af90-fd31-5636-14339da6674f,370410,341
2848289,2019-01-06T06:01:09.931Z,19010606,XBTUSD,Sell,5159,3793.5,ZeroMinusTick,de835408-c92c-36f7-0819-d8c9cd0e0bd5,375569,342
2848301,2019-01-06T06:01:12.234Z,19010606,XBTUSD,Sell,11824,3793.5,ZeroMinusTick,f15f9e11-d8ef-c67b-d91d-262eb0eb6893,387393,343
2848321,2019-01-06T06:01:15.435Z,19010606,XBTUSD,Sell,94,3793.5,ZeroMinusTick,cf4eedba-5261-2b5d-45eb-15d04a7e2b5d,387487,344
2848336,2019-01-06T06:01:15.435Z,19010606,XBTUSD,Sell,13000,3793.5,ZeroMinusTick,934cfa3c-5e61-e3aa-6836-80e93e8be525,400487,345
2848348,2019-01-06T06:01:15.435Z,19010606,XBTUSD,Sell,100,3793,ZeroMinusTick,239ae4c3-cfc8-7b19-0585-f411b72674ab,400587,346
2848352,2019-01-06T06:01:15.435Z,19010606,XBTUSD,Sell,10000,3793,ZeroMinusTick,f16e05e6-54ce-cd78-b890-d65d2bc2eb20,410587,347
2848370,2019-01-06T06:01:15.435Z,19010606,XBTUSD,Sell,50,3793,ZeroMinusTick,f8cd8696-d04a-5553-9279-c6522cfe3882,410637,348
2848380,2019-01-06T06:01:15.435Z,19010606,XBTUSD,Sell,5000,3792.5,ZeroMinusTick,5b88912c-f787-c5e3-a32c-f05448aaec56,415637,349
2848387,2019-01-06T06:01:15.435Z,19010606,XBTUSD,Sell,1000,3792.5,ZeroMinusTick,09d85a22-462e-6a2f-36d5-db25957192d1,416637,350
2848399,2019-01-06T06:01:15.435Z,19010606,XBTUSD,Sell,200,3792.5,ZeroMinusTick,9b76282b-9778-9d83-c319-bd630f80c382,416837,351
2848406,2019-01-06T06:01:15.693Z,19010606,XBTUSD,Buy,4,3793,ZeroPlusTick,ccf07719-cb42-8df0-93a3-320848623404,416841,352
2848407,2019-01-06T06:01:15.747Z,19010606,XBTUSD,Sell,50,3792.5,MinusTick,acb6fb45-0e45-b3f5-8c9a-e49db7a61d8d,416891,353
2848408,2019-01-06T06:01:15.834Z,19010606,XBTUSD,Buy,11,3793,PlusTick,4b161275-7a88-70ad-3f08-fa642cf3606c,416902,354
2848419,2019-01-06T06:01:16.007Z,19010606,XBTUSD,Sell,154,3792.5,ZeroMinusTick,a4ca7dc7-8460-082b-e878-d096025396f3,417056,355
2848431,2019-01-06T06:01:16.007Z,19010606,XBTUSD,Sell,2250,3792.5,ZeroMinusTick,c8985277-fbac-ba94-66da-99e36253a6bd,419306,356
2848440,2019-01-06T06:01:16.048Z,19010606,XBTUSD,Sell,1885,3792.5,ZeroMinusTick,36409074-58de-23d3-229d-1b8bb1a32db5,421191,357
2848450,2019-01-06T06:01:16.048Z,19010606,XBTUSD,Sell,10000,3792.5,ZeroMinusTick,cea3bbc2-cabc-0020-1d68-d98deaaa0e50,431191,358
2848457,2019-01-06T06:01:18.686Z,19010606,XBTUSD,Sell,210,3792.5,ZeroMinusTick,57e3a6c4-1408-e566-b13c-db72885fde85,431401,359
2848458,2019-01-06T06:01:18.884Z,19010606,XBTUSD,Sell,19,3792.5,ZeroMinusTick,349f81c5-b621-d7f8-9a78-986f62d5b7d1,431420,360
2847923,2019-01-06T06:00:38.415Z,19010606,XBTUSD,Sell,11,3794,ZeroMinusTick,204a28a6-3509-3328-ec72-a68a4774c354,431431,361
2847933,2019-01-06T06:00:38.415Z,19010606,XBTUSD,Sell,30,3794,ZeroMinusTick,8cf2f400-983f-3533-1eb2-47d1d7ee01e3,431461,362
2847940,2019-01-06T06:00:38.415Z,19010606,XBTUSD,Sell,50,3794,ZeroMinusTick,71c7733b-446c-9655-07a4-0f9cec496ea2,431511,363
2847951,2019-01-06T06:00:38.415Z,19010606,XBTUSD,Sell,500,3794,ZeroMinusTick,f5448f1e-6baf-6205-6026-6f662e6e9076,432011,364
2847977,2019-01-06T06:00:44.054Z,19010606,XBTUSD,Sell,3,3794,ZeroMinusTick,0af21447-7486-4fc6-bafe-7fee0d9bf4b1,432014,365
2847987,2019-01-06T06:00:44.054Z,19010606,XBTUSD,Sell,30,3794,ZeroMinusTick,e7529404-ab42-e564-35ae-8234df003ce2,432044,366
2847997,2019-01-06T06:00:44.317Z,19010606,XBTUSD,Sell,3000,3794,ZeroMinusTick,191e195b-7046-8bd6-44ab-66629830dc34,435044,367
2848129,2019-01-06T06:00:53.562Z,19010606,XBTUSD,Buy,90,3794.5,ZeroPlusTick,a9fa38e2-8798-998b-08d9-5dd1642ce47d,435134,368
2848164,2019-01-06T06:01:03.637Z,19010606,XBTUSD,Buy,1619,3794.5,PlusTick,1f158b67-2015-f72f-cd5f-b8d6dd0386ac,436753,369
2848165,2019-01-06T06:01:03.740Z,19010606,XBTUSD,Sell,36,3794,MinusTick,2c701019-1a2a-40c9-ef62-63994050210b,436789,370
2848166,2019-01-06T06:01:03.818Z,19010606,XBTUSD,Sell,120,3794,ZeroMinusTick,e970534f-2f18-5794-b387-6ef49460cb74,436909,371
2848188,2019-01-06T06:01:05.599Z,19010606,XBTUSD,Sell,11603,3794,ZeroMinusTick,357857ea-6b45-dc4a-7414-6df8512fef5e,448512,372
2848199,2019-01-06T06:01:05.599Z,19010606,XBTUSD,Sell,20,3794,ZeroMinusTick,632bbe94-7ead-aef6-4ab7-4561c6b27440,448532,373
2848210,2019-01-06T06:01:05.599Z,19010606,XBTUSD,Sell,90,3794,ZeroMinusTick,c5283893-3fc5-29e3-e2e8-dc8eccc860d8,448622,374
2848224,2019-01-06T06:01:05.599Z,19010606,XBTUSD,Sell,11,3794,ZeroMinusTick,0fc13b28-0b7e-6b3b-769a-95a57eaba1db,448633,375
2848229,2019-01-06T06:01:05.599Z,19010606,XBTUSD,Sell,32,3794,ZeroMinusTick,1d5df9a3-1527-1cd4-230e-fb1bac079a21,448665,376
2848241,2019-01-06T06:01:05.599Z,19010606,XBTUSD,Sell,30,3793.5,ZeroMinusTick,62fad185-ce50-40c2-25d9-bcf7c10fafc9,448695,377
2848260,2019-01-06T06:01:06.176Z,19010606,XBTUSD,Sell,8,3793.5,ZeroMinusTick,b3a94dae-473c-f5ea-cc6e-cf904e787159,448703,378
2848286,2019-01-06T06:01:09.931Z,19010606,XBTUSD,Sell,270,3793.5,ZeroMinusTick,624bf1df-9e62-e78b-141a-12d056b94dc6,448973,379
2848303,2019-01-06T06:01:12.234Z,19010606,XBTUSD,Sell,2351,3793.5,ZeroMinusTick,cf2a1cc8-d220-9c1d-62b9-de55a3c3c228,451324,380
2848326,2019-01-06T06:01:15.435Z,19010606,XBTUSD,Sell,11,3793.5,ZeroMinusTick,8a0eee16-065f-9e87-de59-bd8c79e30556,451335,381
2848330,2019-01-06T06:01:15.435Z,19010606,XBTUSD,Sell,490,3793.5,ZeroMinusTick,d35a6948-c32f-bcf9-e257-f456be4ff476,451825,382
2848344,2019-01-06T06:01:15.435Z,19010606,XBTUSD,Sell,5000,3793,ZeroMinusTick,d459e044-f14f-84bb-fcf9-fe4fb41cf518,456825,383
2848357,2019-01-06T06:01:15.435Z,19010606,XBTUSD,Sell,100,3793,ZeroMinusTick,bef224de-fcf3-318a-6b69-68bb73769cab,456925,384
2848364,2019-01-06T06:01:15.435Z,19010606,XBTUSD,Sell,490,3793,ZeroMinusTick,390384a0-3dba-0c22-f2e1-7811c6fa6dbd,457415,385
2848377,2019-01-06T06:01:15.435Z,19010606,XBTUSD,Sell,3793,3793,ZeroMinusTick,cdd15093-4eb5-85c6-ff35-a68f7ccb12bb,461208,386
2848390,2019-01-06T06:01:15.435Z,19010606,XBTUSD,Sell,12,3792.5,ZeroMinusTick,9ee7121d-e8b9-8739-1dc8-c5981faa4099,461220,387
2848400,2019-01-06T06:01:15.435Z,19010606,XBTUSD,Sell,2000,3792.5,ZeroMinusTick,c3253e8a-1c42-31dd-1f5b-1497d805fab3,463220,388
2848416,2019-01-06T06:01:15.834Z,19010606,XBTUSD,Buy,1334,3793,ZeroPlusTick,9ac46091-df9c-ffc8-af35-9832c6cbbab1,464554,389
2848424,2019-01-06T06:01:16.007Z,19010606,XBTUSD,Sell,511,3792.5,ZeroMinusTick,44ae0a25-093b-ffe1-ad18-7b364714ef07,465065,390
2848428,2019-01-06T06:01:16.007Z,19010606,XBTUSD,Sell,20,3792.5,ZeroMinusTick,a5f375ab-d54e-9d83-7b23-1dac17ce2332,465085,391
2848441,2019-01-06T06:01:16.048Z,19010606,XBTUSD,Sell,6232,3792.5,ZeroMinusTick,78b8eded-75a2-684c-3af5-df5cbeaa91b2,471317,392
2847936,2019-01-06T06:00:38.415Z,19010606,XBTUSD,Sell,200,3794,ZeroMinusTick,c8be9ea5-c991-72d4-36b9-2ea0eaccb50a,471517,393
2847945,2019-01-06T06:00:38.415Z,19010606,XBTUSD,Sell,28,3794,ZeroMinusTick,f2da5ba9-05cb-34d0-b20b-dc04638baf33,471545,394
2847954,2019-01-06T06:00:38.415Z,19010606,XBTUSD,Sell,100,3794,ZeroMinusTick,341c4dd4-2f13-e165-6fe0-0bd1f481fb26,471645,395
2847975,2019-01-06T06:00:44.054Z,19010606,XBTUSD,Sell,1717,3794,ZeroMinusTick,0f1ea143-5ab3-d378-61b0-b16492d5c120,473362,396
2847985,2019-01-06T06:00:44.054Z,19010606,XBTUSD,Sell,274,3794,ZeroMinusTick,b5f3b698-07e4-888d-1f6f-ede251720bb3,473636,397
2847995,2019-01-06T06:00:44.054Z,19010606,XBTUSD,Sell,76,3794,ZeroMinusTick,2047d0ec-080b-d567-09b6-f3ebd75b3db1,473712,398
2848131,2019-01-06T06:00:53.562Z,19010606,XBTUSD,Buy,46,3794.5,ZeroPlusTick,2d2f8964-d02b-e25b-f59d-680898667d26,473758,399
2848192,2019-01-06T06:01:05.599Z,19010606,XBTUSD,Sell,94,3794,ZeroMinusTick,e135b4a1-b66d-dbd5-ac1b-0a42e2cbbd2e,473852,400
2848196,2019-01-06T06:01:05.599Z,19010606,XBTUSD,Sell,11,3794,ZeroMinusTick,049f7fd9-cad7-1834-ccd6-89580423947d,473863,401
2848209,2019-01-06T06:01:05.599Z,19010606,XBTUSD,Sell,11,3794,ZeroMinusTick,640439df-dac2-bbd1-5481-9eb3c4971d02,473874,402
2848221,2019-01-06T06:01:05.599Z,19010606,XBTUSD,Sell,16,3794,ZeroMinusTick,c9bc5e3a-950c-3f3a-6ae0-c47494203f45,473890,403
2848232,2019-01-06T06:01:05.599Z,19010606,XBTUSD,Sell,100,3793.5,ZeroMinusTick,152cd317-bac8-d2d1-3ba2-923c910b3e6e,473990,404
2848243,2019-01-06T06:01:05.599Z,19010606,XBTUSD,Sell,90,3793.5,ZeroMinusTick,24386542-38a5-ed54-eb00-a94ad1b839df,474080,405
2848256,2019-01-06T06:01:06.176Z,19010606,XBTUSD,Sell,200,3793.5,ZeroMinusTick,c6b7629b-2bd2-2a4c-e9a1-e1348988406b,474280,406
2848284,2019-01-06T06:01:09.931Z,19010606,XBTUSD,Sell,12,3793.5,ZeroMinusTick,6c80cd79-03d5-ac98-3586-41a311a9c8db,474292,407
2848324,2019-01-06T06:01:15.435Z,19010606,XBTUSD,Sell,30,3793.5,ZeroMinusTick,c8c690e5-3a10-e76e-b924-3eee4514fdd5,474322,408
2848328,2019-01-06T06:01:15.435Z,19010606,XBTUSD,Sell,8220,3793.5,ZeroMinusTick,5ab30945-40d0-1b66-42c5-0438d2e93d73,482542,409
2848338,2019-01-06T06:01:15.435Z,19010606,XBTUSD,Sell,11,3793.5,ZeroMinusTick,e9e9b8c3-e1e4-ec1c-8e4c-340b3dffa5e8,482553,410
2848341,2019-01-06T06:01:15.435Z,19010606,XBTUSD,Sell,11,3793,MinusTick,db56f684-b223-8b00-7beb-04b43d42f215,482564,411
2848353,2019-01-06T06:01:15.435Z,19010606,XBTUSD,Sell,500,3793,ZeroMinusTick,2f9752e5-044e-3341-c6a2-47ef4d17e638,483064,412
2848366,2019-01-06T06:01:15.435Z,19010606,XBTUSD,Sell,4000,3793,ZeroMinusTick,cbe4998c-533d-f3bf-c71a-fab908d9d153,487064,413
2848375,2019-01-06T06:01:15.435Z,19010606,XBTUSD,Sell,51,3793,ZeroMinusTick,7dcd2b93-21a2-bba6-c0e8-b7e587681c86,487115,414
2848388,2019-01-06T06:01:15.435Z,19010606,XBTUSD,Sell,500,3792.5,ZeroMinusTick,1f773c2a-e2d2-d488-57d3-c7761b0fcef4,487615,415
2848397,2019-01-06T06:01:15.435Z,19010606,XBTUSD,Sell,70,3792.5,ZeroMinusTick,66b77f0e-6a6f-fd96-7fff-f24549b06e25,487685,416
2848405,2019-01-06T06:01:15.693Z,19010606,XBTUSD,Buy,90,3793,PlusTick,2a555449-5b2e-e1ab-d475-a638fbd60bfd,487775,417
2848409,2019-01-06T06:01:15.834Z,19010606,XBTUSD,Buy,150,3793,ZeroPlusTick,030856ac-ba95-684c-53a8-df370f759185,487925,418
2848425,2019-01-06T06:01:16.007Z,19010606,XBTUSD,Sell,1680,3792.5,ZeroMinusTick,f7c6c3cf-c1bc-74eb-f5f8-c64767fe0855,489605,419
2848430,2019-01-06T06:01:16.007Z,19010606,XBTUSD,Sell,71,3792.5,ZeroMinusTick,598deea5-20c4-ed23-d230-cf697ee32bea,489676,420
2848439,2019-01-06T06:01:16.007Z,19010606,XBTUSD,Sell,365,3792.5,ZeroMinusTick,f1a93223-d525-141d-3d3f-0f41747b8e2f,490041,421
2848449,2019-01-06T06:01:16.048Z,19010606,XBTUSD,Sell,664,3792.5,ZeroMinusTick,328c2d7f-b898-779f-0130-8c9f4270608a,490705,422
2848453,2019-01-06T06:01:16.144Z,19010606,XBTUSD,Sell,2005,3792.5,ZeroMinusTick,e834fcb9-aa15-6550-a84f-573273da09c3,492710,423
2848130,2019-01-06T06:00:53.562Z,19010606,XBTUSD,Buy,100,3794.5,ZeroPlusTick,dc729e58-f118-d27f-dcd0-1fbf9973d11b,492810,424
2848139,2019-01-06T06:00:58.664Z,19010606,XBTUSD,Buy,2000,3794.5,PlusTick,72d2c166-a327-1cba-bd2e-724ff353be1e,494810,425
2848191,2019-01-06T06:01:05.599Z,19010606,XBTUSD,Sell,94,3794,ZeroMinusTick,f8c0a2c8-ad25-90e2-1049-3d5e593fd376,494904,426
2848203,2019-01-06T06:01:05.599Z,19010606,XBTUSD,Sell,10,3794,ZeroMinusTick,7ebf435e-6656-c4c4-7818-90293b8d0f7b,494914,427
2848214,2019-01-06T06:01:05.599Z,19010606,XBTUSD,Sell,90,3794,ZeroMinusTick,e409e4d5-09ad-af28-878b-6f98b6b37a0c,495004,428
2848217,2019-01-06T06:01:05.599Z,19010606,XBTUSD,Sell,8000,3794,ZeroMinusTick,479d79ea-0da1-60bd-420d-a430dc5c189e,503004,429
2848227,2019-01-06T06:01:05.599Z,19010606,XBTUSD,Sell,156,3794,ZeroMinusTick,c6a24a6e-c31a-1de6-a5db-1bf0e9c8e12c,503160,430
2848237,2019-01-06T06:01:05.599Z,19010606,XBTUSD,Sell,30,3793.5,ZeroMinusTick,4772ec4e-1440-9d54-a39d-ea3089e6b5df,503190,431
2848247,2019-01-06T06:01:05.599Z,19010606,XBTUSD,Sell,28,3793.5,ZeroMinusTick,8d4e606b-c84b-297a-1374-6367c08c845c,503218,432
2848258,2019-01-06T06:01:06.176Z,19010606,XBTUSD,Sell,100,3793.5,ZeroMinusTick,70f0cbbd-56e5-3779-e970-9f12cd3d9857,503318,433
2848283,2019-01-06T06:01:09.931Z,19010606,XBTUSD,Sell,1000,3793.5,ZeroMinusTick,82ac3a6f-4e9d-b097-c1ab-ee75849d2f94,504318,434
2848325,2019-01-06T06:01:15.435Z,19010606,XBTUSD,Sell,4,3793.5,ZeroMinusTick,a63d299b-71ad-872c-3e2a-e68a03577471,504322,435
2848333,2019-01-06T06:01:15.435Z,19010606,XBTUSD,Sell,10235,3793.5,ZeroMinusTick,1a479807-3b7e-04d0-f7a7-ec95db2923b3,514557,436
2848340,2019-01-06T06:01:15.435Z,19010606,XBTUSD,Sell,25,3793.5,ZeroMinusTick,c7b2f2f5-6a67-5b87-3a7e-103f876aeb29,514582,437
2848350,2019-01-06T06:01:15.435Z,19010606,XBTUSD,Sell,28,3793,ZeroMinusTick,711871ba-b8bd-2e60-36a0-0abcfb085bf6,514610,438
2848360,2019-01-06T06:01:15.435Z,19010606,XBTUSD,Sell,500,3793,ZeroMinusTick,b69e1237-3375-771e-87bd-e08d60440f42,515110,439
2848365,2019-01-06T06:01:15.435Z,19010606,XBTUSD,Sell,4000,3793,ZeroMinusTick,eebf8f0b-4053-8298-b7b8-d7b30dda3609,519110,440
2848376,2019-01-06T06:01:15.435Z,19010606,XBTUSD,Sell,10,3793,ZeroMinusTick,1dd41143-c553-a05d-d245-758ca254cda0,519120,441
2848391,2019-01-06T06:01:15.435Z,19010606,XBTUSD,Sell,34,3792.5,ZeroMinusTick,a6da6d31-99e6-28ec-dd21-4978664228eb,519154,442
2848401,2019-01-06T06:01:15.435Z,19010606,XBTUSD,Sell,200,3792.5,ZeroMinusTick,87fcc3c6-cad5-819b-7b50-08c8280300e3,519354,443
2848413,2019-01-06T06:01:15.834Z,19010606,XBTUSD,Buy,75,3793,ZeroPlusTick,4bdf6c49-2752-1c24-8493-e7b8d0471ddb,519429,444
2848421,2019-01-06T06:01:16.007Z,19010606,XBTUSD,Sell,10,3792.5,ZeroMinusTick,294453d5-0c86-bab6-783e-a00a517ab4c2,519439,445
2848435,2019-01-06T06:01:16.007Z,19010606,XBTUSD,Sell,2005,3792.5,ZeroMinusTick,6024b0e0-a4d8-a22a-3d95-311b908c26cf,521444,446
2848446,2019-01-06T06:01:16.048Z,19010606,XBTUSD,Sell,1800,3792.5,ZeroMinusTick,63686955-1ce6-8461-6bad-526fa3b2a4ff,523244,447
2848496,2019-01-06T06:01:27.151Z,19010606,XBTUSD,Sell,15,3792.5,ZeroMinusTick,55890d52-d33c-7e6f-a8d9-f7c83405339c,523259,448
2848501,2019-01-06T06:01:27.151Z,19010606,XBTUSD,Sell,11572,3792.5,ZeroMinusTick,4b0b054b-3642-8599-fa77-def14feca76a,534831,449
2848585,2019-01-06T06:01:41.994Z,19010606,XBTUSD,Sell,11,3792.5,ZeroMinusTick,3548e9d2-6c2b-b5fb-952d-36847d082328,534842,450
2848597,2019-01-06T06:01:52.124Z,19010606,XBTUSD,Sell,500,3792.5,ZeroMinusTick,bea8d4a2-04db-4623-98b7-9033a72bf639,535342,451
2848606,2019-01-06T06:01:52.293Z,19010606,XBTUSD,Sell,20000,3792.5,ZeroMinusTick,518948db-a234-148c-57e4-e62fa4335b54,555342,452
2848621,2019-01-06T06:01:52.293Z,19010606,XBTUSD,Sell,11,3792.5,ZeroMinusTick,59c8bc89-73f8-ccbe-f64c-5e4f1d952fd9,555353,453
2848624,2019-01-06T06:01:52.293Z,19010606,XBTUSD,Sell,29,3792.5,ZeroMinusTick,8d5fe6e0-8571-25b4-cef1-0a328d03b98b,555382,454
2848634,2019-01-06T06:01:52.293Z,19010606,XBTUSD,Sell,11,3792.5,ZeroMinusTick,c7ea16c8-d8ff-5783-fb43-8d3fb526ecaa,555393,455
2848644,2019-01-06T06:01:52.293Z,19010606,XBTUSD,Sell,494,3792.5,ZeroMinusTick,e07a6a77-eba7-e30e-2fdd-780ece269e77,555887,456
2848655,2019-01-06T06:01:52.293Z,19010606,XBTUSD,Sell,1000,3792.5,ZeroMinusTick,94aaf530-14d1-1b6b-19fd-b1393c270476,556887,457
2848658,2019-01-06T06:01:52.293Z,19010606,XBTUSD,Sell,510,3792.5,ZeroMinusTick,2025c07b-ea6b-e7c7-52bf-8d33435399e5,557397,458
2848671,2019-01-06T06:01:54.288Z,19010606,XBTUSD,Buy,15,3792.5,ZeroMinusTick,fe8c69f5-bd9e-550e-c96f-4d3b6910abaa,557412,459
2848687,2019-01-06T06:01:54.793Z,19010606,XBTUSD,Sell,500,3792,ZeroMinusTick,941b69ab-1139-b666-e382-57e19c089f96,557912,460
2848696,2019-01-06T06:01:54.793Z,19010606,XBTUSD,Sell,350,3792,ZeroMinusTick,3ea1048e-045a-b394-8965-87fd89494040,558262,461
2848185,2019-01-06T06:01:05.599Z,19010606,XBTUSD,Sell,4,3794,ZeroMinusTick,d02d8be2-ca41-5bab-b5d7-1ef8a1f8f704,558266,462
2848195,2019-01-06T06:01:05.599Z,19010606,XBTUSD,Sell,30,3794,ZeroMinusTick,d5bbd062-2927-73dc-67a6-e852f13483fd,558296,463
2848205,2019-01-06T06:01:05.599Z,19010606,XBTUSD,Sell,1000,3794,ZeroMinusTick,5b986d06-fd8a-f144-e8c6-79daacbe84d2,559296,464
2848215,2019-01-06T06:01:05.599Z,19010606,XBTUSD,Sell,250,3794,ZeroMinusTick,32130714-fcdc-e92d-05fc-ddef415c8acb,559546,465
2848223,2019-01-06T06:01:05.599Z,19010606,XBTUSD,Sell,6233,3794,ZeroMinusTick,57009bb3-ce08-2adc-7814-8a52eb37ccf6,565779,466
2848231,2019-01-06T06:01:05.599Z,19010606,XBTUSD,Sell,11,3793.5,MinusTick,35e15b24-7823-1b3d-5b23-95542ef895a3,565790,467
2848238,2019-01-06T06:01:05.599Z,19010606,XBTUSD,Sell,30,3793.5,ZeroMinusTick,1bacd4ac-c169-25a1-9501-ab499c590ac2,565820,468
2848259,2019-01-06T06:01:06.176Z,19010606,XBTUSD,Sell,116,3793.5,ZeroMinusTick,137dd977-e958-6a69-2aa1-15208bf11434,565936,469
2848279,2019-01-06T06:01:09.931Z,19010606,XBTUSD,Sell,4220,3793.5,ZeroMinusTick,ca6f7737-b159-5bdb-048c-9c47e2f1b99a,570156,470
2848307,2019-01-06T06:01:13.210Z,19010606,XBTUSD,Sell,3,3793.5,MinusTick,4a2dc4d5-a665-d40a-5034-8a29eb54b6af,570159,471
2848319,2019-01-06T06:01:15.435Z,19010606,XBTUSD,Sell,94,3793.5,ZeroMinusTick,ec2e01e5-823d-58ff-83d1-46bcd45bc028,570253,472
2848329,2019-01-06T06:01:15.435Z,19010606,XBTUSD,Sell,10,3793.5,ZeroMinusTick,cdb39eb3-487e-cfcc-e257-39d64f65e960,570263,473
2848339,2019-01-06T06:01:15.435Z,19010606,XBTUSD,Sell,25,3793.5,ZeroMinusTick,1686fe41-fa30-6a74-f4ce-b484b3717fef,570288,474
2848349,2019-01-06T06:01:15.435Z,19010606,XBTUSD,Sell,20,3793,ZeroMinusTick,b947b49c-720a-8be6-5383-6817cebeb59b,570308,475
2848359,2019-01-06T06:01:15.435Z,19010606,XBTUSD,Sell,134,3793,ZeroMinusTick,fddada3b-6eb2-6d95-8512-78bb925882b8,570442,476
2848369,2019-01-06T06:01:15.435Z,19010606,XBTUSD,Sell,121,3793,ZeroMinusTick,383c3137-a126-fc60-da28-7ea6bc6a6360,570563,477
2848373,2019-01-06T06:01:15.435Z,19010606,XBTUSD,Sell,100,3793,ZeroMinusTick,aa94917f-f2f2-1622-7440-fca2fa1e96ac,570663,478
2848383,2019-01-06T06:01:15.435Z,19010606,XBTUSD,Sell,11,3792.5,ZeroMinusTick,1f92e683-5e36-0bad-82d9-ea738e93978c,570674,479
2848393,2019-01-06T06:01:15.435Z,19010606,XBTUSD,Sell,2000,3792.5,ZeroMinusTick,92e5ced3-91e1-16d3-5d62-806b0469938e,572674,480
2848395,2019-01-06T06:01:15.435Z,19010606,XBTUSD,Sell,2000,3792.5,ZeroMinusTick,48baf72a-601b-6409-2a01-4132a5e0f531,574674,481
2848426,2019-01-06T06:01:16.007Z,19010606,XBTUSD,Sell,4000,3792.5,ZeroMinusTick,90eec588-df32-c418-3621-8bb5d932fbb3,578674,482
2848436,2019-01-06T06:01:16.007Z,19010606,XBTUSD,Sell,2005,3792.5,ZeroMinusTick,fd75ec65-ab33-a602-d807-95afb1919bd5,580679,483
2848447,2019-01-06T06:01:16.048Z,19010606,XBTUSD,Sell,26,3792.5,ZeroMinusTick,91940f59-6044-5c87-cec6-f97627877c28,580705,484
2848452,2019-01-06T06:01:16.144Z,19010606,XBTUSD,Sell,26,3792.5,ZeroMinusTick,032b388c-575f-8041-00a1-992c2f6ab47f,580731,485
2848456,2019-01-06T06:01:18.686Z,19010606,XBTUSD,Sell,90,3792.5,ZeroMinusTick,76ab7089-dcda-77db-d7bb-56414cb913a8,580821,486
2848466,2019-01-06T06:01:23.755Z,19010606,XBTUSD,Buy,28,3793,PlusTick,7ba6a763-2cb0-f62c-7943-1d09335c4226,580849,487
2848492,2019-01-06T06:01:27.151Z,19010606,XBTUSD,Sell,150,3792.5,ZeroMinusTick,07d375c3-f418-d25f-36be-64dbba3b1172,580999,488
2848502,2019-01-06T06:01:27.151Z,19010606,XBTUSD,Sell,285,3792.5,ZeroMinusTick,a393ef36-d7f5-3134-bcc5-1617457677f5,581284,489
2848513,2019-01-06T06:01:27.151Z,19010606,XBTUSD,Sell,121,3792.5,ZeroMinusTick,3b3e2c6e-fbb8-09f6-8781-d637fe9690d1,581405,490
2848559,2019-01-06T06:01:33.472Z,19010606,XBTUSD,Buy,2000,3793,ZeroPlusTick,33e3ca8d-54fd-adf0-a660-f05674dd3430,583405,491
2848589,2019-01-06T06:01:41.994Z,19010606,XBTUSD,Sell,4294,3792.5,ZeroMinusTick,0ad3f7ad-55cf-2963-8642-f31dd2a69b30,587699,492
2848598,2019-01-06T06:01:52.293Z,19010606,XBTUSD,Sell,251499,3792.5,ZeroMinusTick,ff9c6ed3-090a-9208-efc3-271b7197d517,839198,493
2848604,2019-01-06T06:01:52.293Z,19010606,XBTUSD,Sell,11,3792.5,ZeroMinusTick,c26cfa93-7d1a-c46f-ef92-dd6af64bb163,839209,494
2848616,2019-01-06T06:01:52.293Z,19010606,XBTUSD,Sell,10,3792.5,ZeroMinusTick,5d9423ca-c2e5-f4c1-5f01-1a3fcba613ef,839219,495
2848630,2019-01-06T06:01:52.293Z,19010606,XBTUSD,Sell,6068,3792.5,ZeroMinusTick,e0e63d06-75a6-bd6a-f941-0a1b88e150f3,845287,496
2848190,2019-01-06T06:01:05.599Z,19010606,XBTUSD,Sell,94,3794,ZeroMinusTick,be5c9331-4824-6a6b-f91f-71cac71df0d4,845381,497
2848200,2019-01-06T06:01:05.599Z,19010606,XBTUSD,Sell,490,3794,ZeroMinusTick,373473e6-4a8c-8659-7721-f599b825fd27,845871,498
2848213,2019-01-06T06:01:05.599Z,19010606,XBTUSD,Sell,75,3794,ZeroMinusTick,92a86eab-94a4-2fb8-8c14-fb5bf4e0d951,845946,499
2848219,2019-01-06T06:01:05.599Z,19010606,XBTUSD,Sell,11,3794,ZeroMinusTick,e9060308-abe8-a76d-5579-04ee77687e1d,845957,500
2848235,2019-01-06T06:01:05.599Z,19010606,XBTUSD,Sell,200,3793.5,ZeroMinusTick,35b097c2-4cb5-1a0f-25a0-6f3f5b5b0c7d,846157,501
2848242,2019-01-06T06:01:05.599Z,19010606,XBTUSD,Sell,100,3793.5,ZeroMinusTick,f4ed86b4-9318-bbdc-4b21-881e30f04c82,846257,502
2848254,2019-01-06T06:01:06.176Z,19010606,XBTUSD,Sell,10000,3793.5,ZeroMinusTick,f93db083-d47e-605a-45ab-a95b65864cdb,856257,503
2848281,2019-01-06T06:01:09.931Z,19010606,XBTUSD,Sell,166,3793.5,ZeroMinusTick,fc0d0f9e-8374-f170-c73e-023c302888fc,856423,504
2848302,2019-01-06T06:01:12.234Z,19010606,XBTUSD,Sell,94,3793.5,ZeroMinusTick,32cfb00f-5bac-57c2-58f7-88aed68a6883,856517,505
2848327,2019-01-06T06:01:15.435Z,19010606,XBTUSD,Sell,500,3793.5,ZeroMinusTick,7e447167-da19-df2d-f0c2-d17a19929909,857017,506
2848331,2019-01-06T06:01:15.435Z,19010606,XBTUSD,Sell,11,3793.5,ZeroMinusTick,83f7213b-d640-a313-db0a-36df3f5839f8,857028,507
2848343,2019-01-06T06:01:15.435Z,19010606,XBTUSD,Sell,4000,3793,ZeroMinusTick,0cb4bd60-56b5-2603-5360-28e1befd2edb,861028,508
2848355,2019-01-06T06:01:15.435Z,19010606,XBTUSD,Sell,13,3793,ZeroMinusTick,3005ff58-0701-f649-9d3d-1ae8582f62fc,861041,509
2848367,2019-01-06T06:01:15.435Z,19010606,XBTUSD,Sell,20,3793,ZeroMinusTick,da09a259-bceb-ba12-7415-da80ffacfa83,861061,510
2848374,2019-01-06T06:01:15.435Z,19010606,XBTUSD,Sell,17,3793,ZeroMinusTick,d41b7685-c2b2-c17e-44f0-72d858de422e,861078,511
2848384,2019-01-06T06:01:15.435Z,19010606,XBTUSD,Sell,100,3792.5,ZeroMinusTick,1d2c52db-97df-f063-4d35-287979f3c869,861178,512
2848394,2019-01-06T06:01:15.435Z,19010606,XBTUSD,Sell,57,3792.5,ZeroMinusTick,4404ef66-180a-74f8-acb8-a46185c06bd8,861235,513
2848404,2019-01-06T06:01:15.435Z,19010606,XBTUSD,Sell,1158,3792.5,ZeroMinusTick,dedf13e9-fbb9-8d94-ecfd-4fc1d414330d,862393,514
2848414,2019-01-06T06:01:15.834Z,19010606,XBTUSD,Buy,90,3793,ZeroPlusTick,84793297-f924-1c9f-30c5-c65727c9f7b9,862483,515
2848417,2019-01-06T06:01:16.007Z,19010606,XBTUSD,Sell,792,3792.5,MinusTick,63c7e414-f873-8b28-4344-ccdccac68a66,863275,516
2848427,2019-01-06T06:01:16.007Z,19010606,XBTUSD,Sell,10000,3792.5,ZeroMinusTick,ef425b68-a752-da62-9290-486653304bab,873275,517
2848437,2019-01-06T06:01:16.007Z,19010606,XBTUSD,Sell,2005,3792.5,ZeroMinusTick,77ef9e2f-3387-4de0-b573-716ab2cbe0b6,875280,518
2848445,2019-01-06T06:01:16.048Z,19010606,XBTUSD,Sell,1800,3792.5,ZeroMinusTick,35158786-192e-1f8c-a343-9a3499c13582,877080,519
2848451,2019-01-06T06:01:16.144Z,19010606,XBTUSD,Sell,1191,3792.5,ZeroMinusTick,f4aeab33-8c96-33e5-cd83-10cf6967da6e,878271,520
2848489,2019-01-06T06:01:27.151Z,19010606,XBTUSD,Sell,100,3792.5,ZeroMinusTick,b9d0e208-6adc-5807-7316-1b887ab23707,878371,521
2848506,2019-01-06T06:01:27.151Z,19010606,XBTUSD,Sell,1000,3792.5,ZeroMinusTick,2beb76c7-fd48-1692-a73d-8abb3c0202de,879371,522
2848588,2019-01-06T06:01:41.994Z,19010606,XBTUSD,Sell,8,3792.5,ZeroMinusTick,767cf917-7731-5d3a-5f21-ab4d46750f2c,879379,523
2848608,2019-01-06T06:01:52.293Z,19010606,XBTUSD,Sell,10,3792.5,ZeroMinusTick,6d062028-2613-f000-a461-137982605259,879389,524
2848613,2019-01-06T06:01:52.293Z,19010606,XBTUSD,Sell,11,3792.5,ZeroMinusTick,d445c910-c6df-c7ff-0d25-16e2865f4eab,879400,525
2848623,2019-01-06T06:01:52.293Z,19010606,XBTUSD,Sell,2005,3792.5,ZeroMinusTick,3f71bd6b-ecd6-9bef-dad0-59b3271baa26,881405,526
2848633,2019-01-06T06:01:52.293Z,19010606,XBTUSD,Sell,782,3792.5,ZeroMinusTick,f4adbfb7-254e-ea1e-57b9-a1b5a6ca7920,882187,527
2848643,2019-01-06T06:01:52.293Z,19010606,XBTUSD,Sell,19,3792.5,ZeroMinusTick,1499a4ed-085d-68f8-8b6c-b5e8fd065dce,882206,528
2848647,2019-01-06T06:01:52.293Z,19010606,XBTUSD,Sell,2698,3792.5,ZeroMinusTick,ce706d0c-a7c2-0e7c-2b9d-c0c8e614ba9c,884904,529
2848656,2019-01-06T06:01:52.293Z,19010606,XBTUSD,Sell,11,3792.5,ZeroMinusTick,44f02fc8-06b8-d9cd-dd67-edee9b1553c3,884915,530
2848666,2019-01-06T06:01:52.293Z,19010606,XBTUSD,Sell,31,3792.5,ZeroMinusTick,76302bba-8476-13ce-8f2e-cf9e3dc72607,884946,531
2848674,2019-01-06T06:01:54.288Z,19010606,XBTUSD,Buy,150,3792.5,ZeroMinusTick,b07ae748-cb8c-c8f2-22a3-273d4b6df38d,885096,532
2848685,2019-01-06T06:01:54.793Z,19010606,XBTUSD,Sell,10,3792,ZeroMinusTick,282d376a-d927-4df2-37d6-7fed2106c561,885106,533
2848699,2019-01-06T06:01:54.793Z,19010606,XBTUSD,Sell,2894,3792,ZeroMinusTick,f90161d9-dfec-c1e0-3a00-c8392f2fd1b1,888000,534
2848702,2019-01-06T06:01:55.676Z,19010606,XBTUSD,Buy,4000,3792.5,ZeroPlusTick,56783d6b-7452-deac-4d9d-8c03b54cf095,892000,535
2848184,2019-01-06T06:01:05.599Z,19010606,XBTUSD,Sell,3626,3794,ZeroMinusTick,23cd9c50-09c8-7810-2731-b16e213de3ff,895626,536
2848194,2019-01-06T06:01:05.599Z,19010606,XBTUSD,Sell,94,3794,ZeroMinusTick,24e73209-4250-6e03-1c60-4e4dcbc6ed96,895720,537
2848204,2019-01-06T06:01:05.599Z,19010606,XBTUSD,Sell,1000,3794,ZeroMinusTick,284b9900-4a93-2c94-c457-6286b42dc791,896720,538
2848206,2019-01-06T06:01:05.599Z,19010606,XBTUSD,Sell,11,3794,ZeroMinusTick,61d46113-ae18-8af9-b584-880457fd8ce8,896731,539
2848216,2019-01-06T06:01:05.599Z,19010606,XBTUSD,Sell,11,3794,ZeroMinusTick,88dfe8a2-d623-f9c3-45f4-06cd673d02e6,896742,540
2848226,2019-01-06T06:01:05.599Z,19010606,XBTUSD,Sell,102,3794,ZeroMinusTick,e32dd154-5b9e-7f9c-0a6b-efcf9e5a4e11,896844,541
2848234,2019-01-06T06:01:05.599Z,19010606,XBTUSD,Sell,100,3793.5,ZeroMinusTick,8090e545-cc5e-00cd-708f-6d3c098d598c,896944,542
2848245,2019-01-06T06:01:05.599Z,19010606,XBTUSD,Sell,4,3793.5,ZeroMinusTick,9190d60e-55f0-24eb-4480-22ba42ef96fc,896948,543
2848253,2019-01-06T06:01:06.176Z,19010606,XBTUSD,Sell,17380,3793.5,ZeroMinusTick,2846d711-b6fa-0343-2430-4b361c28909a,914328,544
2848287,2019-01-06T06:01:09.931Z,19010606,XBTUSD,Sell,50,3793.5,ZeroMinusTick,0976f41a-b78b-f1bd-9bd3-0d87cfa87a1f,914378,545
2848314,2019-01-06T06:01:14.379Z,19010606,XBTUSD,Sell,20,3793.5,ZeroMinusTick,e32664f6-4d48-b371-beb0-68dd3b43cb8f,914398,546
2848318,2019-01-06T06:01:15.435Z,19010606,XBTUSD,Sell,27974,3793.5,ZeroMinusTick,b28b62dc-3993-45a2-2ebe-9edacf2a57e6,942372,547
2848337,2019-01-06T06:01:15.435Z,19010606,XBTUSD,Sell,50,3793.5,ZeroMinusTick,5186a5de-8e45-0d37-44b5-ed615a504399,942422,548
2848345,2019-01-06T06:01:15.435Z,19010606,XBTUSD,Sell,100,3793,ZeroMinusTick,e9749d39-b246-79ff-bce3-20f92aa63cbe,942522,549
2848351,2019-01-06T06:01:15.435Z,19010606,XBTUSD,Sell,10000,3793,ZeroMinusTick,719c65a5-c7cb-6531-2743-ba6f28de278f,952522,550
2848361,2019-01-06T06:01:15.435Z,19010606,XBTUSD,Sell,210,3793,ZeroMinusTick,0ed22fd8-278b-8a40-e15f-8d9288a23d90,952732,551
2848371,2019-01-06T06:01:15.435Z,19010606,XBTUSD,Sell,189,3793,ZeroMinusTick,2397a917-bf12-c60d-333f-8f1316b76c7d,952921,552
2848378,2019-01-06T06:01:15.435Z,19010606,XBTUSD,Sell,11,3792.5,MinusTick,948d6a2b-23ee-01d8-d223-e64008df2f78,952932,553
2848389,2019-01-06T06:01:15.435Z,19010606,XBTUSD,Sell,300,3792.5,ZeroMinusTick,7c547e8b-e652-c6a0-14e3-e69f04850750,953232,554
2848398,2019-01-06T06:01:15.435Z,19010606,XBTUSD,Sell,28,3792.5,ZeroMinusTick,fc529361-2b07-68ca-3b16-b2bb68162f8e,953260,555
2848412,2019-01-06T06:01:15.834Z,19010606,XBTUSD,Buy,90,3793,ZeroPlusTick,23ae317a-26fe-70cd-b3ff-dd87bd1f887d,953350,556
2848418,2019-01-06T06:01:16.007Z,19010606,XBTUSD,Sell,3,3792.5,ZeroMinusTick,df6d272b-4986-d7dc-fd0a-869cf2c1890f,953353,557
2848434,2019-01-06T06:01:16.007Z,19010606,XBTUSD,Sell,2,3792.5,ZeroMinusTick,baef9b33-9cdb-745c-978a-b04881d55704,953355,558
2848444,2019-01-06T06:01:16.048Z,19010606,XBTUSD,Sell,1800,3792.5,ZeroMinusTick,32a89546-df4f-5731-e21d-8054903855c4,955155,559
2848497,2019-01-06T06:01:27.151Z,19010606,XBTUSD,Sell,150,3792.5,ZeroMinusTick,08144832-ee73-a577-e053-0affd795977e,955305,560
2848499,2019-01-06T06:01:27.151Z,19010606,XBTUSD,Sell,10037,3792.5,ZeroMinusTick,32dd3bc0-f407-9f4a-0171-a7777f98972d,965342,561
2848509,2019-01-06T06:01:27.151Z,19010606,XBTUSD,Sell,490,3792.5,ZeroMinusTick,f27c1fcb-9a70-aa2e-716e-4f363d88bad0,965832,562
2848557,2019-01-06T06:01:33.452Z,19010606,XBTUSD,Buy,2638,3793,PlusTick,bf04d0bc-04d8-7e82-8d9a-30d064154cad,968470,563
2848599,2019-01-06T06:01:52.293Z,19010606,XBTUSD,Sell,11,3792.5,ZeroMinusTick,206faea5-98a3-cfe1-05ce-5c6b7eec1d48,968481,564
2848603,2019-01-06T06:01:52.293Z,19010606,XBTUSD,Sell,200,3792.5,ZeroMinusTick,b9275899-2008-71a9-e954-d9650b419635,968681,565
2848618,2019-01-06T06:01:52.293Z,19010606,XBTUSD,Sell,11,3792.5,ZeroMinusTick,b3eac7de-9467-4874-b616-33af53f983cd,968692,566
2848629,2019-01-06T06:01:52.293Z,19010606,XBTUSD,Sell,462,3792.5,ZeroMinusTick,10ecde8a-4865-1f14-5697-0dffb1eaaef7,969154,567
2848638,2019-01-06T06:01:52.293Z,19010606,XBTUSD,Sell,50,3792.5,ZeroMinusTick,d456acd4-6530-cb40-69d5-3b3b1a74c09f,969204,568
2848650,2019-01-06T06:01:52.293Z,19010606,XBTUSD,Sell,1266,3792.5,ZeroMinusTick,795eaafd-4e9c-dcca-5246-53838e907aff,970470,569
2848660,2019-01-06T06:01:52.293Z,19010606,XBTUSD,Sell,158,3792.5,ZeroMinusTick,1ac63ec9-c132-feab-b9d8-b3dcc05d7096,970628,570
2848673,2019-01-06T06:01:54.288Z,19010606,XBTUSD,Buy,150,3792.5,ZeroMinusTick,441fe100-f0a1-7f5c-9643-96605a4fb331,970778,571
2848683,2019-01-06T06:01:54.793Z,19010606,XBTUSD,Sell,30,3792,ZeroMinusTick,b4db1f6c-bcfc-3c3e-179f-9a839a4645bd,970808,572
2848694,2019-01-06T06:01:54.793Z,19010606,XBTUSD,Sell,60,3792,ZeroMinusTick,aca2457a-b7ed-ab0e-dd7f-1c795aa4c274,970868,573
2848288,2019-01-06T06:01:09.931Z,19010606,XBTUSD,Sell,8613,3793.5,ZeroMinusTick,ce9439d5-bd02-2296-efb1-392c70f51288,979481,574
2848300,2019-01-06T06:01:12.234Z,19010606,XBTUSD,Sell,1,3793.5,ZeroMinusTick,abda1c3b-9521-611e-9f78-2127e934acad,979482,575
2848306,2019-01-06T06:01:13.205Z,19010606,XBTUSD,Buy,49,3794,PlusTick,611cc552-a1a2-f3d9-1be0-5b431a97454b,979531,576
2848323,2019-01-06T06:01:15.435Z,19010606,XBTUSD,Sell,39,3793.5,ZeroMinusTick,021ccd95-5c8a-6b0d-716c-640550ef967d,979570,577
2848332,2019-01-06T06:01:15.435Z,19010606,XBTUSD,Sell,31000,3793.5,ZeroMinusTick,abd04a5d-ac0f-606f-1027-00e34e99d359,1010570,578
2848342,2019-01-06T06:01:15.435Z,19010606,XBTUSD,Sell,11,3793,ZeroMinusTick,bda1ce85-414b-dfcd-bc76-f12b6b97fb09,1010581,579
2848354,2019-01-06T06:01:15.435Z,19010606,XBTUSD,Sell,5000,3793,ZeroMinusTick,c582503d-f6c1-e945-ca04-27df66f06e9e,1015581,580
2848368,2019-01-06T06:01:15.435Z,19010606,XBTUSD,Sell,3,3793,ZeroMinusTick,94cf390a-c385-d48b-f357-b89fad125851,1015584,581
2848381,2019-01-06T06:01:15.435Z,19010606,XBTUSD,Sell,10,3792.5,ZeroMinusTick,c2f2b696-6417-ae61-ede9-62457cee4ccc,1015594,582
2848392,2019-01-06T06:01:15.435Z,19010606,XBTUSD,Sell,1000,3792.5,ZeroMinusTick,2dad4237-4c7e-b94e-506f-0d79b0cbbd22,1016594,583
2848396,2019-01-06T06:01:15.435Z,19010606,XBTUSD,Sell,4,3792.5,ZeroMinusTick,e151d669-035a-f4e4-6d09-c763c9d8c65d,1016598,584
2848410,2019-01-06T06:01:15.834Z,19010606,XBTUSD,Buy,100,3793,ZeroPlusTick,ebdcfd77-966b-1dd2-8ddf-94c19c873a1c,1016698,585
2848422,2019-01-06T06:01:16.007Z,19010606,XBTUSD,Sell,1000,3792.5,ZeroMinusTick,7870d221-1817-f76c-64e6-63b4975d12ea,1017698,586
2848433,2019-01-06T06:01:16.007Z,19010606,XBTUSD,Sell,9804,3792.5,ZeroMinusTick,42c818d7-9eaf-18ef-604c-2d0a3c4e5503,1027502,587
2848438,2019-01-06T06:01:16.007Z,19010606,XBTUSD,Sell,30340,3792.5,ZeroMinusTick,6773eb3d-2272-8cfc-5216-5978f984f7fa,1057842,588
2848448,2019-01-06T06:01:16.048Z,19010606,XBTUSD,Sell,4499,3792.5,ZeroMinusTick,ca1cf99d-3f60-f7f1-9855-6b87ef696143,1062341,589
2848495,2019-01-06T06:01:27.151Z,19010606,XBTUSD,Sell,2000,3792.5,ZeroMinusTick,96b25650-1ee9-5a96-6c3e-3b78c74903d5,1064341,590
2848503,2019-01-06T06:01:27.151Z,19010606,XBTUSD,Sell,10,3792.5,ZeroMinusTick,df09d4aa-2c30-6bdb-7618-408f1bf6063d,1064351,591
2848515,2019-01-06T06:01:27.151Z,19010606,XBTUSD,Sell,100,3792.5,ZeroMinusTick,217d2dee-a434-0924-9e6d-0c5ed5834067,1064451,592
2848593,2019-01-06T06:01:47.807Z,19010606,XBTUSD,Sell,707,3792.5,ZeroMinusTick,6491d909-e004-f05c-efed-fe2306b69bd7,1065158,593
2848602,2019-01-06T06:01:52.293Z,19010606,XBTUSD,Sell,225,3792.5,ZeroMinusTick,03ec6bd5-05bc-5722-6260-137e441e2a79,1065383,594
2848612,2019-01-06T06:01:52.293Z,19010606,XBTUSD,Sell,30,3792.5,ZeroMinusTick,9e1efed9-0dcf-d27d-784a-1a365e4ea417,1065413,595
2848622,2019-01-06T06:01:52.293Z,19010606,XBTUSD,Sell,6232,3792.5,ZeroMinusTick,339c0cb1-e4ea-6fd8-26ea-669963d0edc4,1071645,596
2848628,2019-01-06T06:01:52.293Z,19010606,XBTUSD,Sell,100,3792.5,ZeroMinusTick,2fc1e736-3a3f-8dd9-2fd3-cda90deacd6f,1071745,597
2848636,2019-01-06T06:01:52.293Z,19010606,XBTUSD,Sell,225,3792.5,ZeroMinusTick,12f47d06-d352-3f4e-f9d6-808b8f5aa363,1071970,598
2848646,2019-01-06T06:01:52.293Z,19010606,XBTUSD,Sell,229,3792.5,ZeroMinusTick,472a7694-eba2-93c1-0c37-0a697fa84c22,1072199,599
2848657,2019-01-06T06:01:52.293Z,19010606,XBTUSD,Sell,502,3792.5,ZeroMinusTick,f73ed253-1f3d-51ef-fba4-81e73941e80a,1072701,600
2848670,2019-01-06T06:01:54.288Z,19010606,XBTUSD,Buy,90,3792.5,ZeroMinusTick,3b5ebe53-efaf-f567-916e-baa2a263ee98,1072791,601
2848679,2019-01-06T06:01:54.288Z,19010606,XBTUSD,Buy,3504,3792.5,ZeroMinusTick,7a1d4337-57aa-278e-480d-2b5d4905d3b6,1076295,602
2848681,2019-01-06T06:01:54.793Z,19010606,XBTUSD,Sell,124,3792,ZeroMinusTick,b65b81ca-936f-5c11-2029-f850a5b883bf,1076419,603
2848697,2019-01-06T06:01:54.793Z,19010606,XBTUSD,Sell,1000,3792,ZeroMinusTick,b38c44e9-22fe-2211-44dd-88aa0c03727b,1077419,604
2848708,2019-01-06T06:01:56.168Z,19010606,XBTUSD,Sell,5,3792,ZeroMinusTick,acb5e4cf-a913-98b5-b68c-9d7046c2d5e6,1077424,605
2848812,2019-01-06T06:02:12.974Z,19010606,XBTUSD,Buy,51758,3792.5,ZeroPlusTick,88053329-a50a-880d-1573-06247cb7182e,1129182,606
2848826,2019-01-06T06:02:15.097Z,19010606,XBTUSD,Sell,3000,3792,MinusTick,796f78da-1aff-b293-bdf2-3f2f20cf2824,1132182,607
2848834,2019-01-06T06:02:16.775Z,19010606,XBTUSD,Buy,10,3792.5,ZeroPlusTick,ab7922e0-db0a-8c84-db67-db9b6b599867,1132192,608
2848841,2019-01-06T06:02:21.426Z,19010606,XBTUSD,Sell,363,3792,MinusTick,7c3f4da8-18de-a1a1-ef08-f939b0614e32,1132555,609
2848282,2019-01-06T06:01:09.931Z,19010606,XBTUSD,Sell,10,3793.5,ZeroMinusTick,3ec0a135-6912-7d1d-9dab-86861e94989d,1132565,610
2848298,2019-01-06T06:01:12.234Z,19010606,XBTUSD,Sell,5630,3793.5,ZeroMinusTick,6c73ec6d-03c8-76d8-a372-6766df9b5a6a,1138195,611
2848320,2019-01-06T06:01:15.435Z,19010606,XBTUSD,Sell,319,3793.5,ZeroMinusTick,cbe3f520-a8ca-7a6b-1083-a1c7a98ca9ad,1138514,612
2848335,2019-01-06T06:01:15.435Z,19010606,XBTUSD,Sell,11,3793.5,ZeroMinusTick,0a5d0b45-89f4-56f4-5dfa-38be39eecc0e,1138525,613
2848346,2019-01-06T06:01:15.435Z,19010606,XBTUSD,Sell,6888,3793,ZeroMinusTick,aca72453-639b-14c5-fdce-1a44bd07d6fd,1145413,614
2848358,2019-01-06T06:01:15.435Z,19010606,XBTUSD,Sell,500,3793,ZeroMinusTick,e492b38c-c85f-39c6-d8c6-bfacce4d28ba,1145913,615
2848362,2019-01-06T06:01:15.435Z,19010606,XBTUSD,Sell,10,3793,ZeroMinusTick,d514b0cb-34ed-8ddc-f85d-bb38a66e1df1,1145923,616
2848372,2019-01-06T06:01:15.435Z,19010606,XBTUSD,Sell,2000,3793,ZeroMinusTick,3b4c543c-b926-3445-c0c4-5cc4a206c570,1147923,617
2848382,2019-01-06T06:01:15.435Z,19010606,XBTUSD,Sell,1000,3792.5,ZeroMinusTick,ffae4fb2-30ab-a505-10cf-43850444aa5b,1148923,618
2848385,2019-01-06T06:01:15.435Z,19010606,XBTUSD,Sell,25,3792.5,ZeroMinusTick,733a6027-cff8-0c62-bd6a-220d664d41ba,1148948,619
2848402,2019-01-06T06:01:15.435Z,19010606,XBTUSD,Sell,10000,3792.5,ZeroMinusTick,9b02d68b-4e33-d33a-175d-6d1f476fe454,1158948,620
2848411,2019-01-06T06:01:15.834Z,19010606,XBTUSD,Buy,150,3793,ZeroPlusTick,2646fda0-1f75-b167-f426-69726b048f37,1159098,621
2848423,2019-01-06T06:01:16.007Z,19010606,XBTUSD,Sell,490,3792.5,ZeroMinusTick,77c82387-e448-65a1-4f56-a84eb5a6f31d,1159588,622
2848432,2019-01-06T06:01:16.007Z,19010606,XBTUSD,Sell,12413,3792.5,ZeroMinusTick,9c1679a9-a7cf-9cfd-6594-952498362d60,1172001,623
2848442,2019-01-06T06:01:16.048Z,19010606,XBTUSD,Sell,158,3792.5,ZeroMinusTick,ba92dc01-05e5-f7e7-dc17-5b15a7db2d75,1172159,624
2848459,2019-01-06T06:01:20.854Z,19010606,XBTUSD,Sell,120,3792.5,ZeroMinusTick,f25c0fdc-2d41-bedb-97c5-107d161b85c7,1172279,625
2848493,2019-01-06T06:01:27.151Z,19010606,XBTUSD,Sell,90,3792.5,ZeroMinusTick,5ebabbd4-c701-0bb1-602b-83457dce9a96,1172369,626
2848507,2019-01-06T06:01:27.151Z,19010606,XBTUSD,Sell,11,3792.5,ZeroMinusTick,af2b9c98-4d81-38d5-0f82-0e4a33e205b8,1172380,627
2848510,2019-01-06T06:01:27.151Z,19010606,XBTUSD,Sell,30,3792.5,ZeroMinusTick,655fec5a-fb92-8a80-a3aa-e48b4e0d06e9,1172410,628
2848558,2019-01-06T06:01:33.452Z,19010606,XBTUSD,Buy,424,3793,ZeroPlusTick,b3319c49-d07f-be52-a6de-74f9fa1a40bf,1172834,629
2848567,2019-01-06T06:01:36.544Z,19010606,XBTUSD,Sell,10600,3792.5,ZeroMinusTick,c81f7759-72c3-fac8-5a48-0141ce6dc8aa,1183434,630
2848587,2019-01-06T06:01:41.994Z,19010606,XBTUSD,Sell,22,3792.5,ZeroMinusTick,af877170-fb70-f3af-b415-181a481f1997,1183456,631
2848609,2019-01-06T06:01:52.293Z,19010606,XBTUSD,Sell,11326,3792.5,ZeroMinusTick,71cfee06-d1d3-01ea-4990-518efd463973,1194782,632
2848615,2019-01-06T06:01:52.293Z,19010606,XBTUSD,Sell,11,3792.5,ZeroMinusTick,43ed039f-afb2-9e6d-daf1-812f3361bf49,1194793,633
2848625,2019-01-06T06:01:52.293Z,19010606,XBTUSD,Sell,2005,3792.5,ZeroMinusTick,7aec1b7b-1943-e4fc-c30e-f53e5e012531,1196798,634
2848635,2019-01-06T06:01:52.293Z,19010606,XBTUSD,Sell,225,3792.5,ZeroMinusTick,3ca9a5fe-6155-17a2-cb62-14fbe378a396,1197023,635
2848645,2019-01-06T06:01:52.293Z,19010606,XBTUSD,Sell,4589,3792.5,ZeroMinusTick,20b1f7f7-a824-c8e7-2695-e81cf109e8dd,1201612,636
2848654,2019-01-06T06:01:52.293Z,19010606,XBTUSD,Sell,479,3792.5,ZeroMinusTick,bdc8c650-177b-f2b3-52f8-d21b6e27a4ee,1202091,637
2848663,2019-01-06T06:01:52.293Z,19010606,XBTUSD,Sell,107,3792.5,ZeroMinusTick,457eb960-9375-df32-9e12-0784ab259133,1202198,638
2848672,2019-01-06T06:01:54.288Z,19010606,XBTUSD,Buy,75,3792.5,ZeroMinusTick,84f59651-c1d5-cc36-bed5-b26715faebc6,1202273,639
2848688,2019-01-06T06:01:54.793Z,19010606,XBTUSD,Sell,750,3792,ZeroMinusTick,b37c54b6-4dec-6b5d-4f08-bde797733791,1203023,640
2848693,2019-01-06T06:01:54.793Z,19010606,XBTUSD,Sell,10,3792,ZeroMinusTick,9aa3aad7-6b7d-e093-5fa0-8820223a332b,1203033,641
2848820,2019-01-06T06:02:12.974Z,19010606,XBTUSD,Buy,2000,3792.5,ZeroPlusTick,5593109d-5e72-b6b8-d799-3f7b99fc0965,1205033,642
2848836,2019-01-06T06:02:16.775Z,19010606,XBTUSD,Buy,1050,3792.5,ZeroPlusTick,18de28f4-970d-2c01-30c6-c7c4bb1248a6,1206083,643
2848869,2019-01-06T06:02:32.488Z,19010606,XBTUSD,Sell,2087,3792,ZeroMinusTick,735302e5-e0aa-2172-ebbc-b8e05e7ad9eb,1208170,644
2848886,2019-01-06T06:02:45.286Z,19010606,XBTUSD,Sell,2568,3792,MinusTick,7950e1f7-d75e-df86-4a83-4b4d2c5dd82f,1210738,645
2848379,2019-01-06T06:01:15.435Z,19010606,XBTUSD,Sell,124,3792.5,ZeroMinusTick,56ece3df-219c-e6c7-3911-a1dbb222cc15,1210862,646
2848386,2019-01-06T06:01:15.435Z,19010606,XBTUSD,Sell,12,3792.5,ZeroMinusTick,313111fc-92da-095c-2247-e25da8c29dd5,1210874,647
2848403,2019-01-06T06:01:15.435Z,19010606,XBTUSD,Sell,1000,3792.5,ZeroMinusTick,c1493e23-e0f0-5184-419a-1ae9783c4d86,1211874,648
2848415,2019-01-06T06:01:15.834Z,19010606,XBTUSD,Buy,2000,3793,ZeroPlusTick,58bcd267-bf22-091e-6b49-429cfb3c0348,1213874,649
2848420,2019-01-06T06:01:16.007Z,19010606,XBTUSD,Sell,30,3792.5,ZeroMinusTick,d59d989d-5ca7-c0ac-19a0-a633c70b89f0,1213904,650
2848429,2019-01-06T06:01:16.007Z,19010606,XBTUSD,Sell,50,3792.5,ZeroMinusTick,eeba72a1-fab6-0a74-77bd-2c9371f1815e,1213954,651
2848443,2019-01-06T06:01:16.048Z,19010606,XBTUSD,Sell,2250,3792.5,ZeroMinusTick,bd54816b-6465-02ea-861e-7657b94967c3,1216204,652
2848490,2019-01-06T06:01:27.151Z,19010606,XBTUSD,Sell,75,3792.5,ZeroMinusTick,4a285632-2504-5809-a174-7d7173798ae1,1216279,653
2848505,2019-01-06T06:01:27.151Z,19010606,XBTUSD,Sell,57000,3792.5,ZeroMinusTick,611b6d2c-464d-c8a5-6551-1798c922f3ae,1273279,654
2848512,2019-01-06T06:01:27.151Z,19010606,XBTUSD,Sell,116,3792.5,ZeroMinusTick,5c699cc9-9257-0d74-9066-0f5b0d859e0a,1273395,655
2848566,2019-01-06T06:01:34.857Z,19010606,XBTUSD,Sell,40000,3792.5,MinusTick,0d583345-b41e-5344-6fe8-14dd1e05be13,1313395,656
2848590,2019-01-06T06:01:43.604Z,19010606,XBTUSD,Sell,5000,3792.5,ZeroMinusTick,0bbaae3b-5f40-d7d4-c94a-d95d7e661106,1318395,657
2848591,2019-01-06T06:01:43.893Z,19010606,XBTUSD,Sell,38000,3792.5,ZeroMinusTick,99e25f99-37c8-3aab-6cd9-4e31bdb09579,1356395,658
2848601,2019-01-06T06:01:52.293Z,19010606,XBTUSD,Sell,1700,3792.5,ZeroMinusTick,98c80737-0f54-3e86-c895-780e9695f2ba,1358095,659
2848611,2019-01-06T06:01:52.293Z,19010606,XBTUSD,Sell,9737,3792.5,ZeroMinusTick,037cc42e-9c93-47dd-cfea-80cc3a23525d,1367832,660
2848619,2019-01-06T06:01:52.293Z,19010606,XBTUSD,Sell,2000,3792.5,ZeroMinusTick,2ca28f5d-3afa-9543-aa3a-e4bcda15a3df,1369832,661
2848626,2019-01-06T06:01:52.293Z,19010606,XBTUSD,Sell,11,3792.5,ZeroMinusTick,6e25b11b-c0c6-5207-47a6-4130c696ca5e,1369843,662
2848640,2019-01-06T06:01:52.293Z,19010606,XBTUSD,Sell,11,3792.5,ZeroMinusTick,ecf1a712-a648-dc00-525a-c22494b90e34,1369854,663
2848653,2019-01-06T06:01:52.293Z,19010606,XBTUSD,Sell,142,3792.5,ZeroMinusTick,cbebbec3-8668-284b-a38e-d3c1a541f059,1369996,664
2848664,2019-01-06T06:01:52.293Z,19010606,XBTUSD,Sell,34,3792.5,ZeroMinusTick,8d8cf300-6884-c230-1af7-1b207d789476,1370030,665
2848676,2019-01-06T06:01:54.288Z,19010606,XBTUSD,Buy,150,3792.5,ZeroMinusTick,9782c7a5-d628-787a-be6a-bc18975a322a,1370180,666
2848684,2019-01-06T06:01:54.793Z,19010606,XBTUSD,Sell,16,3792,ZeroMinusTick,d25789bb-04f1-f565-5e81-470b9263a3c9,1370196,667
2848692,2019-01-06T06:01:54.793Z,19010606,XBTUSD,Sell,5,3792,ZeroMinusTick,43b8b07b-9403-3c30-dcc8-62cebbed67e1,1370201,668
2848707,2019-01-06T06:01:56.160Z,19010606,XBTUSD,Sell,49,3792,MinusTick,92e50333-9ccf-cdbe-cdc7-dbae15b77453,1370250,669
2848811,2019-01-06T06:02:10.998Z,19010606,XBTUSD,Buy,4,3792.5,PlusTick,64b17896-29f7-eb4f-88a3-444c628ef9b4,1370254,670
2848816,2019-01-06T06:02:12.974Z,19010606,XBTUSD,Buy,245,3792.5,ZeroPlusTick,e4b3d413-9393-5c80-5881-eb7008a4cbc8,1370499,671
2848831,2019-01-06T06:02:16.670Z,19010606,XBTUSD,Sell,10,3792,ZeroMinusTick,842d284b-fb58-06b5-f07c-dbc970c3f060,1370509,672
2848832,2019-01-06T06:02:16.775Z,19010606,XBTUSD,Buy,3920,3792.5,PlusTick,27cbaf37-e163-a6a3-1cf4-7f9e2e0c67ce,1374429,673
2848866,2019-01-06T06:02:32.488Z,19010606,XBTUSD,Sell,30,3792,ZeroMinusTick,a993a4cf-0986-a893-5e81-09853046fcf3,1374459,674
2848888,2019-01-06T06:02:45.286Z,19010606,XBTUSD,Sell,5,3792,ZeroMinusTick,daaf8621-00ba-d928-4c50-eae3d6120432,1374464,675
2848905,2019-01-06T06:02:45.286Z,19010606,XBTUSD,Sell,26,3792,ZeroMinusTick,74a72352-3836-c9d1-7e6f-c649445a8d18,1374490,676
2848925,2019-01-06T06:02:56.901Z,19010606,XBTUSD,Sell,121,3792,ZeroMinusTick,ad22231b-6c2a-c416-46d3-b3a5863542b3,1374611,677
2848454,2019-01-06T06:01:16.144Z,19010606,XBTUSD,Sell,1778,3792.5,ZeroMinusTick,d0cb162b-ffcc-0b7a-aa01-d1566e399170,1376389,678
2848488,2019-01-06T06:01:27.151Z,19010606,XBTUSD,Sell,12926,3792.5,MinusTick,10161dd3-f96d-f149-df79-f05ae42d2676,1389315,679
2848498,2019-01-06T06:01:27.151Z,19010606,XBTUSD,Sell,22700,3792.5,ZeroMinusTick,39b4cd6b-f710-7ece-b008-7dcea9dbc075,1412015,680
2848508,2019-01-06T06:01:27.151Z,19010606,XBTUSD,Sell,11,3792.5,ZeroMinusTick,a8c5d373-a0f2-5999-49c8-d73673cfb0c4,1412026,681
2848516,2019-01-06T06:01:27.151Z,19010606,XBTUSD,Sell,15679,3792.5,ZeroMinusTick,ab8e4d8e-a57b-d3e7-bfe8-d015a5171675,1427705,682
2848584,2019-01-06T06:01:41.994Z,19010606,XBTUSD,Sell,52423,3792.5,ZeroMinusTick,be6fd801-110a-7a9f-01ea-140a13692abc,1480128,683
2848600,2019-01-06T06:01:52.293Z,19010606,XBTUSD,Sell,2000,3792.5,ZeroMinusTick,f5937520-847b-ab48-e3d9-7210dc4ac007,1482128,684
2848605,2019-01-06T06:01:52.293Z,19010606,XBTUSD,Sell,1900,3792.5,ZeroMinusTick,3b29e1af-4d19-85eb-6301-c3cce387d630,1484028,685
2848617,2019-01-06T06:01:52.293Z,19010606,XBTUSD,Sell,480,3792.5,ZeroMinusTick,d0a163e2-cf9e-7711-2167-8499ee6bfe40,1484508,686
2848627,2019-01-06T06:01:52.293Z,19010606,XBTUSD,Sell,10000,3792.5,ZeroMinusTick,8b6f129c-d906-da58-7398-7469d117b3b2,1494508,687
2848639,2019-01-06T06:01:52.293Z,19010606,XBTUSD,Sell,225,3792.5,ZeroMinusTick,bd9e29a7-f368-eef9-8969-e9c0a38d8dbc,1494733,688
2848652,2019-01-06T06:01:52.293Z,19010606,XBTUSD,Sell,407,3792.5,ZeroMinusTick,de4ceaf0-4df3-249a-2c2b-aa0093c8ae3c,1495140,689
2848659,2019-01-06T06:01:52.293Z,19010606,XBTUSD,Sell,11,3792.5,ZeroMinusTick,7c8bd558-9e95-e1c0-af1b-65dec8a93a74,1495151,690
2848677,2019-01-06T06:01:54.288Z,19010606,XBTUSD,Buy,90,3792.5,ZeroMinusTick,81b6767c-3167-3384-70d7-202f570fb39e,1495241,691
2848686,2019-01-06T06:01:54.793Z,19010606,XBTUSD,Sell,1000,3792,ZeroMinusTick,262bc66f-8fe1-5d6f-89a2-323cc37e540f,1496241,692
2848695,2019-01-06T06:01:54.793Z,19010606,XBTUSD,Sell,30,3792,ZeroMinusTick,3e1be347-84a4-f86d-bb88-45c39f095525,1496271,693
2848701,2019-01-06T06:01:54.972Z,19010606,XBTUSD,Buy,125,3792.5,PlusTick,fdae92c4-2cea-3ec8-cf65-507001abc581,1496396,694
2848773,2019-01-06T06:01:58.526Z,19010606,XBTUSD,Sell,5,3792,ZeroMinusTick,414a47ef-fc2e-a266-25ab-6cbf77a6317d,1496401,695
2848783,2019-01-06T06:02:01.145Z,19010606,XBTUSD,Sell,49,3792,MinusTick,fdbee3ea-4100-f32b-c50e-2b3ba27b6e8d,1496450,696
2848785,2019-01-06T06:02:01.273Z,19010606,XBTUSD,Buy,1,3792.5,PlusTick,db08edc1-f6b9-d121-4e63-1edc738f613b,1496451,697
2848786,2019-01-06T06:02:01.284Z,19010606,XBTUSD,Buy,33000,3792.5,ZeroPlusTick,64701a79-008e-e5a0-de7e-3d126080c825,1529451,698
2848788,2019-01-06T06:02:01.786Z,19010606,XBTUSD,Buy,1000,3792.5,ZeroPlusTick,7aa5c8c9-9f33-a96e-23c9-24e51d7b307a,1530451,699
2848817,2019-01-06T06:02:12.974Z,19010606,XBTUSD,Buy,4000,3792.5,ZeroPlusTick,0696f5ca-edb2-c17f-44e1-a668642e2794,1534451,700
2848868,2019-01-06T06:02:32.488Z,19010606,XBTUSD,Sell,10000,3792,ZeroMinusTick,e67d03e2-2d63-8fa9-a46e-257b7d86d3b1,1544451,701
2848878,2019-01-06T06:02:36.527Z,19010606,XBTUSD,Buy,345,3792.5,PlusTick,6a7bcfb9-85c3-362c-7599-f7ea43283f68,1544796,702
2848885,2019-01-06T06:02:44.124Z,19010606,XBTUSD,Buy,3000,3792.5,PlusTick,a51a7b60-1e7d-6c16-b154-b928adff87d0,1547796,703
2848890,2019-01-06T06:02:45.286Z,19010606,XBTUSD,Sell,10000,3792,ZeroMinusTick,c213f70a-424e-497e-0d86-20e28e875c06,1557796,704
2848904,2019-01-06T06:02:45.286Z,19010606,XBTUSD,Sell,7500,3792,ZeroMinusTick,74f68a7d-f9eb-6c7c-8017-1d0fd09815c9,1565296,705
2848920,2019-01-06T06:02:56.901Z,19010606,XBTUSD,Sell,9,3792,ZeroMinusTick,844274ce-1c03-56fc-05b3-bb536a500b16,1565305,706
2848970,2019-01-06T06:03:04.473Z,19010606,XBTUSD,Buy,120,3792.5,ZeroPlusTick,c0230bb3-20ad-e523-d1e3-ededdc8674fa,1565425,707
2848980,2019-01-06T06:03:04.473Z,19010606,XBTUSD,Buy,60,3792.5,ZeroPlusTick,d3165c7a-7fe3-972d-f4d7-f5e7bb72340d,1565485,708
2848461,2019-01-06T06:01:21.967Z,19010606,XBTUSD,Sell,725,3792.5,ZeroMinusTick,546d4383-8349-21fd-f7e8-94ac606b7e97,1566210,709
2848494,2019-01-06T06:01:27.151Z,19010606,XBTUSD,Sell,90,3792.5,ZeroMinusTick,f9c0608c-869c-54e8-e0c2-a3d9fd50e976,1566300,710
2848504,2019-01-06T06:01:27.151Z,19010606,XBTUSD,Sell,1500,3792.5,ZeroMinusTick,275145b8-c849-b986-cad4-d3b963cf8a33,1567800,711
2848511,2019-01-06T06:01:27.151Z,19010606,XBTUSD,Sell,50000,3792.5,ZeroMinusTick,3eab5f42-077b-6a2c-388b-ebfc4af37005,1617800,712
2848520,2019-01-06T06:01:29.249Z,19010606,XBTUSD,Sell,98,3792.5,ZeroMinusTick,7fe6fe57-ddce-d138-5e52-5c0f31aac92c,1617898,713
2848610,2019-01-06T06:01:52.293Z,19010606,XBTUSD,Sell,490,3792.5,ZeroMinusTick,b184a9a2-cff0-5008-21ff-92c4730292c4,1618388,714
2848614,2019-01-06T06:01:52.293Z,19010606,XBTUSD,Sell,256,3792.5,ZeroMinusTick,0d8887a2-4c2c-01fa-1ec5-17768ad976ec,1618644,715
2848631,2019-01-06T06:01:52.293Z,19010606,XBTUSD,Sell,5000,3792.5,ZeroMinusTick,9ebc10db-5163-d062-1e63-e302a748d916,1623644,716
2848641,2019-01-06T06:01:52.293Z,19010606,XBTUSD,Sell,5000,3792.5,ZeroMinusTick,0e8f7a4e-58bb-67ed-cac2-837b944ea6de,1628644,717
2848651,2019-01-06T06:01:52.293Z,19010606,XBTUSD,Sell,190,3792.5,ZeroMinusTick,b0131eb3-b46e-6be7-a8d5-ed7fe7d2c04a,1628834,718
2848661,2019-01-06T06:01:52.293Z,19010606,XBTUSD,Sell,11,3792.5,ZeroMinusTick,86076f30-a017-64a2-1124-56f6cdf1e0c4,1628845,719
2848675,2019-01-06T06:01:54.288Z,19010606,XBTUSD,Buy,100,3792.5,ZeroMinusTick,3ed62a0b-6405-4d84-1842-e199fb38eaf7,1628945,720
2848682,2019-01-06T06:01:54.793Z,19010606,XBTUSD,Sell,11,3792,ZeroMinusTick,dbdc676a-2619-4700-897c-2549b86755d0,1628956,721
2848691,2019-01-06T06:01:54.793Z,19010606,XBTUSD,Sell,11,3792,ZeroMinusTick,c3b1db61-1e17-8091-339e-b3e449687ecf,1628967,722
2848777,2019-01-06T06:01:59.625Z,19010606,XBTUSD,Buy,1050,3792.5,PlusTick,1a13fe27-a63f-85ce-1f4d-1c9b2ba5fbd2,1630017,723
2848792,2019-01-06T06:02:03.265Z,19010606,XBTUSD,Sell,2,3792,MinusTick,863108eb-715f-aa09-eac6-4f1b563fdba8,1630019,724
2848807,2019-01-06T06:02:05.325Z,19010606,XBTUSD,Buy,62,3792.5,PlusTick,d3edac1c-160d-c1e6-325c-5545387f08c2,1630081,725
2848808,2019-01-06T06:02:06.042Z,19010606,XBTUSD,Sell,500,3792,MinusTick,ee0fe8f6-7d4c-5806-7019-60a502a8f4d7,1630581,726
2848814,2019-01-06T06:02:12.974Z,19010606,XBTUSD,Buy,5000,3792.5,ZeroPlusTick,9d6c5b2d-8416-6240-153f-c8a1bf7a59ff,1635581,727
2848865,2019-01-06T06:02:32.488Z,19010606,XBTUSD,Sell,873,3792,MinusTick,a0ad800f-4b0c-abd6-2089-e144609d6149,1636454,728
2848879,2019-01-06T06:02:36.640Z,19010606,XBTUSD,Sell,39,3792,MinusTick,ab3a1a08-4337-37f3-0da7-20b63dd1523c,1636493,729
2848883,2019-01-06T06:02:43.091Z,19010606,XBTUSD,Sell,874,3792,ZeroMinusTick,19767ead-5dd3-7582-7f9b-dbb3bd8b6a3e,1637367,730
2848889,2019-01-06T06:02:45.286Z,19010606,XBTUSD,Sell,100,3792,ZeroMinusTick,ee7c3544-8c23-f4e5-1086-8db7c34e8c1a,1637467,731
2848901,2019-01-06T06:02:45.286Z,19010606,XBTUSD,Sell,300,3792,ZeroMinusTick,40091855-9991-59e5-5a58-81511d60497f,1637767,732
2848924,2019-01-06T06:02:56.901Z,19010606,XBTUSD,Sell,30,3792,ZeroMinusTick,35b6fb43-677e-a09d-3bdc-f9cc27170b7b,1637797,733
2848462,2019-01-06T06:01:22.647Z,19010606,XBTUSD,Sell,80000,3792.5,ZeroMinusTick,a0e1bc52-5980-aece-c8af-09d4c0c1477c,1717797,734
2848491,2019-01-06T06:01:27.151Z,19010606,XBTUSD,Sell,1000,3792.5,ZeroMinusTick,f8859e61-dbce-0869-3bab-59cb40ddc0b2,1718797,735
2848500,2019-01-06T06:01:27.151Z,19010606,XBTUSD,Sell,12731,3792.5,ZeroMinusTick,b9806ee6-b2f9-d57c-fad6-5985b4ceec07,1731528,736
2848514,2019-01-06T06:01:27.151Z,19010606,XBTUSD,Sell,11,3792.5,ZeroMinusTick,f3c68f13-68c7-deeb-24f7-16a9044a133f,1731539,737
2848568,2019-01-06T06:01:38.066Z,19010606,XBTUSD,Sell,3000,3792.5,ZeroMinusTick,492ee098-0f89-530d-66fb-487d84990cea,1734539,738
2848586,2019-01-06T06:01:41.994Z,19010606,XBTUSD,Sell,379,3792.5,ZeroMinusTick,95e1f070-e43e-1469-353d-e998d6afd702,1734918,739
2848607,2019-01-06T06:01:52.293Z,19010606,XBTUSD,Sell,12281,3792.5,ZeroMinusTick,f73958e4-5fb5-ad57-9bb7-c4c640f4d9f7,1747199,740
2848620,2019-01-06T06:01:52.293Z,19010606,XBTUSD,Sell,510,3792.5,ZeroMinusTick,3d8068d4-10c7-cf1c-38b8-b9b82c1821e4,1747709,741
2848632,2019-01-06T06:01:52.293Z,19010606,XBTUSD,Sell,11,3792.5,ZeroMinusTick,6979a270-c4ba-555f-9816-6629ccd29d90,1747720,742
2848642,2019-01-06T06:01:52.293Z,19010606,XBTUSD,Sell,371,3792.5,ZeroMinusTick,c03bc2f7-9541-2a3c-f94c-fdd8d335b571,1748091,743
2848649,2019-01-06T06:01:52.293Z,19010606,XBTUSD,Sell,1223,3792.5,ZeroMinusTick,7183e01b-cefe-a8c4-7918-a138cc01f838,1749314,744
2848665,2019-01-06T06:01:52.293Z,19010606,XBTUSD,Sell,31,3792.5,ZeroMinusTick,ee18d0f4-78ff-33ac-58ac-04dbaa31c775,1749345,745
2848669,2019-01-06T06:01:54.288Z,19010606,XBTUSD,Buy,100,3792.5,ZeroMinusTick,2a899086-e39d-65b0-9c8e-55751d645e53,1749445,746
2848678,2019-01-06T06:01:54.288Z,19010606,XBTUSD,Buy,90,3792.5,ZeroMinusTick,5cd000e2-f648-850b-1a4a-0a092a589a5b,1749535,747
2848680,2019-01-06T06:01:54.793Z,19010606,XBTUSD,Sell,11,3792,MinusTick,a4673e3f-9a3c-a205-9728-1f93d509e4ca,1749546,748
2848690,2019-01-06T06:01:54.793Z,19010606,XBTUSD,Sell,100,3792,ZeroMinusTick,7e582964-0858-c074-ceca-401b8dcc1c6f,1749646,749
2848711,2019-01-06T06:01:57.049Z,19010606,XBTUSD,Sell,50,3792,ZeroMinusTick,5a67f97e-aff3-2b85-121d-43168e449a1c,1749696,750
2848813,2019-01-06T06:02:12.974Z,19010606,XBTUSD,Buy,2063,3792.5,ZeroPlusTick,5b5e2a7c-d590-3aa7-7a9a-d47ce7c949d1,1751759,751
2848822,2019-01-06T06:02:12.974Z,19010606,XBTUSD,Buy,109,3792.5,ZeroPlusTick,27ed7ee5-4cea-8422-e240-99e9fa5239f3,1751868,752
2848893,2019-01-06T06:02:45.286Z,19010606,XBTUSD,Sell,500,3792,ZeroMinusTick,186effd3-7532-75d1-cde0-9330eb5b7312,1752368,753
2848903,2019-01-06T06:02:45.286Z,19010606,XBTUSD,Sell,274,3792,ZeroMinusTick,6af29a5b-2df2-90b6-a43e-bc14c4ad18a8,1752642,754
2848637,2019-01-06T06:01:52.293Z,19010606,XBTUSD,Sell,129,3792.5,ZeroMinusTick,bba18cdc-4fc5-a06d-1b6f-0973a150887c,1752771,755
2848648,2019-01-06T06:01:52.293Z,19010606,XBTUSD,Sell,188,3792.5,ZeroMinusTick,0b978859-2d3b-3191-8cf5-9a4f00141198,1752959,756
2848662,2019-01-06T06:01:52.293Z,19010606,XBTUSD,Sell,11,3792.5,ZeroMinusTick,f7a7d54a-9949-6cf0-f203-8286d77bf1d2,1752970,757
2848668,2019-01-06T06:01:54.288Z,19010606,XBTUSD,Buy,4486,3792.5,ZeroMinusTick,da7968ad-4aed-cbf3-9784-14905cfabae1,1757456,758
2848689,2019-01-06T06:01:54.793Z,19010606,XBTUSD,Sell,60,3792,ZeroMinusTick,786b4802-3f85-73c1-34fb-7409d8dcb48d,1757516,759
2848698,2019-01-06T06:01:54.793Z,19010606,XBTUSD,Sell,28,3792,ZeroMinusTick,8678f421-b64e-b772-fa7d-3610becfdc46,1757544,760
2848819,2019-01-06T06:02:12.974Z,19010606,XBTUSD,Buy,5000,3792.5,ZeroPlusTick,076efa17-5756-9f83-68e3-bd793698c488,1762544,761
2848849,2019-01-06T06:02:25.744Z,19010606,XBTUSD,Buy,3000,3792.5,ZeroPlusTick,ce76bca3-56af-bb09-816f-108a784e0da6,1765544,762
2848850,2019-01-06T06:02:26.371Z,19010606,XBTUSD,Sell,7000,3792,MinusTick,d09069ec-164f-d91e-a6e2-5d3c984d8c23,1772544,763
2848875,2019-01-06T06:02:35.546Z,19010606,XBTUSD,Sell,2000,3792,ZeroMinusTick,fefa778d-041c-0958-301e-7e7bb29657b8,1774544,764
2848892,2019-01-06T06:02:45.286Z,19010606,XBTUSD,Sell,20,3792,ZeroMinusTick,620246e8-b98f-dbfe-7780-d93aa9d6c5c2,1774564,765
2848897,2019-01-06T06:02:45.286Z,19010606,XBTUSD,Sell,177,3792,ZeroMinusTick,036849bc-a871-25bc-1191-6365871abdaf,1774741,766
2848923,2019-01-06T06:02:56.901Z,19010606,XBTUSD,Sell,30,3792,ZeroMinusTick,d0238822-5827-3df0-5665-7fecae399bf7,1774771,767
2848971,2019-01-06T06:03:04.473Z,19010606,XBTUSD,Buy,30,3792.5,ZeroPlusTick,528bca7f-aa1a-2297-64f7-086592ae8945,1774801,768
2848979,2019-01-06T06:03:04.473Z,19010606,XBTUSD,Buy,11,3792.5,ZeroPlusTick,74f84e1d-1368-5665-2dfc-ce00a538a86d,1774812,769
2848991,2019-01-06T06:03:04.473Z,19010606,XBTUSD,Buy,30,3792.5,ZeroPlusTick,e31f9c28-141e-14b5-02e7-1c9ce2c4a12d,1774842,770
2849026,2019-01-06T06:03:10.596Z,19010606,XBTUSD,Buy,585,3792.5,ZeroPlusTick,7b33c324-fac2-0a30-4358-d7687d1c480b,1775427,771
2849043,2019-01-06T06:03:13.713Z,19010606,XBTUSD,Buy,1,3792.5,ZeroPlusTick,fe02fb82-2292-fc29-72f7-3f42c2a786b3,1775428,772
2849056,2019-01-06T06:03:13.713Z,19010606,XBTUSD,Buy,1000,3792.5,ZeroPlusTick,928c4a08-38de-2e24-1be8-8bbb78276b30,1776428,773
2849068,2019-01-06T06:03:13.713Z,19010606,XBTUSD,Buy,200,3793,ZeroPlusTick,31dcd6f5-e875-d0c3-fa84-fdda820a3a90,1776628,774
2849078,2019-01-06T06:03:13.713Z,19010606,XBTUSD,Buy,100,3793,ZeroPlusTick,40ffbfe9-854b-bdc1-ab3d-604a2e1caaee,1776728,775
2849081,2019-01-06T06:03:13.713Z,19010606,XBTUSD,Buy,4,3793,ZeroPlusTick,622b4cca-1d5c-9103-fac2-97786c63f267,1776732,776
2849091,2019-01-06T06:03:13.713Z,19010606,XBTUSD,Buy,189,3793.5,ZeroPlusTick,3d19dc73-b3ac-7b9a-def0-cecdce28a2a0,1776921,777
2849101,2019-01-06T06:03:13.713Z,19010606,XBTUSD,Buy,94,3793.5,ZeroPlusTick,750919f4-e032-afbd-9928-79c6c993a1e2,1777015,778
2849105,2019-01-06T06:03:13.713Z,19010606,XBTUSD,Buy,11,3794,ZeroPlusTick,0b25fde6-e7b3-301a-5c6c-fd3f29368b9d,1777026,779
2849120,2019-01-06T06:03:13.713Z,19010606,XBTUSD,Buy,65050,3794,ZeroPlusTick,be5f45fb-1625-8750-2cb5-1d85efaf5216,1842076,780
2849133,2019-01-06T06:03:19.217Z,19010606,XBTUSD,Sell,5,3793.5,ZeroMinusTick,e0e3a04e-dcaf-a287-565b-cced2d3f2e95,1842081,781
2849135,2019-01-06T06:03:21.570Z,19010606,XBTUSD,Sell,5,3793.5,ZeroMinusTick,8dd929ca-678a-bc5e-f0a5-260d03a107fa,1842086,782
2849162,2019-01-06T06:03:41.475Z,19010606,XBTUSD,Buy,500,3794,PlusTick,4b2cb891-a671-907e-0af4-433b561ee045,1842586,783
2849180,2019-01-06T06:03:57.554Z,19010606,XBTUSD,Sell,500,3793.5,MinusTick,e667a4c2-af60-031b-392d-07325ed21c84,1843086,784
2849222,2019-01-06T06:04:30.476Z,19010606,XBTUSD,Buy,5,3794,PlusTick,de794c02-50d5-3afd-78aa-157e16507515,1843091,785
2849223,2019-01-06T06:04:30.824Z,19010606,XBTUSD,Sell,148,3793.5,MinusTick,c4db17e6-2471-a8c6-9c6f-b37cd3a77b45,1843239,786
2849231,2019-01-06T06:04:40.247Z,19010606,XBTUSD,Buy,500,3794,ZeroPlusTick,a07acf0e-3520-6de4-3eb0-0f09381002a8,1843739,787
2848784,2019-01-06T06:02:01.161Z,19010606,XBTUSD,Sell,200,3792,ZeroMinusTick,a49d1860-c542-8523-dce6-c297165f9b72,1843939,788
2848821,2019-01-06T06:02:12.974Z,19010606,XBTUSD,Buy,2000,3792.5,ZeroPlusTick,10f037c6-60aa-8d75-efbf-a5f67b83fc3b,1845939,789
2848833,2019-01-06T06:02:16.775Z,19010606,XBTUSD,Buy,10,3792.5,ZeroPlusTick,6ca5a7f1-183d-ed81-efd4-862277f541d2,1845949,790
2848840,2019-01-06T06:02:21.422Z,19010606,XBTUSD,Buy,3070,3792.5,ZeroPlusTick,3a4db54c-5116-9b89-8634-d8cb01143769,1849019,791
2848848,2019-01-06T06:02:24.534Z,19010606,XBTUSD,Buy,2231,3792.5,ZeroPlusTick,456c60b4-dbe6-f47c-2c24-d4e5289570ca,1851250,792
2848887,2019-01-06T06:02:45.286Z,19010606,XBTUSD,Sell,2000,3792,ZeroMinusTick,cf49324b-47c4-7f12-75d4-82307898c10f,1853250,793
2848899,2019-01-06T06:02:45.286Z,19010606,XBTUSD,Sell,30,3792,ZeroMinusTick,b380f6f5-225a-44c3-f999-a3e1914c01aa,1853280,794
2848907,2019-01-06T06:02:48.504Z,19010606,XBTUSD,Buy,500,3792.5,PlusTick,adae86ad-b5e6-6f09-89c6-6ab02dc0cc00,1853780,795
2848922,2019-01-06T06:02:56.901Z,19010606,XBTUSD,Sell,166,3792,ZeroMinusTick,6a08f786-08c7-1ed1-cf64-70f15a51e67c,1853946,796
2848975,2019-01-06T06:03:04.473Z,19010606,XBTUSD,Buy,1415,3792.5,ZeroPlusTick,ebfe655e-bf2f-1cb9-b46b-bbe15ded1e2e,1855361,797
2848985,2019-01-06T06:03:04.473Z,19010606,XBTUSD,Buy,250,3792.5,ZeroPlusTick,6f3b2302-1513-45b3-e3c4-81582d9e0942,1855611,798
