id,timestamp,hour,symbol,side,size,price,tickDirection,trdMatchID,volTime,tickTime
2951262,2019-01-06T11:00:04.240Z,19010611,XBTUSD,Buy,5000,3820.5,ZeroPlusTick,d3e53913-0e8f-5832-7fc7-f030fa38d62e,5000,1
2951274,2019-01-06T11:00:04.240Z,19010611,XBTUSD,Buy,1600,3820.5,ZeroPlusTick,d6e34c68-49c1-6ec4-639b-f3ab06d679a5,6600,2
2951298,2019-01-06T11:00:05.360Z,19010611,XBTUSD,Buy,44,3820.5,ZeroPlusTick,b3af6820-b1ed-350e-91dd-05b698241080,6644,3
2951263,2019-01-06T11:00:04.240Z,19010611,XBTUSD,Buy,382,3820.5,ZeroPlusTick,8fd66c99-4c3e-eeb6-ae7a-293e7cfb02f6,7026,4
2951267,2019-01-06T11:00:04.240Z,19010611,XBTUSD,Buy,520,3820.5,ZeroPlusTick,bb9e7891-d0f3-682a-983c-b73677c2fb78,7546,5
2951256,2019-01-06T11:00:04.240Z,19010611,XBTUSD,Buy,7667,3820.5,ZeroPlusTick,ad3ca0ad-5b78-25c4-1a8f-1ea52ef5f307,15213,6
2951269,2019-01-06T11:00:04.240Z,19010611,XBTUSD,Buy,1,3820.5,ZeroPlusTick,374456fc-eb9c-d4f7-2c5e-4b74d9a0906e,15214,7
2951315,2019-01-06T11:00:06.902Z,19010611,XBTUSD,Buy,1189,3820.5,ZeroPlusTick,636bfed0-99e4-45ce-4e63-31e0299b74f8,16403,8
2951333,2019-01-06T11:00:06.902Z,19010611,XBTUSD,Buy,100,3820.5,ZeroPlusTick,045bbdb7-aabf-22cb-1f7a-97d854d88538,16503,9
2951249,2019-01-06T11:00:03.747Z,19010611,XBTUSD,Sell,2975,3820,MinusTick,1be9461b-6d71-7cb2-1680-3e04072a1d02,19478,10
2951250,2019-01-06T11:00:03.754Z,19010611,XBTUSD,Sell,2896,3820,ZeroMinusTick,7802f927-f595-57a1-3ddb-3b333f5a368e,22374,11
2951252,2019-01-06T11:00:03.851Z,19010611,XBTUSD,Sell,500,3820,MinusTick,82f8bdcd-a964-50ba-11ef-dedef57627b2,22874,12
2951253,2019-01-06T11:00:03.988Z,19010611,XBTUSD,Sell,26,3820,ZeroMinusTick,5b798126-29ec-9ba7-2424-4b041d644f51,22900,13
2951255,2019-01-06T11:00:04.240Z,19010611,XBTUSD,Buy,7944,3820.5,PlusTick,15a8fb44-4a63-62fb-4a71-1b6265bee1fa,30844,14
2951265,2019-01-06T11:00:04.240Z,19010611,XBTUSD,Buy,625,3820.5,ZeroPlusTick,c9cd75c2-246d-cbf6-c52b-f4d68aa94bf5,31469,15
2951260,2019-01-06T11:00:04.240Z,19010611,XBTUSD,Buy,66,3820.5,ZeroPlusTick,63964927-534e-3a98-3e55-f325e3ac8a96,31535,16
2951272,2019-01-06T11:00:04.240Z,19010611,XBTUSD,Buy,1600,3820.5,ZeroPlusTick,8fd1d4a3-fb9d-0e7a-fe39-284cc4be4201,33135,17
2951281,2019-01-06T11:00:04.505Z,19010611,XBTUSD,Buy,27,3820.5,ZeroPlusTick,49818a95-5397-ac7c-721f-e736302913bb,33162,18
2951323,2019-01-06T11:00:06.902Z,19010611,XBTUSD,Buy,100,3820.5,ZeroPlusTick,a0fcd22e-66d4-a7c2-4289-e8e0f62af52c,33262,19
2951331,2019-01-06T11:00:06.902Z,19010611,XBTUSD,Buy,100,3820.5,ZeroPlusTick,13d06e93-245b-7ea5-668c-d813e8dcf300,33362,20
2951337,2019-01-06T11:00:06.902Z,19010611,XBTUSD,Buy,300,3820.5,ZeroPlusTick,92436ccf-a727-cf57-bf20-e9e8948019c9,33662,21
2951351,2019-01-06T11:00:06.902Z,19010611,XBTUSD,Buy,1600,3820.5,ZeroPlusTick,5511b000-d6d3-27c9-a2bb-6271ce28aa12,35262,22
2951364,2019-01-06T11:00:06.902Z,19010611,XBTUSD,Buy,336,3820.5,ZeroPlusTick,8222cda0-3a58-90cb-9a77-c5d85b94a12b,35598,23
2951372,2019-01-06T11:00:06.902Z,19010611,XBTUSD,Buy,100,3820.5,ZeroPlusTick,67267db1-2233-9d9e-2c51-84c2cb739d61,35698,24
2951382,2019-01-06T11:00:06.902Z,19010611,XBTUSD,Buy,10,3820.5,ZeroPlusTick,5a78ded7-6e51-858f-6ea7-5227bd7c9891,35708,25
2951391,2019-01-06T11:00:06.902Z,19010611,XBTUSD,Buy,2000,3820.5,ZeroPlusTick,121014f7-3ef7-52be-c93b-02bbb8e82e3f,37708,26
2951404,2019-01-06T11:00:06.933Z,19010611,XBTUSD,Buy,10,3820.5,ZeroPlusTick,72c96ade-8b33-9d63-c454-dca868236d3a,37718,27
2951264,2019-01-06T11:00:04.240Z,19010611,XBTUSD,Buy,100,3820.5,ZeroPlusTick,71a0e229-624e-78d8-b176-d860d792b4b2,37818,28
2951270,2019-01-06T11:00:04.240Z,19010611,XBTUSD,Buy,274,3820.5,ZeroPlusTick,adb3aa9a-3da0-184e-69f2-17dfd2a27c9c,38092,29
2951319,2019-01-06T11:00:06.902Z,19010611,XBTUSD,Buy,1507,3820.5,ZeroPlusTick,eb41ee5f-2c19-21bc-dbf7-a6ef595d3515,39599,30
2951328,2019-01-06T11:00:06.902Z,19010611,XBTUSD,Buy,100,3820.5,ZeroPlusTick,b50a062c-96ed-e1f7-d045-1e5441f222ec,39699,31
2951344,2019-01-06T11:00:06.902Z,19010611,XBTUSD,Buy,4810,3820.5,ZeroPlusTick,78565510-9d0f-bbee-d0e6-e92349053c51,44509,32
2951354,2019-01-06T11:00:06.902Z,19010611,XBTUSD,Buy,1399,3820.5,ZeroPlusTick,52ea4fe7-bec6-1688-bb4f-81b30643ad7c,45908,33
2951361,2019-01-06T11:00:06.902Z,19010611,XBTUSD,Buy,10,3820.5,ZeroPlusTick,5e0a7c4f-4603-2a96-b92c-1064b690455f,45918,34
2951374,2019-01-06T11:00:06.902Z,19010611,XBTUSD,Buy,100,3820.5,ZeroPlusTick,e3816eef-69e9-b47e-7cca-e4bedb6efdd2,46018,35
2951383,2019-01-06T11:00:06.902Z,19010611,XBTUSD,Buy,1000,3820.5,ZeroPlusTick,0cd7864d-029e-177e-b027-2ad366b25a83,47018,36
2951393,2019-01-06T11:00:06.902Z,19010611,XBTUSD,Buy,15000,3820.5,ZeroPlusTick,b9951802-2f93-4d83-cf01-c32b1d530ced,62018,37
2951401,2019-01-06T11:00:06.902Z,19010611,XBTUSD,Buy,11,3820.5,ZeroPlusTick,0485b7df-84d8-80fa-c8e5-b23cf7b95192,62029,38
2951412,2019-01-06T11:00:06.933Z,19010611,XBTUSD,Buy,11,3820.5,ZeroPlusTick,c0ea8212-f61d-8ddb-5ae1-45675a1026a7,62040,39
2951423,2019-01-06T11:00:06.933Z,19010611,XBTUSD,Buy,31966,3820.5,ZeroPlusTick,1f064345-3380-9a1e-9e03-3c549678df5d,94006,40
2951460,2019-01-06T11:00:09.620Z,19010611,XBTUSD,Buy,10,3820.5,ZeroPlusTick,69da42aa-e936-e645-cd1a-616b257d37c2,94016,41
2951490,2019-01-06T11:00:10.147Z,19010611,XBTUSD,Buy,11,3820.5,ZeroPlusTick,d11a352e-1fb7-17f2-0dbb-7f555b34a709,94027,42
2951499,2019-01-06T11:00:10.147Z,19010611,XBTUSD,Buy,34,3820.5,ZeroPlusTick,26cf60a8-eb3b-802c-5534-7b9f05a98db2,94061,43
2951509,2019-01-06T11:00:10.147Z,19010611,XBTUSD,Buy,620,3820.5,ZeroPlusTick,f409770e-8bf0-1e05-2b30-77018111b28c,94681,44
2951520,2019-01-06T11:00:10.147Z,19010611,XBTUSD,Buy,2066,3820.5,ZeroPlusTick,5a57cbb0-e807-4e31-7e00-b97c8c9db153,96747,45
2951530,2019-01-06T11:00:10.147Z,19010611,XBTUSD,Buy,10000,3820.5,ZeroPlusTick,7450b4a7-f90f-e51f-e929-874333d35db4,106747,46
2951535,2019-01-06T11:00:10.147Z,19010611,XBTUSD,Buy,30,3820.5,ZeroPlusTick,09cb9e05-53e9-0ea7-b3d3-e967055acd0c,106777,47
2951545,2019-01-06T11:00:10.147Z,19010611,XBTUSD,Buy,9291,3820.5,ZeroPlusTick,20d20372-969c-947c-962c-0499e21dea48,116068,48
2951251,2019-01-06T11:00:03.762Z,19010611,XBTUSD,Buy,125,3820.5,PlusTick,b281e575-863f-c769-7fa1-20952243cb65,116193,49
2951259,2019-01-06T11:00:04.240Z,19010611,XBTUSD,Buy,42448,3820.5,ZeroPlusTick,eb6061b1-169b-346b-7e95-639cf8551411,158641,50
2951273,2019-01-06T11:00:04.240Z,19010611,XBTUSD,Buy,1094,3820.5,ZeroPlusTick,2d4508cf-7520-fd6a-9035-8ea6ea25986c,159735,51
2951277,2019-01-06T11:00:04.374Z,19010611,XBTUSD,Sell,40000,3820,MinusTick,65540cac-ca0e-386c-4ef2-05446f1019f3,199735,52
2951282,2019-01-06T11:00:04.505Z,19010611,XBTUSD,Buy,165,3820.5,ZeroPlusTick,a307c389-4000-829a-1996-08cde1bd70ef,199900,53
2951316,2019-01-06T11:00:06.902Z,19010611,XBTUSD,Buy,30000,3820.5,ZeroPlusTick,16ce0ba6-7d95-aad6-aa1d-64092fea1c93,229900,54
2951332,2019-01-06T11:00:06.902Z,19010611,XBTUSD,Buy,100,3820.5,ZeroPlusTick,0f9fdd1e-5c0b-2ef9-70e0-46251ec64636,230000,55
2951339,2019-01-06T11:00:06.902Z,19010611,XBTUSD,Buy,122,3820.5,ZeroPlusTick,e74b0d94-5904-351c-a9c6-41b5014c92f7,230122,56
2951350,2019-01-06T11:00:06.902Z,19010611,XBTUSD,Buy,11,3820.5,ZeroPlusTick,1fbf0706-3042-f5b3-7e03-e3a28e9d9ee4,230133,57
2951358,2019-01-06T11:00:06.902Z,19010611,XBTUSD,Buy,361,3820.5,ZeroPlusTick,fa4af1a0-7afe-18b9-b7f6-a1c514697207,230494,58
2951366,2019-01-06T11:00:06.902Z,19010611,XBTUSD,Buy,259,3820.5,ZeroPlusTick,e7e0ad08-0f8e-8b2c-75bc-e87994094899,230753,59
2951379,2019-01-06T11:00:06.902Z,19010611,XBTUSD,Buy,10,3820.5,ZeroPlusTick,3a8b1eb2-4c8b-926b-fd75-5ca352336afd,230763,60
2951385,2019-01-06T11:00:06.902Z,19010611,XBTUSD,Buy,3,3820.5,ZeroPlusTick,df8a8763-ee73-833d-8474-e02217a19370,230766,61
2951400,2019-01-06T11:00:06.902Z,19010611,XBTUSD,Buy,11,3820.5,ZeroPlusTick,9ea2d7f2-bd15-c7b2-baa5-9bcc18ac6c80,230777,62
2951405,2019-01-06T11:00:06.933Z,19010611,XBTUSD,Buy,11,3820.5,ZeroPlusTick,c897f6a5-3928-db92-8051-71c90c833082,230788,63
2951418,2019-01-06T11:00:06.933Z,19010611,XBTUSD,Buy,10,3820.5,ZeroPlusTick,755ca5b9-8a13-b129-85f0-5212ed8c27bb,230798,64
2951425,2019-01-06T11:00:07.065Z,19010611,XBTUSD,Buy,200,3820.5,ZeroPlusTick,55f96eb0-b545-8d8a-0b8b-5b8795887b02,230998,65
2951261,2019-01-06T11:00:04.240Z,19010611,XBTUSD,Buy,4638,3820.5,ZeroPlusTick,59300274-4ca1-bd09-073d-f68f7d286471,235636,66
2951268,2019-01-06T11:00:04.240Z,19010611,XBTUSD,Buy,2000,3820.5,ZeroPlusTick,d45fd0ed-a91f-8ece-2235-641e52ef892b,237636,67
2951314,2019-01-06T11:00:06.902Z,19010611,XBTUSD,Buy,269,3820.5,PlusTick,5041c878-3767-f40b-205d-366b59f6e45f,237905,68
2951324,2019-01-06T11:00:06.902Z,19010611,XBTUSD,Buy,100,3820.5,ZeroPlusTick,93d65cbf-bc4b-1856-af4d-ca3b7d356b56,238005,69
2951334,2019-01-06T11:00:06.902Z,19010611,XBTUSD,Buy,11,3820.5,ZeroPlusTick,cab3bb78-8aa6-95d4-81f8-37450d1c7acb,238016,70
2951336,2019-01-06T11:00:06.902Z,19010611,XBTUSD,Buy,300,3820.5,ZeroPlusTick,a5a3e72e-4e56-bc85-5279-91b4546de9ea,238316,71
2951346,2019-01-06T11:00:06.902Z,19010611,XBTUSD,Buy,200,3820.5,ZeroPlusTick,5cf1aade-1fa0-845a-fac5-bfdd1a666696,238516,72
2951356,2019-01-06T11:00:06.902Z,19010611,XBTUSD,Buy,1335,3820.5,ZeroPlusTick,ae3dbfdd-1bf1-e07b-60cb-f64b3810c7cd,239851,73
2951369,2019-01-06T11:00:06.902Z,19010611,XBTUSD,Buy,100,3820.5,ZeroPlusTick,43f66983-a682-cf84-837b-0833d28e33b9,239951,74
2951380,2019-01-06T11:00:06.902Z,19010611,XBTUSD,Buy,4000,3820.5,ZeroPlusTick,0896a0ec-9820-939c-b5e8-c66d833f89be,243951,75
2951390,2019-01-06T11:00:06.902Z,19010611,XBTUSD,Buy,10000,3820.5,ZeroPlusTick,bdadef63-d3ff-ded5-a7d3-6dd073145945,253951,76
2951395,2019-01-06T11:00:06.902Z,19010611,XBTUSD,Buy,10,3820.5,ZeroPlusTick,d80e78f9-22f3-ee37-b34a-585db78ca5e8,253961,77
2951408,2019-01-06T11:00:06.933Z,19010611,XBTUSD,Buy,11,3820.5,ZeroPlusTick,8c697a8e-d56a-3894-8dbd-579b67e74bfa,253972,78
2951417,2019-01-06T11:00:06.933Z,19010611,XBTUSD,Buy,61,3820.5,ZeroPlusTick,1f6aa75a-88b1-b146-a5c7-bcc152b2fc5d,254033,79
2951424,2019-01-06T11:00:07.009Z,19010611,XBTUSD,Buy,2000,3820.5,ZeroPlusTick,22e030db-c168-e9e9-dfbf-357c750cb045,256033,80
2951429,2019-01-06T11:00:07.217Z,19010611,XBTUSD,Buy,10,3820.5,ZeroPlusTick,90b596a2-bb31-de50-4ede-c56608da6b24,256043,81
2951459,2019-01-06T11:00:09.620Z,19010611,XBTUSD,Buy,4995,3820.5,ZeroPlusTick,a4471ba9-6d3b-4bec-bd73-277a62e94a8f,261038,82
2951258,2019-01-06T11:00:04.240Z,19010611,XBTUSD,Buy,12879,3820.5,ZeroPlusTick,e30db7a2-5e76-2ed4-30b5-a74282df30be,273917,83
2951266,2019-01-06T11:00:04.240Z,19010611,XBTUSD,Buy,37,3820.5,ZeroPlusTick,25c30445-2048-0319-997f-2a199fc95600,273954,84
2951283,2019-01-06T11:00:04.505Z,19010611,XBTUSD,Buy,581,3820.5,ZeroPlusTick,890598a8-f764-692d-b518-2c0f4b52aa12,274535,85
2951317,2019-01-06T11:00:06.902Z,19010611,XBTUSD,Buy,4,3820.5,ZeroPlusTick,d510c81b-e2c0-0438-3f17-5049aab26931,274539,86
2951325,2019-01-06T11:00:06.902Z,19010611,XBTUSD,Buy,100,3820.5,ZeroPlusTick,66fa9dc3-9032-24bc-c671-1cd9c3bf9d36,274639,87
2951335,2019-01-06T11:00:06.902Z,19010611,XBTUSD,Buy,450,3820.5,ZeroPlusTick,5196153c-0427-65e7-8972-51da874bc09d,275089,88
2951345,2019-01-06T11:00:06.902Z,19010611,XBTUSD,Buy,200,3820.5,ZeroPlusTick,35dcde25-0350-e195-6b0f-a51e6a2939b6,275289,89
2951355,2019-01-06T11:00:06.902Z,19010611,XBTUSD,Buy,1483,3820.5,ZeroPlusTick,c6ab37d8-48e4-e3e4-ad35-120bc352802b,276772,90
2951367,2019-01-06T11:00:06.902Z,19010611,XBTUSD,Buy,10,3820.5,ZeroPlusTick,03aa4ca3-91f5-a310-0192-f9dec229838d,276782,91
2951375,2019-01-06T11:00:06.902Z,19010611,XBTUSD,Buy,100,3820.5,ZeroPlusTick,0dbe7345-8210-30a3-d3e8-dd157878b3a3,276882,92
2951386,2019-01-06T11:00:06.902Z,19010611,XBTUSD,Buy,19,3820.5,ZeroPlusTick,30c1f7ef-3eab-cf9b-6fac-44dfb86bc82a,276901,93
2951398,2019-01-06T11:00:06.902Z,19010611,XBTUSD,Buy,11,3820.5,ZeroPlusTick,73bd066e-3cbf-60d6-c85e-702b0683de49,276912,94
2951406,2019-01-06T11:00:06.933Z,19010611,XBTUSD,Buy,50,3820.5,ZeroPlusTick,225252d7-9e1a-12ba-ef9b-d8eaff1b8e3b,276962,95
2951416,2019-01-06T11:00:06.933Z,19010611,XBTUSD,Buy,10,3820.5,ZeroPlusTick,02169eda-0c78-46a1-cbd1-080168324247,276972,96
2951426,2019-01-06T11:00:07.091Z,19010611,XBTUSD,Buy,2000,3820.5,ZeroPlusTick,98a68f0a-35b9-ff38-518c-8cd62e3292df,278972,97
2951427,2019-01-06T11:00:07.138Z,19010611,XBTUSD,Buy,4,3820.5,ZeroPlusTick,134d1fd3-a76b-132c-5b63-e33a010cf8ef,278976,98
2951428,2019-01-06T11:00:07.217Z,19010611,XBTUSD,Buy,9830,3820.5,ZeroPlusTick,c5e65e93-c706-cfdc-92c7-08547c4bd773,288806,99
2951450,2019-01-06T11:00:08.030Z,19010611,XBTUSD,Buy,549,3820.5,ZeroPlusTick,ff5d0c8e-fe42-875b-317d-80cab6972142,289355,100
2951457,2019-01-06T11:00:09.593Z,19010611,XBTUSD,Buy,144,3820.5,ZeroPlusTick,723cbf41-304c-7ca9-9aff-f2680c11dd8a,289499,101
2951485,2019-01-06T11:00:10.118Z,19010611,XBTUSD,Buy,10,3820.5,ZeroPlusTick,3a67ce94-fb2e-4d70-ca6c-86b307484f41,289509,102
2951492,2019-01-06T11:00:10.147Z,19010611,XBTUSD,Buy,909,3820.5,ZeroPlusTick,7eb89983-a027-204c-ac54-5c83a288adcb,290418,103
2951507,2019-01-06T11:00:10.147Z,19010611,XBTUSD,Buy,620,3820.5,ZeroPlusTick,f01c9bed-b6ed-80ff-d214-8851ea2ee980,291038,104
2951513,2019-01-06T11:00:10.147Z,19010611,XBTUSD,Buy,620,3820.5,ZeroPlusTick,2f3cead2-f1b6-d468-d721-eeb56f8fc0b9,291658,105
2951521,2019-01-06T11:00:10.147Z,19010611,XBTUSD,Buy,2066,3820.5,ZeroPlusTick,e283f429-e52d-4aa4-c919-041a6b115148,293724,106
2951533,2019-01-06T11:00:10.147Z,19010611,XBTUSD,Buy,101,3820.5,ZeroPlusTick,5b14691d-8f54-ef2b-478c-9e85695796c6,293825,107
2951541,2019-01-06T11:00:10.147Z,19010611,XBTUSD,Buy,75,3820.5,ZeroPlusTick,b38ce586-eefb-ca2b-04f5-f2e171eef5e4,293900,108
2951554,2019-01-06T11:00:11.822Z,19010611,XBTUSD,Buy,10000,3820.5,ZeroPlusTick,5a93a855-93dd-7bda-6898-c4fc5b4da267,303900,109
2951561,2019-01-06T11:00:12.186Z,19010611,XBTUSD,Buy,30103,3820.5,ZeroPlusTick,d8741aef-84a1-36e0-57b1-06dd8c61f085,334003,110
2951257,2019-01-06T11:00:04.240Z,19010611,XBTUSD,Buy,109,3820.5,ZeroPlusTick,ad59d04f-6797-ccc0-d192-b100e5305b45,334112,111
2951271,2019-01-06T11:00:04.240Z,19010611,XBTUSD,Buy,191,3820.5,ZeroPlusTick,3490b46c-f874-1a2e-1b85-fcc5901a5d0e,334303,112
2951299,2019-01-06T11:00:05.360Z,19010611,XBTUSD,Buy,356,3820.5,ZeroPlusTick,5b3c3ded-7dc8-42e6-a3e5-e516008cd1b5,334659,113
2951300,2019-01-06T11:00:05.433Z,19010611,XBTUSD,Sell,1,3820,MinusTick,a475e256-12b3-21db-ef01-8ba1df259fed,334660,114
2951321,2019-01-06T11:00:06.902Z,19010611,XBTUSD,Buy,20,3820.5,ZeroPlusTick,797fb37e-0cfa-161c-c28e-7f2c4dedefbf,334680,115
2951329,2019-01-06T11:00:06.902Z,19010611,XBTUSD,Buy,100,3820.5,ZeroPlusTick,7c8d6529-4961-a14f-ac83-6350784886d5,334780,116
2951342,2019-01-06T11:00:06.902Z,19010611,XBTUSD,Buy,10,3820.5,ZeroPlusTick,936ef896-0adf-3ab3-7e8d-f377a2e8c547,334790,117
2951353,2019-01-06T11:00:06.902Z,19010611,XBTUSD,Buy,1600,3820.5,ZeroPlusTick,254dcc2d-ef7d-b3ff-e0c9-40aa96787d64,336390,118
2951362,2019-01-06T11:00:06.902Z,19010611,XBTUSD,Buy,144,3820.5,ZeroPlusTick,2809bf1b-3ff4-1507-3390-44c70545e2fe,336534,119
2951373,2019-01-06T11:00:06.902Z,19010611,XBTUSD,Buy,100,3820.5,ZeroPlusTick,bbc71fc7-3dac-c752-ebb7-f253beeaf4bc,336634,120
2951381,2019-01-06T11:00:06.902Z,19010611,XBTUSD,Buy,2200,3820.5,ZeroPlusTick,daea1d74-9111-605b-d163-e0bb235c6b42,338834,121
2951394,2019-01-06T11:00:06.902Z,19010611,XBTUSD,Buy,100,3820.5,ZeroPlusTick,8fe79b12-838d-4b57-894a-4208aee750b4,338934,122
2951403,2019-01-06T11:00:06.933Z,19010611,XBTUSD,Buy,26558,3820.5,ZeroPlusTick,4e91a721-20e9-ece6-e8c1-c7898748e2f4,365492,123
2951411,2019-01-06T11:00:06.933Z,19010611,XBTUSD,Buy,11,3820.5,ZeroPlusTick,476342c7-c782-5fe8-7463-5d2f2bf03a40,365503,124
2951421,2019-01-06T11:00:06.933Z,19010611,XBTUSD,Buy,4000,3820.5,ZeroPlusTick,a505e898-e31e-d970-7dba-42af8b7dba41,369503,125
2951448,2019-01-06T11:00:08.030Z,19010611,XBTUSD,Buy,10,3820.5,ZeroPlusTick,2d8999d4-6163-a1b1-fdb9-f6e25b6819db,369513,126
2951487,2019-01-06T11:00:10.134Z,19010611,XBTUSD,Buy,10000,3820.5,ZeroPlusTick,5e0c8a89-8dcc-a94e-757d-e7a0be6a1e1b,379513,127
2951493,2019-01-06T11:00:10.147Z,19010611,XBTUSD,Buy,100,3820.5,ZeroPlusTick,e1150e24-d781-a31c-3263-328349cfa9ff,379613,128
2951506,2019-01-06T11:00:10.147Z,19010611,XBTUSD,Buy,2066,3820.5,ZeroPlusTick,1d3fbe78-ece2-67f4-1583-5b72e3f231a1,381679,129
2951511,2019-01-06T11:00:10.147Z,19010611,XBTUSD,Buy,620,3820.5,ZeroPlusTick,03735525-69dc-1fa6-66b6-c6a76920eb8d,382299,130
2951522,2019-01-06T11:00:10.147Z,19010611,XBTUSD,Buy,2066,3820.5,ZeroPlusTick,85bae647-58ac-2106-ba1e-183c76a54d29,384365,131
2951532,2019-01-06T11:00:10.147Z,19010611,XBTUSD,Buy,48,3820.5,ZeroPlusTick,07fda40c-77ff-b1b9-aea4-bac08a500915,384413,132
2951542,2019-01-06T11:00:10.147Z,19010611,XBTUSD,Buy,8558,3820.5,ZeroPlusTick,9bacf137-ed93-0103-7837-f8ea214e69e1,392971,133
2951546,2019-01-06T11:00:10.447Z,19010611,XBTUSD,Sell,10,3820,MinusTick,e3db18be-bd0d-3dbc-7535-40f056b66ff4,392981,134
2951577,2019-01-06T11:00:14.194Z,19010611,XBTUSD,Buy,43,3820.5,ZeroPlusTick,021e2961-0102-5922-8eee-505dec603059,393024,135
2951589,2019-01-06T11:00:14.531Z,19010611,XBTUSD,Buy,40,3820.5,ZeroPlusTick,f8ccfa72-fdf6-4450-5b95-c06c46d207c8,393064,136
2951646,2019-01-06T11:00:17.498Z,19010611,XBTUSD,Buy,2231,3820.5,ZeroPlusTick,a9483c73-142d-1288-35a2-6330f13a5dd5,395295,137
2951671,2019-01-06T11:00:18.300Z,19010611,XBTUSD,Buy,620,3820.5,ZeroPlusTick,3b462719-e134-1578-9a1f-cd1ea60ad235,395915,138
2951681,2019-01-06T11:00:18.719Z,19010611,XBTUSD,Buy,4877,3820.5,ZeroPlusTick,95bcfd7c-e4b5-16d3-0b63-873a65277268,400792,139
2951689,2019-01-06T11:00:19.219Z,19010611,XBTUSD,Buy,34,3820.5,ZeroPlusTick,2e695ab8-83a5-d1b9-d3a7-b72e6551e181,400826,140
2951698,2019-01-06T11:00:19.304Z,19010611,XBTUSD,Buy,27,3821,ZeroPlusTick,1c3fa95b-0ba3-f424-c506-c99b5828490a,400853,141
2951705,2019-01-06T11:00:19.707Z,19010611,XBTUSD,Buy,10,3821,ZeroPlusTick,acf0c9f6-0146-be59-6a68-243a5ab0644b,400863,142
2951713,2019-01-06T11:00:19.806Z,19010611,XBTUSD,Buy,1000,3821,ZeroPlusTick,1553f18e-a1d6-4997-212f-936d43fba2f6,401863,143
2951732,2019-01-06T11:00:20.603Z,19010611,XBTUSD,Buy,500,3821,ZeroPlusTick,4e8d9b22-7d94-1e81-dfbb-d3e878d86077,402363,144
2951753,2019-01-06T11:00:22.130Z,19010611,XBTUSD,Buy,2450,3821,ZeroPlusTick,2df66d6c-1f7f-b2ce-4d77-2b24fa783c7a,404813,145
2951763,2019-01-06T11:00:22.130Z,19010611,XBTUSD,Buy,38,3821,ZeroPlusTick,bd475bff-104d-d66a-b488-d2c16a0566db,404851,146
2951275,2019-01-06T11:00:04.240Z,19010611,XBTUSD,Buy,7825,3820.5,ZeroPlusTick,8db0a04f-d8f4-f805-fdc3-a31f4fb039ad,412676,147
2951320,2019-01-06T11:00:06.902Z,19010611,XBTUSD,Buy,2253,3820.5,ZeroPlusTick,e3c5ed09-9302-2c6e-4a36-a5f5d533d2ce,414929,148
2951327,2019-01-06T11:00:06.902Z,19010611,XBTUSD,Buy,4,3820.5,ZeroPlusTick,72ffe547-b003-1277-298d-f01ed3539bf3,414933,149
2951338,2019-01-06T11:00:06.902Z,19010611,XBTUSD,Buy,300,3820.5,ZeroPlusTick,3eafa30e-b0da-4c22-21a7-6ed9607c7621,415233,150
2951348,2019-01-06T11:00:06.902Z,19010611,XBTUSD,Buy,191,3820.5,ZeroPlusTick,9c620c57-d57f-08db-a54b-6287ace4c022,415424,151
2951359,2019-01-06T11:00:06.902Z,19010611,XBTUSD,Buy,383,3820.5,ZeroPlusTick,03923e9d-cc8f-a162-dadf-bc5c9eb7bf00,415807,152
2951370,2019-01-06T11:00:06.902Z,19010611,XBTUSD,Buy,100,3820.5,ZeroPlusTick,8c2fb4c2-fa4a-4c84-2fd7-0171472d0a34,415907,153
2951378,2019-01-06T11:00:06.902Z,19010611,XBTUSD,Buy,200,3820.5,ZeroPlusTick,046d44b2-6749-e7c4-2138-4e1779a411de,416107,154
2951387,2019-01-06T11:00:06.902Z,19010611,XBTUSD,Buy,120,3820.5,ZeroPlusTick,dc28fa89-560a-ac4f-19ca-61bba600ba97,416227,155
2951399,2019-01-06T11:00:06.902Z,19010611,XBTUSD,Buy,11,3820.5,ZeroPlusTick,e8af8f44-7c8c-52b8-10ff-4ee0953bf747,416238,156
2951407,2019-01-06T11:00:06.933Z,19010611,XBTUSD,Buy,10000,3820.5,ZeroPlusTick,84a4b8d1-f088-10a6-2f98-dd924c8e52ea,426238,157
2951415,2019-01-06T11:00:06.933Z,19010611,XBTUSD,Buy,100,3820.5,ZeroPlusTick,8bfef705-4caa-25d5-a945-8a3f9629d627,426338,158
2951479,2019-01-06T11:00:10.037Z,19010611,XBTUSD,Buy,34,3820.5,ZeroPlusTick,ce5adec3-3bf7-808b-607d-fda5e7b176b3,426372,159
2951494,2019-01-06T11:00:10.147Z,19010611,XBTUSD,Buy,10,3820.5,ZeroPlusTick,0ed85236-4e91-daf7-b7f7-0e67189b8eb0,426382,160
2951505,2019-01-06T11:00:10.147Z,19010611,XBTUSD,Buy,2066,3820.5,ZeroPlusTick,30344b8f-4f9a-8e5d-05e1-1390f1d991fc,428448,161
2951516,2019-01-06T11:00:10.147Z,19010611,XBTUSD,Buy,620,3820.5,ZeroPlusTick,03f39b04-38d4-e039-3ee4-79bfa98146b9,429068,162
2951526,2019-01-06T11:00:10.147Z,19010611,XBTUSD,Buy,625,3820.5,ZeroPlusTick,4aa4211b-1fca-661e-cfd0-24e73312e91e,429693,163
2951536,2019-01-06T11:00:10.147Z,19010611,XBTUSD,Buy,30,3820.5,ZeroPlusTick,b5b9b3ca-499f-a3da-d1ef-32cf0f43d796,429723,164
2951552,2019-01-06T11:00:11.625Z,19010611,XBTUSD,Sell,2895,3820,MinusTick,c277b654-70b0-d96b-e4e3-ca7bb5bfb0a2,432618,165
2951572,2019-01-06T11:00:14.194Z,19010611,XBTUSD,Buy,191,3820.5,ZeroPlusTick,6f66dedd-5078-ca48-2295-02f8ab07e101,432809,166
2951582,2019-01-06T11:00:14.194Z,19010611,XBTUSD,Buy,120,3820.5,ZeroPlusTick,1dd873d2-f48e-514e-9b9f-f025b3699ebb,432929,167
2951586,2019-01-06T11:00:14.194Z,19010611,XBTUSD,Buy,2630,3820.5,ZeroPlusTick,5e79d0ea-42c8-34a8-f5c1-c9c190d153ea,435559,168
2951597,2019-01-06T11:00:15.033Z,19010611,XBTUSD,Buy,9325,3820.5,ZeroPlusTick,94d5a5d0-2e4b-e1c4-094d-fbc5769d02d3,444884,169
2951641,2019-01-06T11:00:17.122Z,19010611,XBTUSD,Buy,2500,3820.5,ZeroPlusTick,e296eb55-4937-80a4-4166-f7a87fc91a9a,447384,170
2951666,2019-01-06T11:00:18.300Z,19010611,XBTUSD,Buy,620,3820.5,ZeroPlusTick,f057b549-fb2e-9786-9768-834d1706a7c6,448004,171
2951675,2019-01-06T11:00:18.324Z,19010611,XBTUSD,Buy,1000,3820.5,ZeroPlusTick,693a44b6-2918-7468-dbd2-657e12cd59e2,449004,172
2951685,2019-01-06T11:00:19.219Z,19010611,XBTUSD,Buy,11,3820.5,ZeroPlusTick,67228c37-f7ff-feb9-a290-8348edc4a6d6,449015,173
2951700,2019-01-06T11:00:19.304Z,19010611,XBTUSD,Buy,188,3821,ZeroPlusTick,ba018b0b-5a91-5d0a-9908-a896bcadc050,449203,174
2951701,2019-01-06T11:00:19.707Z,19010611,XBTUSD,Buy,312,3821,ZeroPlusTick,ac6cab32-9c43-c366-99e6-90f261f807b7,449515,175
2951730,2019-01-06T11:00:20.500Z,19010611,XBTUSD,Buy,500,3821,PlusTick,8654bd0e-312b-d37e-87fc-dbbc0ce05ded,450015,176
2951744,2019-01-06T11:00:21.679Z,19010611,XBTUSD,Buy,15000,3821,ZeroPlusTick,677ad32e-ce6a-f418-fed5-7e96b570c1a7,465015,177
2951752,2019-01-06T11:00:22.130Z,19010611,XBTUSD,Buy,90,3821,ZeroPlusTick,afffcf90-19d8-2f0b-09a4-f7572af49e0a,465105,178
2951759,2019-01-06T11:00:22.130Z,19010611,XBTUSD,Buy,1,3821,ZeroPlusTick,0f481d68-31bf-3918-1a39-1c3aa32826a3,465106,179
2951769,2019-01-06T11:00:22.130Z,19010611,XBTUSD,Buy,100,3821.5,ZeroPlusTick,2474de94-bc4c-553a-a682-d710f34c17f9,465206,180
2951783,2019-01-06T11:00:22.130Z,19010611,XBTUSD,Buy,30,3821.5,ZeroPlusTick,0d7e243e-87fb-fd47-cea6-d3f975b92650,465236,181
2951792,2019-01-06T11:00:22.130Z,19010611,XBTUSD,Buy,191,3821.5,ZeroPlusTick,de2c0186-40eb-8fe7-5210-3eb53dc60db9,465427,182
2951803,2019-01-06T11:00:22.130Z,19010611,XBTUSD,Buy,500,3822,ZeroPlusTick,9330ad3a-c373-e2a4-478c-cbe1fb5f4529,465927,183
2951816,2019-01-06T11:00:23.010Z,19010611,XBTUSD,Buy,880,3822,ZeroPlusTick,cbf51187-2483-d47b-c216-2556a54c076b,466807,184
2951823,2019-01-06T11:00:23.360Z,19010611,XBTUSD,Buy,944,3822,PlusTick,01857108-e817-1826-080d-9b2411491049,467751,185
2951895,2019-01-06T11:00:24.938Z,19010611,XBTUSD,Buy,60,3822,ZeroPlusTick,15b50465-5078-772a-bcaa-cb93cbe337e6,467811,186
2951904,2019-01-06T11:00:25.890Z,19010611,XBTUSD,Buy,625,3822,ZeroPlusTick,0adb5270-ea69-1659-4951-6229e779734b,468436,187
2951278,2019-01-06T11:00:04.394Z,19010611,XBTUSD,Buy,600,3820.5,PlusTick,cff17169-3965-ddff-3a7a-1f7ded290c52,469036,188
2951279,2019-01-06T11:00:04.442Z,19010611,XBTUSD,Buy,600,3820.5,ZeroPlusTick,422e134c-959e-bf58-4459-4101cea8b945,469636,189
2951280,2019-01-06T11:00:04.505Z,19010611,XBTUSD,Buy,27,3820.5,ZeroPlusTick,d980f1ff-24af-e2c4-a3b6-12710ad572ef,469663,190
2951318,2019-01-06T11:00:06.902Z,19010611,XBTUSD,Buy,500,3820.5,ZeroPlusTick,82576c7d-b215-2b4d-a98b-631dc5e023e9,470163,191
2951330,2019-01-06T11:00:06.902Z,19010611,XBTUSD,Buy,100,3820.5,ZeroPlusTick,aa994e21-0795-7101-64a6-233a2e802b89,470263,192
2951340,2019-01-06T11:00:06.902Z,19010611,XBTUSD,Buy,200,3820.5,ZeroPlusTick,e03c2011-e05a-c891-b8b6-b1547582d59e,470463,193
2951347,2019-01-06T11:00:06.902Z,19010611,XBTUSD,Buy,200,3820.5,ZeroPlusTick,803aec8c-0b64-a3e1-8155-598bca19c9b6,470663,194
2951357,2019-01-06T11:00:06.902Z,19010611,XBTUSD,Buy,44,3820.5,ZeroPlusTick,5c997881-3419-4c0e-5f42-35e69cbecd43,470707,195
2951368,2019-01-06T11:00:06.902Z,19010611,XBTUSD,Buy,100,3820.5,ZeroPlusTick,ba408238-9821-269d-4721-76f46ad90bfd,470807,196
2951376,2019-01-06T11:00:06.902Z,19010611,XBTUSD,Buy,100,3820.5,ZeroPlusTick,72b5c0e0-b600-178b-b62e-377b125d05c8,470907,197
2951388,2019-01-06T11:00:06.902Z,19010611,XBTUSD,Buy,10,3820.5,ZeroPlusTick,62cffd44-cd9a-5cf1-05a7-a6e514ba3c19,470917,198
2951396,2019-01-06T11:00:06.902Z,19010611,XBTUSD,Buy,10,3820.5,ZeroPlusTick,b4175470-e6c6-b0d5-6212-8de441c15f86,470927,199
2951409,2019-01-06T11:00:06.933Z,19010611,XBTUSD,Buy,867,3820.5,ZeroPlusTick,3fae6330-3eed-cc15-3b47-f8cb99a50335,471794,200
2951420,2019-01-06T11:00:06.933Z,19010611,XBTUSD,Buy,10,3820.5,ZeroPlusTick,b3fd389e-2b41-b0a3-1e65-707c46df4666,471804,201
2951452,2019-01-06T11:00:08.655Z,19010611,XBTUSD,Sell,50,3820,MinusTick,2620d29c-417e-08bf-2443-be32edf5b11b,471854,202
2951454,2019-01-06T11:00:09.281Z,19010611,XBTUSD,Sell,300,3820,MinusTick,d03ef43a-2493-6bae-80e4-24db69902784,472154,203
2951455,2019-01-06T11:00:09.556Z,19010611,XBTUSD,Sell,10,3820,ZeroMinusTick,9b092265-967f-0d9e-83e5-615cfaadf1cc,472164,204
2951496,2019-01-06T11:00:10.147Z,19010611,XBTUSD,Buy,10,3820.5,ZeroPlusTick,758f623c-3809-ade9-e758-044ab8f4751f,472174,205
2951501,2019-01-06T11:00:10.147Z,19010611,XBTUSD,Buy,10,3820.5,ZeroPlusTick,d2600805-ade8-a8bd-a71e-be4c187eeac4,472184,206
2951517,2019-01-06T11:00:10.147Z,19010611,XBTUSD,Buy,2066,3820.5,ZeroPlusTick,80f9b8c9-9c1b-fba4-478d-bd4cc5979626,474250,207
2951529,2019-01-06T11:00:10.147Z,19010611,XBTUSD,Buy,625,3820.5,ZeroPlusTick,ef652943-eb38-79f8-6f27-831f52bce528,474875,208
2951537,2019-01-06T11:00:10.147Z,19010611,XBTUSD,Buy,100,3820.5,ZeroPlusTick,8e501043-cb12-a7d6-9077-532029c2216b,474975,209
2951548,2019-01-06T11:00:10.822Z,19010611,XBTUSD,Buy,4,3820.5,ZeroPlusTick,862440ef-311d-bfaf-588f-4d0c84e3b9be,474979,210
2951553,2019-01-06T11:00:11.664Z,19010611,XBTUSD,Buy,2000,3820.5,PlusTick,9da3d686-3243-812f-90d8-f957741fed3f,476979,211
2951559,2019-01-06T11:00:11.946Z,19010611,XBTUSD,Buy,600,3820.5,ZeroPlusTick,be2cde88-ea27-5b58-6a81-88ba16789f33,477579,212
2951563,2019-01-06T11:00:13.031Z,19010611,XBTUSD,Buy,3362,3820.5,ZeroPlusTick,bf6519bc-2707-a0a8-2202-bb9397f8d226,480941,213
2951578,2019-01-06T11:00:14.194Z,19010611,XBTUSD,Buy,191,3820.5,ZeroPlusTick,451353c9-2ffe-5a75-fa4d-7b33f0ffa68f,481132,214
2951612,2019-01-06T11:00:15.849Z,19010611,XBTUSD,Buy,303,3820.5,ZeroPlusTick,296df3be-0c6a-a037-bb89-573c904910cf,481435,215
2951613,2019-01-06T11:00:15.867Z,19010611,XBTUSD,Buy,5000,3820.5,ZeroPlusTick,ee5074a3-cb98-cf9b-aa57-1bb4170bf766,486435,216
2951639,2019-01-06T11:00:17.085Z,19010611,XBTUSD,Buy,1092,3820.5,PlusTick,f241a8ba-5adc-ee13-3c8a-e97545d7cf77,487527,217
2951642,2019-01-06T11:00:17.372Z,19010611,XBTUSD,Buy,34,3820.5,ZeroPlusTick,ec844e0b-ae2e-42ef-e24e-7248727fb95d,487561,218
2951668,2019-01-06T11:00:18.300Z,19010611,XBTUSD,Buy,620,3820.5,ZeroPlusTick,6772bd2b-db13-56b3-dc35-f20634026c5e,488181,219
2951674,2019-01-06T11:00:18.300Z,19010611,XBTUSD,Buy,880,3820.5,ZeroPlusTick,7ac924b1-ef72-b5e8-067c-29a6718516ba,489061,220
2951686,2019-01-06T11:00:19.219Z,19010611,XBTUSD,Buy,625,3820.5,ZeroPlusTick,c97ffd92-e61a-da12-f96e-55ae33cb7f5b,489686,221
2951694,2019-01-06T11:00:19.219Z,19010611,XBTUSD,Buy,38,3820.5,ZeroPlusTick,c230c4dd-514c-057e-b40c-26fd3645ac7b,489724,222
2951703,2019-01-06T11:00:19.707Z,19010611,XBTUSD,Buy,11,3821,ZeroPlusTick,a2c766c4-06f0-5628-b4dc-105a2c725107,489735,223
2951731,2019-01-06T11:00:20.531Z,19010611,XBTUSD,Buy,3000,3821,ZeroPlusTick,95ce93d1-ba4e-83f6-ddae-f341af28ba47,492735,224
2951737,2019-01-06T11:00:21.275Z,19010611,XBTUSD,Buy,947,3821,ZeroPlusTick,8fb16a2d-9daf-9193-d4ff-17307b1aadfc,493682,225
2951746,2019-01-06T11:00:22.130Z,19010611,XBTUSD,Buy,450,3821,ZeroPlusTick,8ffee1e1-64d0-2e37-2abd-49015cd212b6,494132,226
2951322,2019-01-06T11:00:06.902Z,19010611,XBTUSD,Buy,17,3820.5,ZeroPlusTick,455d2042-bd44-658b-ae42-ba21417decc3,494149,227
2951326,2019-01-06T11:00:06.902Z,19010611,XBTUSD,Buy,100,3820.5,ZeroPlusTick,2f5ede30-5b7d-dd09-4e28-3677ce0eb64a,494249,228
2951341,2019-01-06T11:00:06.902Z,19010611,XBTUSD,Buy,370,3820.5,ZeroPlusTick,bff42325-84d9-f444-7854-079d3e71c47e,494619,229
2951349,2019-01-06T11:00:06.902Z,19010611,XBTUSD,Buy,11,3820.5,ZeroPlusTick,86921f8d-aeac-5165-9eb2-d46dcd341b85,494630,230
2951360,2019-01-06T11:00:06.902Z,19010611,XBTUSD,Buy,207,3820.5,ZeroPlusTick,dbd2a7f2-def8-ea76-49b3-dbee2a41e76a,494837,231
2951365,2019-01-06T11:00:06.902Z,19010611,XBTUSD,Buy,319,3820.5,ZeroPlusTick,495f51ef-8fe5-d5d0-dbf0-5cfe7c658989,495156,232
2951377,2019-01-06T11:00:06.902Z,19010611,XBTUSD,Buy,100,3820.5,ZeroPlusTick,740e8e1f-d055-1342-f8b4-98db11759db6,495256,233
2951389,2019-01-06T11:00:06.902Z,19010611,XBTUSD,Buy,125,3820.5,ZeroPlusTick,1fcc289b-cb76-a431-80d9-caf3a018dab9,495381,234
2951397,2019-01-06T11:00:06.902Z,19010611,XBTUSD,Buy,1,3820.5,ZeroPlusTick,5c2fe40d-d429-513e-4217-0f271d5c4e98,495382,235
2951410,2019-01-06T11:00:06.933Z,19010611,XBTUSD,Buy,103,3820.5,ZeroPlusTick,60a94ae1-7b5b-4125-f566-bf56b0435b19,495485,236
2951422,2019-01-06T11:00:06.933Z,19010611,XBTUSD,Buy,10,3820.5,ZeroPlusTick,a87027f8-fb46-12dd-61ef-5d58ce67da0a,495495,237
2951447,2019-01-06T11:00:08.030Z,19010611,XBTUSD,Buy,240,3820.5,ZeroPlusTick,d2121c33-c370-f211-1b94-179968c98ec4,495735,238
2951453,2019-01-06T11:00:09.159Z,19010611,XBTUSD,Buy,600,3820.5,PlusTick,f797c52e-be4b-462a-1dc9-18d1dddbb05a,496335,239
2951458,2019-01-06T11:00:09.593Z,19010611,XBTUSD,Buy,1005,3820.5,ZeroPlusTick,f4e1d87f-ee58-ed3d-6f1c-53fe1d55f922,497340,240
2951486,2019-01-06T11:00:10.118Z,19010611,XBTUSD,Buy,36174,3820.5,ZeroPlusTick,118aac9e-18df-63f9-6b6d-1c53b6b02a63,533514,241
2951497,2019-01-06T11:00:10.147Z,19010611,XBTUSD,Buy,500,3820.5,ZeroPlusTick,eae1bee0-56d8-ac1f-ec5c-533c2bcde97f,534014,242
2951503,2019-01-06T11:00:10.147Z,19010611,XBTUSD,Buy,10,3820.5,ZeroPlusTick,49376bfa-ca6e-ab00-4fea-66031df137c5,534024,243
2951514,2019-01-06T11:00:10.147Z,19010611,XBTUSD,Buy,620,3820.5,ZeroPlusTick,fb356096-d5a7-2816-63bf-3ceb080f1b48,534644,244
2951524,2019-01-06T11:00:10.147Z,19010611,XBTUSD,Buy,2066,3820.5,ZeroPlusTick,ae03e05d-60bc-d1f9-021f-ad3b5d70e156,536710,245
2951534,2019-01-06T11:00:10.147Z,19010611,XBTUSD,Buy,83,3820.5,ZeroPlusTick,572de51e-320d-f3eb-14d8-1888df01f1d6,536793,246
2951543,2019-01-06T11:00:10.147Z,19010611,XBTUSD,Buy,520,3820.5,ZeroPlusTick,8c7f9c08-3539-24c7-9881-9ff2361f8c63,537313,247
2951575,2019-01-06T11:00:14.194Z,19010611,XBTUSD,Buy,6481,3820.5,ZeroPlusTick,75f24323-7ae5-a97e-b754-351737c2309c,543794,248
2951588,2019-01-06T11:00:14.466Z,19010611,XBTUSD,Buy,4374,3820.5,ZeroPlusTick,f5b6e1b1-5e5d-dab8-a013-c1d5a5fb6fa4,548168,249
2951611,2019-01-06T11:00:15.731Z,19010611,XBTUSD,Buy,2000,3820.5,ZeroPlusTick,90ed8bfa-57b1-831d-6f76-1058658d362f,550168,250
2951645,2019-01-06T11:00:17.498Z,19010611,XBTUSD,Buy,1247,3820.5,ZeroPlusTick,4f96fcce-dfd3-70dd-f858-b247b1d7ec04,551415,251
2951664,2019-01-06T11:00:18.300Z,19010611,XBTUSD,Buy,620,3820.5,ZeroPlusTick,a7b3c275-bad9-54b2-7717-e1a6fd1ae166,552035,252
2951691,2019-01-06T11:00:19.219Z,19010611,XBTUSD,Buy,11,3820.5,ZeroPlusTick,e891fff7-493c-a98e-e3f4-361f7ea9a07d,552046,253
2951710,2019-01-06T11:00:19.707Z,19010611,XBTUSD,Buy,2000,3821,ZeroPlusTick,09866fa2-519c-637a-2024-3c3eef34a68b,554046,254
2951729,2019-01-06T11:00:20.481Z,19010611,XBTUSD,Sell,1137,3820.5,ZeroMinusTick,45f5492c-3aa5-1644-7dc1-016671d2d18c,555183,255
2951741,2019-01-06T11:00:21.527Z,19010611,XBTUSD,Buy,5,3821,ZeroPlusTick,c4bb174f-fe80-0d6a-f2f6-f2fb0d7b14b2,555188,256
2951749,2019-01-06T11:00:22.130Z,19010611,XBTUSD,Buy,500,3821,ZeroPlusTick,65e3c0ee-9ee9-7b4d-d473-217e6a6a3e77,555688,257
2951760,2019-01-06T11:00:22.130Z,19010611,XBTUSD,Buy,625,3821,ZeroPlusTick,9f545d6b-d9f6-2db5-0d91-05dcdc254074,556313,258
2951771,2019-01-06T11:00:22.130Z,19010611,XBTUSD,Buy,27,3821.5,ZeroPlusTick,f98d6287-d498-2600-3ee1-f5bb598192e7,556340,259
2951779,2019-01-06T11:00:22.130Z,19010611,XBTUSD,Buy,30,3821.5,ZeroPlusTick,c5579b6e-e187-2fdb-6b14-ab94c2c8c7a5,556370,260
2951793,2019-01-06T11:00:22.130Z,19010611,XBTUSD,Buy,122,3821.5,ZeroPlusTick,8ba5929c-e2f3-45c0-1730-9f042c94adc1,556492,261
2951799,2019-01-06T11:00:22.130Z,19010611,XBTUSD,Buy,100,3822,ZeroPlusTick,338bf828-019e-0ca3-8bcc-08b7d51841ee,556592,262
2951809,2019-01-06T11:00:22.130Z,19010611,XBTUSD,Buy,7620,3822,ZeroPlusTick,0db03bf6-f792-fc5b-8aa7-42057d3ff67b,564212,263
2951837,2019-01-06T11:00:23.481Z,19010611,XBTUSD,Buy,14485,3822,ZeroPlusTick,f77446bf-9036-b908-208d-c70ffce88b6d,578697,264
2951343,2019-01-06T11:00:06.902Z,19010611,XBTUSD,Buy,10,3820.5,ZeroPlusTick,7c257783-a5de-4b04-dbbb-ec3c96d338bf,578707,265
2951352,2019-01-06T11:00:06.902Z,19010611,XBTUSD,Buy,1600,3820.5,ZeroPlusTick,e947b087-053a-b7b1-5093-9920eff801d3,580307,266
2951363,2019-01-06T11:00:06.902Z,19010611,XBTUSD,Buy,136,3820.5,ZeroPlusTick,2b17191b-6512-09bd-ed63-faa71d0d2cf0,580443,267
2951371,2019-01-06T11:00:06.902Z,19010611,XBTUSD,Buy,5000,3820.5,ZeroPlusTick,4acbd937-8fcf-5c15-852e-3da2922011e7,585443,268
2951384,2019-01-06T11:00:06.902Z,19010611,XBTUSD,Buy,100,3820.5,ZeroPlusTick,c6ae08f7-dff2-601c-b00f-ba2eb5494cda,585543,269
2951392,2019-01-06T11:00:06.902Z,19010611,XBTUSD,Buy,11,3820.5,ZeroPlusTick,eb195c33-5b9b-60f4-8e75-58580bbbf245,585554,270
2951402,2019-01-06T11:00:06.902Z,19010611,XBTUSD,Buy,3442,3820.5,ZeroPlusTick,4ce676b5-d3f2-ef1f-30d3-64efb1610782,588996,271
2951414,2019-01-06T11:00:06.933Z,19010611,XBTUSD,Buy,191,3820.5,ZeroPlusTick,41955ea0-7673-2ff1-de81-bdb6166992cb,589187,272
2951489,2019-01-06T11:00:10.147Z,19010611,XBTUSD,Buy,2000,3820.5,ZeroPlusTick,8138edc6-e329-c3f4-7538-318411ae2b52,591187,273
2951498,2019-01-06T11:00:10.147Z,19010611,XBTUSD,Buy,10,3820.5,ZeroPlusTick,f5f898a8-e902-7fee-31e3-31a11c66a233,591197,274
2951510,2019-01-06T11:00:10.147Z,19010611,XBTUSD,Buy,620,3820.5,ZeroPlusTick,8bcbd5d5-3ea2-bad3-47df-e9efbf5c00ee,591817,275
2951518,2019-01-06T11:00:10.147Z,19010611,XBTUSD,Buy,2066,3820.5,ZeroPlusTick,5d72d05e-bf54-14f9-19d5-af9e16854812,593883,276
2951525,2019-01-06T11:00:10.147Z,19010611,XBTUSD,Buy,100,3820.5,ZeroPlusTick,9493f353-1cb5-ad4f-4869-502d3ec8c2c2,593983,277
2951539,2019-01-06T11:00:10.147Z,19010611,XBTUSD,Buy,50,3820.5,ZeroPlusTick,b31f4e0d-ad03-09c4-c57c-327f92dc17ba,594033,278
2951564,2019-01-06T11:00:13.031Z,19010611,XBTUSD,Buy,1638,3820.5,ZeroPlusTick,c5f9785f-d62f-1ebe-7abb-281043ffa78b,595671,279
2951568,2019-01-06T11:00:13.556Z,19010611,XBTUSD,Sell,5,3820,ZeroMinusTick,bff0b0d6-b48f-a779-5f62-9a4e28dfca21,595676,280
2951569,2019-01-06T11:00:13.675Z,19010611,XBTUSD,Buy,200,3820.5,PlusTick,c9d69803-c643-d57b-de8c-649cfdcbdeaa,595876,281
2951576,2019-01-06T11:00:14.194Z,19010611,XBTUSD,Buy,2000,3820.5,ZeroPlusTick,74d2c71c-97b1-ba15-fd02-8699d74d3764,597876,282
2951587,2019-01-06T11:00:14.296Z,19010611,XBTUSD,Buy,1529,3820.5,ZeroPlusTick,15b21f5a-7da6-73cf-f965-01f98a216e26,599405,283
2951662,2019-01-06T11:00:18.300Z,19010611,XBTUSD,Buy,620,3820.5,ZeroPlusTick,0e9ceb1a-e1d0-eb9d-2cf7-92041e7ff758,600025,284
2951669,2019-01-06T11:00:18.300Z,19010611,XBTUSD,Buy,620,3820.5,ZeroPlusTick,0bf7377e-0a36-d2e9-fae2-544ef7585ae4,600645,285
2951687,2019-01-06T11:00:19.219Z,19010611,XBTUSD,Buy,191,3820.5,ZeroPlusTick,6a906e59-ef54-bbc1-5a0c-25d8748f75e4,600836,286
2951696,2019-01-06T11:00:19.304Z,19010611,XBTUSD,Buy,100,3821,PlusTick,5dcbf872-8d29-7c33-ebc1-b71ed9e61aa6,600936,287
2951707,2019-01-06T11:00:19.707Z,19010611,XBTUSD,Buy,30,3821,ZeroPlusTick,b8b9a1e6-156e-7c9b-9257-f507dc67336b,600966,288
2951742,2019-01-06T11:00:21.527Z,19010611,XBTUSD,Buy,1218,3821,ZeroPlusTick,e34553d8-bc0a-7fce-f2d5-1e9c920aca5c,602184,289
2951751,2019-01-06T11:00:22.130Z,19010611,XBTUSD,Buy,500,3821,ZeroPlusTick,a17e908e-50de-6e91-c77b-89d63f553a60,602684,290
2951762,2019-01-06T11:00:22.130Z,19010611,XBTUSD,Buy,520,3821,ZeroPlusTick,d631c863-a94d-53a6-8088-542054bd47e0,603204,291
2951770,2019-01-06T11:00:22.130Z,19010611,XBTUSD,Buy,124,3821.5,ZeroPlusTick,d2a1ee23-c212-2129-1215-ce82c786b19d,603328,292
2951782,2019-01-06T11:00:22.130Z,19010611,XBTUSD,Buy,30,3821.5,ZeroPlusTick,fac5ff82-f43b-1ea1-a0aa-333f7722cef6,603358,293
2951789,2019-01-06T11:00:22.130Z,19010611,XBTUSD,Buy,5000,3821.5,ZeroPlusTick,adbd2045-88b6-3180-986e-174ba251bf04,608358,294
2951800,2019-01-06T11:00:22.130Z,19010611,XBTUSD,Buy,27,3822,ZeroPlusTick,be38e8af-32b6-8e2c-35ab-79899a30c38b,608385,295
2951814,2019-01-06T11:00:22.885Z,19010611,XBTUSD,Buy,10,3822,ZeroPlusTick,4e232b12-1669-ca0d-92e4-1a527c767154,608395,296
2951887,2019-01-06T11:00:24.938Z,19010611,XBTUSD,Buy,8129,3822,ZeroPlusTick,eaf6d5a6-676a-a64b-01ae-32c589c32e2c,616524,297
2951413,2019-01-06T11:00:06.933Z,19010611,XBTUSD,Buy,10,3820.5,ZeroPlusTick,05f6d728-0d44-790e-a215-ab1651214d84,616534,298
2951419,2019-01-06T11:00:06.933Z,19010611,XBTUSD,Buy,1000,3820.5,ZeroPlusTick,1f1a54bd-65ca-0651-bce4-4306561a306f,617534,299
2951456,2019-01-06T11:00:09.593Z,19010611,XBTUSD,Buy,3851,3820.5,PlusTick,cfc39b62-3fdf-48dc-7733-271181dc4275,621385,300
2951488,2019-01-06T11:00:10.147Z,19010611,XBTUSD,Buy,7457,3820.5,ZeroPlusTick,a492528f-ccb9-ea3e-0600-d3bee8d80818,628842,301
2951500,2019-01-06T11:00:10.147Z,19010611,XBTUSD,Buy,5010,3820.5,ZeroPlusTick,ef3dcbe5-1ce3-fbd4-c2b1-930c00d77050,633852,302
2951508,2019-01-06T11:00:10.147Z,19010611,XBTUSD,Buy,620,3820.5,ZeroPlusTick,d8aa8f1d-6280-5fd8-8c19-a33f0367e943,634472,303
2951519,2019-01-06T11:00:10.147Z,19010611,XBTUSD,Buy,2066,3820.5,ZeroPlusTick,67d50c59-bdfe-3c50-ac83-d7dab77371df,636538,304
2951527,2019-01-06T11:00:10.147Z,19010611,XBTUSD,Buy,625,3820.5,ZeroPlusTick,4adbf43f-1fc8-848c-ea3f-3706172cd3cb,637163,305
2951538,2019-01-06T11:00:10.147Z,19010611,XBTUSD,Buy,15,3820.5,ZeroPlusTick,a603c592-34bd-3b3f-4059-fe71f797d9c4,637178,306
2951551,2019-01-06T11:00:11.548Z,19010611,XBTUSD,Buy,526,3820.5,PlusTick,89ad012b-0ecf-9eb3-09b8-10a4ae31e2af,637704,307
2951560,2019-01-06T11:00:12.186Z,19010611,XBTUSD,Buy,9897,3820.5,ZeroPlusTick,720a72a1-e3a9-27d2-ce2b-117d09338552,647601,308
2951570,2019-01-06T11:00:14.194Z,19010611,XBTUSD,Buy,14589,3820.5,ZeroPlusTick,e9952846-08b9-0db5-ac2b-e8b992e04926,662190,309
2951574,2019-01-06T11:00:14.194Z,19010611,XBTUSD,Buy,625,3820.5,ZeroPlusTick,97416d1a-15e6-7164-93b6-41d1217f519c,662815,310
2951584,2019-01-06T11:00:14.194Z,19010611,XBTUSD,Buy,2000,3820.5,ZeroPlusTick,14c1da91-cfd9-1be3-b7df-59a8022f9d9c,664815,311
2951626,2019-01-06T11:00:16.590Z,19010611,XBTUSD,Buy,500,3820.5,ZeroPlusTick,0ad340cc-76e7-03f9-d6d2-724572a63a28,665315,312
2951653,2019-01-06T11:00:17.655Z,19010611,XBTUSD,Buy,357,3820.5,ZeroPlusTick,107e2e14-7a01-8d60-c0f4-37f567fc05ba,665672,313
2951661,2019-01-06T11:00:18.300Z,19010611,XBTUSD,Buy,1700,3820.5,ZeroPlusTick,d7ba9caf-8d5c-d40d-61ad-044fbbcd71b0,667372,314
2951672,2019-01-06T11:00:18.300Z,19010611,XBTUSD,Buy,75,3820.5,ZeroPlusTick,8ec08244-4c03-ae57-a304-03fdd805b0a7,667447,315
2951680,2019-01-06T11:00:18.541Z,19010611,XBTUSD,Buy,306,3820.5,PlusTick,557738fe-b49b-3f31-0601-3f32a4209f27,667753,316
2951690,2019-01-06T11:00:19.219Z,19010611,XBTUSD,Buy,3820,3820.5,ZeroPlusTick,a83ba3ef-dbaa-1e43-d256-7cee8dbcb8b6,671573,317
2951695,2019-01-06T11:00:19.219Z,19010611,XBTUSD,Buy,34,3820.5,ZeroPlusTick,5d685908-121e-45c2-4a6e-028362bb6849,671607,318
2951704,2019-01-06T11:00:19.707Z,19010611,XBTUSD,Buy,11,3821,ZeroPlusTick,5ef207c3-bb90-fff1-019f-9a1f101ead1e,671618,319
2951738,2019-01-06T11:00:21.291Z,19010611,XBTUSD,Buy,150,3821,ZeroPlusTick,ec2185d0-4c3e-93bf-1149-ebb86c8c7474,671768,320
2951740,2019-01-06T11:00:21.527Z,19010611,XBTUSD,Buy,2577,3821,ZeroPlusTick,9d7984c8-eb2c-0307-d76c-580186d90d11,674345,321
2951750,2019-01-06T11:00:22.130Z,19010611,XBTUSD,Buy,1900,3821,ZeroPlusTick,f05c940f-3ac8-f8e6-a687-8144defe332b,676245,322
2951761,2019-01-06T11:00:22.130Z,19010611,XBTUSD,Buy,625,3821,ZeroPlusTick,97245d2a-96c3-b9f1-ec2c-c64c78c79165,676870,323
2951772,2019-01-06T11:00:22.130Z,19010611,XBTUSD,Buy,500,3821.5,ZeroPlusTick,adffe884-9657-c985-19a9-6a3adec5f2e0,677370,324
2951781,2019-01-06T11:00:22.130Z,19010611,XBTUSD,Buy,30,3821.5,ZeroPlusTick,7beb3142-4c52-6f2c-6dc0-deceaa061ed2,677400,325
2951791,2019-01-06T11:00:22.130Z,19010611,XBTUSD,Buy,37000,3821.5,ZeroPlusTick,7646f144-3576-a52d-ea81-91af97b538ac,714400,326
2951802,2019-01-06T11:00:22.130Z,19010611,XBTUSD,Buy,11,3822,ZeroPlusTick,f693dda4-5da8-a342-b333-db612e486a78,714411,327
2951812,2019-01-06T11:00:22.762Z,19010611,XBTUSD,Buy,5561,3822,ZeroPlusTick,01069d75-8347-d1e1-962c-117184065b6f,719972,328
2951841,2019-01-06T11:00:23.481Z,19010611,XBTUSD,Buy,233,3822,ZeroPlusTick,fc7680fb-f72a-356b-de17-9c562d357682,720205,329
2951893,2019-01-06T11:00:24.938Z,19010611,XBTUSD,Buy,8000,3822,ZeroPlusTick,aa3d9bd2-cffe-a2de-9f4b-3fe7ac616dc6,728205,330
2951910,2019-01-06T11:00:25.890Z,19010611,XBTUSD,Buy,360,3822,ZeroPlusTick,e9e0e8fc-d100-96bc-16a5-3048199b1206,728565,331
2951934,2019-01-06T11:00:26.106Z,19010611,XBTUSD,Buy,100,3822,ZeroPlusTick,3a6ac6cb-d21a-6afb-cdea-6c316d751f93,728665,332
2951430,2019-01-06T11:00:07.217Z,19010611,XBTUSD,Buy,160,3820.5,ZeroPlusTick,8e8fdc59-42ec-c7af-0d08-4f3bf4528f26,728825,333
2951431,2019-01-06T11:00:07.259Z,19010611,XBTUSD,Sell,50,3820,MinusTick,c4644e00-a348-4635-9d60-e2390333bffb,728875,334
2951433,2019-01-06T11:00:07.625Z,19010611,XBTUSD,Buy,600,3820.5,PlusTick,7dc9e0c8-d948-95d9-2751-6d7f321a720e,729475,335
2951449,2019-01-06T11:00:08.030Z,19010611,XBTUSD,Buy,1,3820.5,ZeroPlusTick,85b1486d-39f4-20ce-9118-c5c86496139d,729476,336
2951461,2019-01-06T11:00:09.620Z,19010611,XBTUSD,Buy,4995,3820.5,ZeroPlusTick,ec4021d5-1ff4-1768-84d5-a9194c1409d1,734471,337
2951483,2019-01-06T11:00:10.118Z,19010611,XBTUSD,Buy,1971,3820.5,ZeroPlusTick,a04c6f4f-74b6-3734-4bd1-5e878c1b0283,736442,338
2951495,2019-01-06T11:00:10.147Z,19010611,XBTUSD,Buy,1,3820.5,ZeroPlusTick,894b6084-693b-f8ae-8f5b-648e01c7b709,736443,339
2951502,2019-01-06T11:00:10.147Z,19010611,XBTUSD,Buy,2,3820.5,ZeroPlusTick,ebff448f-115e-f871-9a51-898ff6b57b2f,736445,340
2951512,2019-01-06T11:00:10.147Z,19010611,XBTUSD,Buy,620,3820.5,ZeroPlusTick,e90807c4-b787-eda6-a275-c935e6339b7d,737065,341
2951523,2019-01-06T11:00:10.147Z,19010611,XBTUSD,Buy,2066,3820.5,ZeroPlusTick,50017b62-7276-bfab-fc2f-e418480766d6,739131,342
2951531,2019-01-06T11:00:10.147Z,19010611,XBTUSD,Buy,10,3820.5,ZeroPlusTick,72fd3c70-a199-5a2e-ec4d-3ae2f20bef83,739141,343
2951544,2019-01-06T11:00:10.147Z,19010611,XBTUSD,Buy,74,3820.5,ZeroPlusTick,78a8491d-127e-194b-e57f-c6ed30b89210,739215,344
2951550,2019-01-06T11:00:10.995Z,19010611,XBTUSD,Sell,2974,3820,MinusTick,e56674ca-c0e7-519f-4208-6d5a47e094c0,742189,345
2951580,2019-01-06T11:00:14.194Z,19010611,XBTUSD,Buy,10000,3820.5,ZeroPlusTick,9944d5cb-a874-23b9-5777-56123a35b64d,752189,346
2951591,2019-01-06T11:00:14.612Z,19010611,XBTUSD,Buy,3050,3820.5,ZeroPlusTick,c99c1ed6-d0f4-8ff7-0f8c-6f72ed212deb,755239,347
2951598,2019-01-06T11:00:15.033Z,19010611,XBTUSD,Buy,675,3820.5,ZeroPlusTick,088e801b-bfbd-88be-b2ac-4bb5bdd73df7,755914,348
2951625,2019-01-06T11:00:16.502Z,19010611,XBTUSD,Buy,78,3820.5,ZeroPlusTick,a061ceb0-464e-53b1-b0b4-c7ce7faca623,755992,349
2951640,2019-01-06T11:00:17.085Z,19010611,XBTUSD,Buy,1408,3820.5,ZeroPlusTick,87496ad6-501f-0fd5-32bd-1a4c39d4da4e,757400,350
2951663,2019-01-06T11:00:18.300Z,19010611,XBTUSD,Buy,620,3820.5,ZeroPlusTick,4331e36f-dad9-4ac6-a7bd-7733052aaa7b,758020,351
2951677,2019-01-06T11:00:18.357Z,19010611,XBTUSD,Sell,200,3820,MinusTick,a6759cba-2828-1251-d09c-a6c907ecd142,758220,352
2951699,2019-01-06T11:00:19.304Z,19010611,XBTUSD,Buy,165,3821,ZeroPlusTick,5cadd29f-d45f-efb2-dd19-2e2e629dce35,758385,353
2951702,2019-01-06T11:00:19.707Z,19010611,XBTUSD,Buy,30,3821,ZeroPlusTick,a563b38a-c885-aafa-de99-f7bd1eeeb567,758415,354
2951711,2019-01-06T11:00:19.707Z,19010611,XBTUSD,Buy,1326,3821,ZeroPlusTick,9cee31ca-4947-dfcc-597e-85e964e51e0b,759741,355
2951745,2019-01-06T11:00:22.130Z,19010611,XBTUSD,Buy,12282,3821,ZeroPlusTick,49e3f21f-1215-8795-0dc0-6456d9975d03,772023,356
2951758,2019-01-06T11:00:22.130Z,19010611,XBTUSD,Buy,13000,3821,ZeroPlusTick,32d576cc-3362-5791-7edc-050058760a24,785023,357
2951766,2019-01-06T11:00:22.130Z,19010611,XBTUSD,Buy,520,3821.5,PlusTick,5548ae36-9c1d-7b8f-9efc-4b28812db307,785543,358
2951777,2019-01-06T11:00:22.130Z,19010611,XBTUSD,Buy,250,3821.5,ZeroPlusTick,04b678f6-5339-159a-eecd-a58d1e7e983f,785793,359
2951784,2019-01-06T11:00:22.130Z,19010611,XBTUSD,Buy,1000,3821.5,ZeroPlusTick,602083cc-f090-f1be-e4f3-36540eb7dc55,786793,360
2951797,2019-01-06T11:00:22.130Z,19010611,XBTUSD,Buy,165,3822,ZeroPlusTick,260fa810-8e21-bdd8-8954-ea3e07ea3de8,786958,361
2951808,2019-01-06T11:00:22.130Z,19010611,XBTUSD,Buy,234,3822,ZeroPlusTick,cca7e95d-c83b-20b1-968c-19db4b032b51,787192,362
2951817,2019-01-06T11:00:22.211Z,19010611,XBTUSD,Buy,500,3822,ZeroPlusTick,cb030584-10e1-ed2d-0ab6-ae70f0dc4631,787692,363
2951838,2019-01-06T11:00:23.481Z,19010611,XBTUSD,Buy,78,3822,ZeroPlusTick,82dde926-9d04-5c43-e79b-af7674e3c643,787770,364
2951894,2019-01-06T11:00:24.938Z,19010611,XBTUSD,Buy,520,3822,ZeroPlusTick,85a22735-6342-ee2c-93fd-9a6b2b8282db,788290,365
2951932,2019-01-06T11:00:26.106Z,19010611,XBTUSD,Buy,265,3822,ZeroPlusTick,fedc1886-4e94-448d-12e9-887c5bea78e3,788555,366
2951936,2019-01-06T11:00:26.119Z,19010611,XBTUSD,Buy,2478,3822,ZeroPlusTick,9aab046b-4ac5-2444-4112-226f80b062db,791033,367
2951937,2019-01-06T11:00:26.195Z,19010611,XBTUSD,Buy,99,3822,ZeroPlusTick,a7f9a1c8-66b1-3264-7198-afa909ba4c41,791132,368
2951942,2019-01-06T11:00:26.307Z,19010611,XBTUSD,Buy,8000,3822,ZeroPlusTick,35c0929d-79af-fb0e-9a20-d6ad527c39b5,799132,369
2951945,2019-01-06T11:00:26.494Z,19010611,XBTUSD,Buy,27,3822.5,ZeroPlusTick,adb0748f-3b96-1e2b-f644-3ae023fa1cb0,799159,370
2951960,2019-01-06T11:00:28.320Z,19010611,XBTUSD,Buy,65,3822.5,ZeroPlusTick,92242d17-1f75-e8d1-bb1d-3aa59b8c32db,799224,371
2951484,2019-01-06T11:00:10.118Z,19010611,XBTUSD,Buy,50,3820.5,ZeroPlusTick,3c1d2e28-5192-c5a4-57e7-777b5f3dc1f0,799274,372
2951491,2019-01-06T11:00:10.147Z,19010611,XBTUSD,Buy,29,3820.5,ZeroPlusTick,d071ba15-617f-bc8e-9273-5d579c2ca975,799303,373
2951504,2019-01-06T11:00:10.147Z,19010611,XBTUSD,Buy,382,3820.5,ZeroPlusTick,6a8779d5-598f-e00d-0147-4c29af9d00b8,799685,374
2951515,2019-01-06T11:00:10.147Z,19010611,XBTUSD,Buy,620,3820.5,ZeroPlusTick,1117c547-71df-7a68-a5bf-86a2ee3ee543,800305,375
2951528,2019-01-06T11:00:10.147Z,19010611,XBTUSD,Buy,625,3820.5,ZeroPlusTick,be220c4d-7cdb-e6cc-4a88-cc95680f41a4,800930,376
2951540,2019-01-06T11:00:10.147Z,19010611,XBTUSD,Buy,70,3820.5,ZeroPlusTick,e4fb2f8b-d44b-40ef-6fef-c36f8341f10d,801000,377
2951547,2019-01-06T11:00:10.488Z,19010611,XBTUSD,Buy,1147,3820.5,PlusTick,f1596859-d93a-06a1-84d2-e59d69f1c2ed,802147,378
2951566,2019-01-06T11:00:13.380Z,19010611,XBTUSD,Sell,300,3820,MinusTick,6f6ab2cd-60c5-658e-3b0b-75aba6da5073,802447,379
2951573,2019-01-06T11:00:14.194Z,19010611,XBTUSD,Buy,625,3820.5,ZeroPlusTick,665030e1-fb05-bf5d-8596-5e623469706d,803072,380
2951583,2019-01-06T11:00:14.194Z,19010611,XBTUSD,Buy,10000,3820.5,ZeroPlusTick,c62534e9-e80e-2950-e022-5e74182ac6c7,813072,381
2951590,2019-01-06T11:00:14.612Z,19010611,XBTUSD,Buy,972,3820.5,ZeroPlusTick,df50141f-825b-7367-d63a-b32f0200c67a,814044,382
2951643,2019-01-06T11:00:17.474Z,19010611,XBTUSD,Buy,3827,3820.5,ZeroPlusTick,538a4b5a-140c-4ba0-3e64-b221b14a6e4c,817871,383
2951660,2019-01-06T11:00:18.300Z,19010611,XBTUSD,Buy,520,3820.5,ZeroPlusTick,dc9904d2-ea40-58a9-626f-906b74ac977d,818391,384
2951670,2019-01-06T11:00:18.300Z,19010611,XBTUSD,Buy,620,3820.5,ZeroPlusTick,87951975-9fbc-1198-c194-07311e76a761,819011,385
2951688,2019-01-06T11:00:19.219Z,19010611,XBTUSD,Buy,120,3820.5,ZeroPlusTick,a48feafd-a6e2-d945-535f-3d4530ba6cdd,819131,386
2951692,2019-01-06T11:00:19.219Z,19010611,XBTUSD,Buy,885,3820.5,ZeroPlusTick,a2ae3b98-2d0d-10e7-079c-6f1bceafdf32,820016,387
2951709,2019-01-06T11:00:19.707Z,19010611,XBTUSD,Buy,30,3821,ZeroPlusTick,86accf23-2dc5-ac88-721b-bfe2c8f56fbd,820046,388
2951748,2019-01-06T11:00:22.130Z,19010611,XBTUSD,Buy,200,3821,ZeroPlusTick,a6b3b4a3-178c-34a1-8742-acbaaada7bab,820246,389
2951754,2019-01-06T11:00:22.130Z,19010611,XBTUSD,Buy,10000,3821,ZeroPlusTick,e44a03f7-7ae0-2e45-b196-35cbf7bac34f,830246,390
2951768,2019-01-06T11:00:22.130Z,19010611,XBTUSD,Buy,512,3821.5,ZeroPlusTick,4e5a3fae-58b2-7cfb-4de4-26480b977385,830758,391
2951776,2019-01-06T11:00:22.130Z,19010611,XBTUSD,Buy,218,3821.5,ZeroPlusTick,7fb43b96-c44d-d25b-d316-e11d4ce91505,830976,392
2951785,2019-01-06T11:00:22.130Z,19010611,XBTUSD,Buy,1152,3821.5,ZeroPlusTick,5c4bbd26-07e7-f463-e230-ee54145200ee,832128,393
2951795,2019-01-06T11:00:22.130Z,19010611,XBTUSD,Buy,81,3821.5,ZeroPlusTick,288d84dc-270f-9ab4-f58c-8e2fb90e1fc7,832209,394
2951807,2019-01-06T11:00:22.130Z,19010611,XBTUSD,Buy,500,3822,ZeroPlusTick,94d7b63f-8bde-e9ce-a5c8-8111af0ea132,832709,395
2951890,2019-01-06T11:00:24.938Z,19010611,XBTUSD,Buy,50,3822,ZeroPlusTick,b194d466-aaf2-ba8b-f679-4b2986a3956e,832759,396
2951941,2019-01-06T11:00:26.307Z,19010611,XBTUSD,Buy,185,3822,ZeroPlusTick,f8b77e15-db76-0104-f738-8940d577738a,832944,397
2951948,2019-01-06T11:00:26.494Z,19010611,XBTUSD,Buy,11,3822.5,ZeroPlusTick,ab99fb63-dbe8-fc5b-a4d0-c2b2344b75a5,832955,398
2951963,2019-01-06T11:00:28.356Z,19010611,XBTUSD,Buy,11,3822.5,ZeroPlusTick,f12367c6-9c63-e071-9fd2-cb240b678087,832966,399
2951974,2019-01-06T11:00:28.743Z,19010611,XBTUSD,Buy,232,3822.5,ZeroPlusTick,377f745f-e6eb-1bf6-d0be-eb56cac13761,833198,400
2951989,2019-01-06T11:00:29.518Z,19010611,XBTUSD,Buy,200,3822.5,ZeroPlusTick,f6643243-a4ee-58db-fa86-ff9cabcb5250,833398,401
2952000,2019-01-06T11:00:29.671Z,19010611,XBTUSD,Buy,458,3822.5,ZeroPlusTick,839bc8d0-f886-168c-3628-cc4af279b2bc,833856,402
2952007,2019-01-06T11:00:29.755Z,19010611,XBTUSD,Buy,10,3822.5,ZeroPlusTick,3fcdaf50-7d8b-06cb-6ffd-f9d2ffb2a70a,833866,403
2952037,2019-01-06T11:00:31.481Z,19010611,XBTUSD,Buy,34,3822.5,ZeroPlusTick,ac9ee409-fa9e-da56-b435-fe44ea2b2c5d,833900,404
2952042,2019-01-06T11:00:31.524Z,19010611,XBTUSD,Buy,2,3823,ZeroPlusTick,3de0d04e-dad4-7477-b65d-096b5647133a,833902,405
2952044,2019-01-06T11:00:31.584Z,19010611,XBTUSD,Buy,224,3823,ZeroPlusTick,c2047c7d-f2bd-ad95-ee88-befa8b125c0c,834126,406
2951571,2019-01-06T11:00:14.194Z,19010611,XBTUSD,Buy,144,3820.5,ZeroPlusTick,9e25d02c-0e33-e976-b5d2-d8ee9564abb9,834270,407
2951581,2019-01-06T11:00:14.194Z,19010611,XBTUSD,Buy,100,3820.5,ZeroPlusTick,e79efe49-cee0-0465-04c0-61d8fe56c488,834370,408
2951627,2019-01-06T11:00:16.598Z,19010611,XBTUSD,Sell,39,3820,MinusTick,af795b0d-350a-dfe8-fccf-fffa8de9f3e5,834409,409
2951644,2019-01-06T11:00:17.498Z,19010611,XBTUSD,Buy,122,3820.5,ZeroPlusTick,dd7d70ee-40d3-4b44-91a6-44b955ed6a63,834531,410
2951665,2019-01-06T11:00:18.300Z,19010611,XBTUSD,Buy,620,3820.5,ZeroPlusTick,82a36c20-09ac-5546-b865-27bbc048abda,835151,411
2951673,2019-01-06T11:00:18.300Z,19010611,XBTUSD,Buy,625,3820.5,ZeroPlusTick,c6e4e955-7aa3-29ab-f5b0-47747677ac01,835776,412
2951683,2019-01-06T11:00:19.219Z,19010611,XBTUSD,Buy,2937,3820.5,ZeroPlusTick,5e3df37e-841e-46d6-1bb2-528ad1128154,838713,413
2951693,2019-01-06T11:00:19.219Z,19010611,XBTUSD,Buy,520,3820.5,ZeroPlusTick,3a6ff15c-69ce-8bcb-5c55-70e0710dc180,839233,414
2951708,2019-01-06T11:00:19.707Z,19010611,XBTUSD,Buy,30,3821,ZeroPlusTick,cdb468ac-96aa-2073-8884-61995ac9bab9,839263,415
2951728,2019-01-06T11:00:20.481Z,19010611,XBTUSD,Sell,763,3820.5,MinusTick,c014a685-781f-c043-33ab-2415947afc11,840026,416
2951747,2019-01-06T11:00:22.130Z,19010611,XBTUSD,Buy,3900,3821,ZeroPlusTick,b4181bce-072a-c71f-f912-e36c5b0f086b,843926,417
2951756,2019-01-06T11:00:22.130Z,19010611,XBTUSD,Buy,50,3821,ZeroPlusTick,24b3f1f1-250f-3df8-c40a-7fa969f91f81,843976,418
2951765,2019-01-06T11:00:22.130Z,19010611,XBTUSD,Buy,21,3821,ZeroPlusTick,a260afff-4396-7270-7a61-fdce65fb3375,843997,419
2951778,2019-01-06T11:00:22.130Z,19010611,XBTUSD,Buy,30,3821.5,ZeroPlusTick,efd53fe5-5357-b69a-b236-f7559cdb9589,844027,420
2951787,2019-01-06T11:00:22.130Z,19010611,XBTUSD,Buy,50,3821.5,ZeroPlusTick,1dea88bf-7954-6879-1dbc-b3b743cee74c,844077,421
2951796,2019-01-06T11:00:22.130Z,19010611,XBTUSD,Buy,520,3822,PlusTick,87568a36-3bf8-ed6e-33cc-f9ed1d06b3e9,844597,422
2951806,2019-01-06T11:00:22.130Z,19010611,XBTUSD,Buy,15,3822,ZeroPlusTick,9e996770-7a70-4d5e-51ac-fd3c341ef788,844612,423
2951839,2019-01-06T11:00:23.481Z,19010611,XBTUSD,Buy,124,3822,ZeroPlusTick,11f7296f-c819-0cce-5c02-a081d5ebdb9e,844736,424
2951849,2019-01-06T11:00:24.333Z,19010611,XBTUSD,Buy,1733,3822,ZeroPlusTick,03611cfe-fe43-450e-05ce-a5393cd2ba7c,846469,425
2951854,2019-01-06T11:00:24.665Z,19010611,XBTUSD,Buy,128,3822,ZeroPlusTick,e5107306-f715-c6a1-d46b-d9bd48b04249,846597,426
2951859,2019-01-06T11:00:24.752Z,19010611,XBTUSD,Buy,10,3822,ZeroPlusTick,b518fc5c-727a-9c15-6976-70d171d820f3,846607,427
2951888,2019-01-06T11:00:24.938Z,19010611,XBTUSD,Buy,50,3822,ZeroPlusTick,9ac01b6e-d481-ff71-26bf-b36f8843b9c0,846657,428
2951905,2019-01-06T11:00:25.890Z,19010611,XBTUSD,Buy,10,3822,ZeroPlusTick,835883b9-6b9c-4af1-bf3b-ffffa610b3f7,846667,429
2951907,2019-01-06T11:00:25.890Z,19010611,XBTUSD,Buy,103,3822,ZeroPlusTick,2bc39f4b-7e04-f79c-fb10-f77bacf1da20,846770,430
2951940,2019-01-06T11:00:26.307Z,19010611,XBTUSD,Buy,520,3822,ZeroPlusTick,826b73ad-1860-3c4e-07b5-74389496b693,847290,431
2951946,2019-01-06T11:00:26.494Z,19010611,XBTUSD,Buy,165,3822.5,ZeroPlusTick,e0cff879-b37a-10ea-0883-5d4533442e47,847455,432
2951961,2019-01-06T11:00:28.320Z,19010611,XBTUSD,Buy,34,3822.5,ZeroPlusTick,9a5ab664-be92-4c2a-42e8-fc51edc83878,847489,433
2951967,2019-01-06T11:00:28.379Z,19010611,XBTUSD,Buy,3842,3822.5,ZeroPlusTick,2762dee9-4a60-e818-156e-153b023faa19,851331,434
2951978,2019-01-06T11:00:28.784Z,19010611,XBTUSD,Buy,902,3822.5,PlusTick,cd36f92e-d455-088b-4dd9-c7a0a20d0c30,852233,435
2951983,2019-01-06T11:00:29.224Z,19010611,XBTUSD,Buy,249,3822.5,ZeroPlusTick,fd4b5cec-3b01-5efe-4f99-e2b906832fed,852482,436
2951998,2019-01-06T11:00:29.643Z,19010611,XBTUSD,Buy,207,3822.5,ZeroPlusTick,4e920970-bf21-0248-dfed-05e8f458ab22,852689,437
2952010,2019-01-06T11:00:29.850Z,19010611,XBTUSD,Buy,57,3822.5,ZeroPlusTick,f954e81c-67b1-af65-86b1-1535994ef9ce,852746,438
2952017,2019-01-06T11:00:30.023Z,19010611,XBTUSD,Buy,1000,3822.5,ZeroPlusTick,861886fc-938b-7efd-acd6-206715441fdb,853746,439
2951579,2019-01-06T11:00:14.194Z,19010611,XBTUSD,Buy,191,3820.5,ZeroPlusTick,6ab02068-6b63-2806-e483-25418eaaa68b,853937,440
2951585,2019-01-06T11:00:14.194Z,19010611,XBTUSD,Buy,70,3820.5,ZeroPlusTick,127a5ceb-891e-14a1-5722-f8d5938d959d,854007,441
2951648,2019-01-06T11:00:17.541Z,19010611,XBTUSD,Buy,5075,3820.5,ZeroPlusTick,6107ff00-a9f8-ff06-d6ec-274f2bcbf16a,859082,442
2951667,2019-01-06T11:00:18.300Z,19010611,XBTUSD,Buy,620,3820.5,ZeroPlusTick,ea4d3896-cc56-078d-26fd-9c1cb6978acb,859702,443
2951684,2019-01-06T11:00:19.219Z,19010611,XBTUSD,Buy,11,3820.5,ZeroPlusTick,3b38f086-9bb9-1b88-e171-314f4a4fe057,859713,444
2951697,2019-01-06T11:00:19.304Z,19010611,XBTUSD,Buy,520,3821,ZeroPlusTick,12affdd1-07e1-77ce-456c-43155ef1f3dc,860233,445
2951706,2019-01-06T11:00:19.707Z,19010611,XBTUSD,Buy,30,3821,ZeroPlusTick,cdd4d04c-7fbe-d7ab-227c-8396f24aaacc,860263,446
2951743,2019-01-06T11:00:21.594Z,19010611,XBTUSD,Buy,1500,3821,ZeroPlusTick,1e8789d1-c879-2154-9ce3-bc8732ea919b,861763,447
2951757,2019-01-06T11:00:22.130Z,19010611,XBTUSD,Buy,120,3821,ZeroPlusTick,c4a954c5-c0e9-4a78-a0ba-aa6533529596,861883,448
2951764,2019-01-06T11:00:22.130Z,19010611,XBTUSD,Buy,57,3821,ZeroPlusTick,acd22bca-3cdf-6697-9c64-e1ea1056b03b,861940,449
2951775,2019-01-06T11:00:22.130Z,19010611,XBTUSD,Buy,11,3821.5,ZeroPlusTick,43010feb-cad6-8206-785b-eb4f7ea00ffb,861951,450
2951788,2019-01-06T11:00:22.130Z,19010611,XBTUSD,Buy,166,3821.5,ZeroPlusTick,9afa5fe2-c6a4-5874-b4e6-cab7817d7b43,862117,451
2951794,2019-01-06T11:00:22.130Z,19010611,XBTUSD,Buy,191,3821.5,ZeroPlusTick,f56290c2-4213-503a-ce2b-9158aa095e04,862308,452
2951805,2019-01-06T11:00:22.130Z,19010611,XBTUSD,Buy,11,3822,ZeroPlusTick,d66b8071-393d-dd17-6ed5-ac5930d70295,862319,453
2951840,2019-01-06T11:00:23.481Z,19010611,XBTUSD,Buy,80,3822,ZeroPlusTick,35f1f2a0-551f-de7c-d04a-d8719b490878,862399,454
2951892,2019-01-06T11:00:24.938Z,19010611,XBTUSD,Buy,191,3822,ZeroPlusTick,66776afe-4854-a9fe-4b27-d41296e09c88,862590,455
2951906,2019-01-06T11:00:25.890Z,19010611,XBTUSD,Buy,120,3822,ZeroPlusTick,49a8d3d8-6291-452a-d868-9da06efb3d48,862710,456
2951950,2019-01-06T11:00:26.494Z,19010611,XBTUSD,Buy,51,3822.5,ZeroPlusTick,04626576-18f4-3689-6bf2-efe97a466db0,862761,457
2951964,2019-01-06T11:00:28.356Z,19010611,XBTUSD,Buy,189,3822.5,ZeroPlusTick,496f41a8-1dd9-18df-a0e5-c15fa1bd0254,862950,458
2951992,2019-01-06T11:00:29.568Z,19010611,XBTUSD,Buy,601,3822.5,ZeroPlusTick,b2d908e5-86f9-5a89-aad9-1c77a8c5f7e7,863551,459
2952001,2019-01-06T11:00:29.678Z,19010611,XBTUSD,Buy,236,3822.5,ZeroPlusTick,5fe0ef3f-364c-b51c-80d2-4ebaeedc2f5a,863787,460
2952009,2019-01-06T11:00:29.850Z,19010611,XBTUSD,Buy,483,3822.5,ZeroPlusTick,02d6a68a-128f-b97a-67dc-17b47b31a912,864270,461
2952030,2019-01-06T11:00:31.410Z,19010611,XBTUSD,Buy,115,3822.5,ZeroPlusTick,60889323-abe8-4a5a-e49c-6bbc279fd1aa,864385,462
2952035,2019-01-06T11:00:31.481Z,19010611,XBTUSD,Buy,45,3822.5,ZeroPlusTick,edcbb7af-22cb-fc72-a2fe-7b4c6a1650cf,864430,463
2952049,2019-01-06T11:00:31.740Z,19010611,XBTUSD,Buy,11,3823,ZeroPlusTick,6dc3a3a9-ad00-95a2-bdb9-cede3fb9349e,864441,464
2952066,2019-01-06T11:00:33.551Z,19010611,XBTUSD,Buy,1000,3823,ZeroPlusTick,bfa80964-f308-5e46-496c-fcf445cf0d63,865441,465
2952081,2019-01-06T11:00:34.927Z,19010611,XBTUSD,Buy,1000,3823,ZeroPlusTick,e791dffc-6fe9-a862-c274-8d85bdc87c4e,866441,466
2952085,2019-01-06T11:00:34.927Z,19010611,XBTUSD,Buy,10000,3823,ZeroPlusTick,b5cc07e8-0f79-501c-e926-b31f100064c0,876441,467
2952107,2019-01-06T11:00:35.307Z,19010611,XBTUSD,Buy,500,3823,ZeroPlusTick,3c791195-7367-9e30-3ce7-e52429c75a0d,876941,468
2952108,2019-01-06T11:00:35.317Z,19010611,XBTUSD,Buy,400,3823,ZeroPlusTick,70c202a8-6685-fc95-47c9-22a3d3748d5d,877341,469
2952109,2019-01-06T11:00:35.676Z,19010611,XBTUSD,Buy,39,3823,ZeroPlusTick,a280017e-d38a-2275-4437-067261038966,877380,470
2952110,2019-01-06T11:00:35.690Z,19010611,XBTUSD,Buy,303,3823,ZeroPlusTick,ef59f327-ecb9-4359-73ba-046300e9fe0e,877683,471
2952111,2019-01-06T11:00:35.785Z,19010611,XBTUSD,Buy,6424,3823,ZeroPlusTick,dffd10e7-3e56-a5fb-1a2d-0489d04b9800,884107,472
2952128,2019-01-06T11:00:35.785Z,19010611,XBTUSD,Buy,39,3823,ZeroPlusTick,5e450a53-cea0-8f38-6da7-7fd13a4cfe7c,884146,473
2952133,2019-01-06T11:00:35.808Z,19010611,XBTUSD,Buy,2928,3823,ZeroPlusTick,e8fbf9e3-0d52-f8dc-4077-51a289dadf9f,887074,474
2952135,2019-01-06T11:00:35.996Z,19010611,XBTUSD,Buy,350,3823,ZeroPlusTick,08af4d6a-a0f8-cd20-12a2-0c00e9d56dd7,887424,475
2952136,2019-01-06T11:00:36.037Z,19010611,XBTUSD,Buy,1000,3823,ZeroPlusTick,1f0e229c-110e-249c-310f-d7a22d294312,888424,476
2952144,2019-01-06T11:00:36.948Z,19010611,XBTUSD,Buy,100,3823.5,ZeroPlusTick,5dac96ad-5a71-11ba-7737-e44252fe7a18,888524,477
2952185,2019-01-06T11:00:39.597Z,19010611,XBTUSD,Buy,1968,3823.5,ZeroPlusTick,bf3bc027-cb15-e3cc-d961-87cfcceff281,890492,478
2951755,2019-01-06T11:00:22.130Z,19010611,XBTUSD,Buy,20,3821,ZeroPlusTick,93209cd9-4a93-fa2d-124c-4bf614dab24e,890512,479
2951767,2019-01-06T11:00:22.130Z,19010611,XBTUSD,Buy,165,3821.5,ZeroPlusTick,b2c326ef-1fe0-ed7a-6fb9-1c423e8ad422,890677,480
2951774,2019-01-06T11:00:22.130Z,19010611,XBTUSD,Buy,3,3821.5,ZeroPlusTick,0947c56a-93be-c8d1-72d3-42c7f7736850,890680,481
2951786,2019-01-06T11:00:22.130Z,19010611,XBTUSD,Buy,10000,3821.5,ZeroPlusTick,ad2be8cd-9b0a-697a-6fbe-38b999df05bd,900680,482
2951798,2019-01-06T11:00:22.130Z,19010611,XBTUSD,Buy,100,3822,ZeroPlusTick,672382b4-777a-53ac-e9d8-dec372a04397,900780,483
2951804,2019-01-06T11:00:22.130Z,19010611,XBTUSD,Buy,11,3822,ZeroPlusTick,f7c6ac3c-8cd1-d4b9-65fa-2d9a1d1748f5,900791,484
2951819,2019-01-06T11:00:23.202Z,19010611,XBTUSD,Sell,562,3821.5,MinusTick,d42e3612-e4aa-9d41-1ccc-ab43af9f2616,901353,485
2951848,2019-01-06T11:00:24.333Z,19010611,XBTUSD,Buy,267,3822,ZeroPlusTick,26875e70-4ce5-452f-de94-b0725a78da24,901620,486
2951889,2019-01-06T11:00:24.938Z,19010611,XBTUSD,Buy,2000,3822,ZeroPlusTick,007fe35a-8cc2-d263-a136-6744bf4d8e36,903620,487
2951938,2019-01-06T11:00:26.307Z,19010611,XBTUSD,Buy,501,3822,ZeroPlusTick,b0b6d5c1-cd69-bbdf-3d50-0a611fde4feb,904121,488
2951943,2019-01-06T11:00:26.494Z,19010611,XBTUSD,Buy,100,3822.5,PlusTick,3594f7d6-35e4-288b-44f7-ab0ced1ba3b0,904221,489
2951969,2019-01-06T11:00:28.466Z,19010611,XBTUSD,Buy,1158,3822.5,ZeroPlusTick,01e4bbe6-f99e-280a-6f02-902c5a48cb4c,905379,490
2951991,2019-01-06T11:00:29.568Z,19010611,XBTUSD,Buy,1399,3822.5,ZeroPlusTick,75c9591f-7a2b-f059-7529-1ff581fe722c,906778,491
2951999,2019-01-06T11:00:29.664Z,19010611,XBTUSD,Buy,368,3822.5,ZeroPlusTick,e64bba9c-a4af-4448-18d0-4d3cbdc75934,907146,492
2952012,2019-01-06T11:00:29.850Z,19010611,XBTUSD,Buy,376,3822.5,ZeroPlusTick,eaceb3ea-0acf-e831-f4a7-8d7c1d6dfc81,907522,493
2952029,2019-01-06T11:00:31.390Z,19010611,XBTUSD,Buy,577,3822.5,ZeroPlusTick,ce1b36e3-a31d-5b18-93dc-7fad1328d4a6,908099,494
2952038,2019-01-06T11:00:31.481Z,19010611,XBTUSD,Buy,31,3822.5,ZeroPlusTick,e0c3f71d-0f82-de6e-7cf4-f56978720784,908130,495
2952041,2019-01-06T11:00:31.524Z,19010611,XBTUSD,Buy,165,3823,ZeroPlusTick,fe36a90f-05c8-3cfb-aaee-71d40f481140,908295,496
2952043,2019-01-06T11:00:31.584Z,19010611,XBTUSD,Buy,25,3823,ZeroPlusTick,bc1f2505-3c7f-125b-7733-497d22c250a6,908320,497
2952046,2019-01-06T11:00:31.740Z,19010611,XBTUSD,Buy,500,3823,ZeroPlusTick,24849548-ee29-cf1f-ab52-d9a4f4a2f2be,908820,498
2952065,2019-01-06T11:00:33.531Z,19010611,XBTUSD,Buy,1500,3823,ZeroPlusTick,1e051479-9bed-2afa-d7a3-867f723e143b,910320,499
2952077,2019-01-06T11:00:34.927Z,19010611,XBTUSD,Buy,40,3823,ZeroPlusTick,65e5cf2b-5c77-0ab0-c1b3-d0ec18139d84,910360,500
2952086,2019-01-06T11:00:34.927Z,19010611,XBTUSD,Buy,50,3823,ZeroPlusTick,b06fe53a-0407-7464-ed67-cd94fd49bf90,910410,501
2952101,2019-01-06T11:00:35.114Z,19010611,XBTUSD,Buy,302,3823,ZeroPlusTick,002ccfc4-57ff-be98-45a1-f3f4b189d47d,910712,502
2952103,2019-01-06T11:00:35.139Z,19010611,XBTUSD,Buy,87,3823,ZeroPlusTick,ce4d6eac-e3e8-eac4-4eee-3ec5560c8235,910799,503
2952115,2019-01-06T11:00:35.785Z,19010611,XBTUSD,Buy,191,3823,ZeroPlusTick,5afe66f0-793e-7954-ace1-3d3de89eac9d,910990,504
2952130,2019-01-06T11:00:35.785Z,19010611,XBTUSD,Buy,2399,3823,ZeroPlusTick,ed43ad87-a50e-5c6b-38c4-451585a5ddc5,913389,505
2952146,2019-01-06T11:00:36.948Z,19010611,XBTUSD,Buy,2000,3823.5,ZeroPlusTick,09cafb1e-8cc1-9364-3dfb-c501386689c2,915389,506
2952154,2019-01-06T11:00:37.338Z,19010611,XBTUSD,Buy,5000,3823.5,ZeroPlusTick,b3e3fb2a-fa30-3bd6-aae8-7126933e32cd,920389,507
2952155,2019-01-06T11:00:37.370Z,19010611,XBTUSD,Buy,3328,3823.5,ZeroPlusTick,80cbc9e0-029c-8173-8484-b66e19acce09,923717,508
2952156,2019-01-06T11:00:37.409Z,19010611,XBTUSD,Buy,18664,3823.5,ZeroPlusTick,839e533a-238b-fe00-7938-156907e22cea,942381,509
2952159,2019-01-06T11:00:37.449Z,19010611,XBTUSD,Buy,64,3823.5,ZeroPlusTick,7775498d-db6f-c20b-b3f6-4542a828ef04,942445,510
2952182,2019-01-06T11:00:39.441Z,19010611,XBTUSD,Sell,200,3823,MinusTick,9c724add-5c93-f6e2-3a54-baf399565117,942645,511
2952221,2019-01-06T11:00:48.351Z,19010611,XBTUSD,Buy,200,3823.5,ZeroPlusTick,74cb77d0-4955-71b2-b1d4-f135bcf48214,942845,512
2952222,2019-01-06T11:00:48.373Z,19010611,XBTUSD,Buy,60,3823.5,ZeroPlusTick,c93cdb1d-320f-f97c-527c-f862cc49375e,942905,513
2952223,2019-01-06T11:00:48.394Z,19010611,XBTUSD,Buy,2500,3823.5,ZeroPlusTick,599f7f3d-ac51-32d1-84b9-3210ae27843a,945405,514
2951773,2019-01-06T11:00:22.130Z,19010611,XBTUSD,Buy,11,3821.5,ZeroPlusTick,d1b73584-a8cd-a188-fc66-9de43c4f7761,945416,515
2951780,2019-01-06T11:00:22.130Z,19010611,XBTUSD,Buy,30,3821.5,ZeroPlusTick,3bce7c42-93cb-6062-9408-e17e2a5ec7d1,945446,516
2951790,2019-01-06T11:00:22.130Z,19010611,XBTUSD,Buy,1787,3821.5,ZeroPlusTick,00edb38c-6b26-1868-8884-36810da5de99,947233,517
2951801,2019-01-06T11:00:22.130Z,19010611,XBTUSD,Buy,27,3822,ZeroPlusTick,267b8750-39ed-3646-a2d9-9359c78fe694,947260,518
2951903,2019-01-06T11:00:25.890Z,19010611,XBTUSD,Buy,565,3822,ZeroPlusTick,072723a7-d84a-b645-387e-ee550ed6f145,947825,519
2951970,2019-01-06T11:00:28.466Z,19010611,XBTUSD,Buy,1152,3822.5,ZeroPlusTick,cb3866c8-4f55-27bd-4952-0af63ec4cdf4,948977,520
2951975,2019-01-06T11:00:28.743Z,19010611,XBTUSD,Buy,345,3822.5,ZeroPlusTick,88ff9700-b93f-c664-ffc5-8bb530abdbde,949322,521
2952002,2019-01-06T11:00:29.741Z,19010611,XBTUSD,Buy,466,3822.5,ZeroPlusTick,a2d98dab-c760-95e7-f6e3-e22c749b550b,949788,522
2952008,2019-01-06T11:00:29.755Z,19010611,XBTUSD,Buy,142,3822.5,ZeroPlusTick,4bef82c5-997a-5428-8967-de397cf2ceb2,949930,523
2952024,2019-01-06T11:00:31.136Z,19010611,XBTUSD,Buy,137,3822.5,ZeroPlusTick,a18e999d-47be-c501-5c07-b4e203a9d33c,950067,524
2952075,2019-01-06T11:00:34.927Z,19010611,XBTUSD,Buy,1000,3823,ZeroPlusTick,c0896c53-be9f-cd0b-3505-2456704a6c9b,951067,525
2952112,2019-01-06T11:00:35.785Z,19010611,XBTUSD,Buy,57,3823,ZeroPlusTick,639da30b-c255-3176-da03-a910aee7fd27,951124,526
2952121,2019-01-06T11:00:35.785Z,19010611,XBTUSD,Buy,891,3823,ZeroPlusTick,9186d867-94e7-fc76-35fb-f0c72a3e8e44,952015,527
2952131,2019-01-06T11:00:35.808Z,19010611,XBTUSD,Buy,922,3823,ZeroPlusTick,519209a4-8d11-46ac-4032-3e65d2389cc7,952937,528
2952142,2019-01-06T11:00:36.948Z,19010611,XBTUSD,Buy,10,3823,ZeroPlusTick,5ec241f2-96b2-b147-4208-4180add11a53,952947,529
2952152,2019-01-06T11:00:37.184Z,19010611,XBTUSD,Buy,7000,3823.5,ZeroPlusTick,b473cd20-ca79-bc18-e76a-9df7a3b358ed,959947,530
2952157,2019-01-06T11:00:37.409Z,19010611,XBTUSD,Buy,400,3823.5,ZeroPlusTick,b29b5207-b491-bba4-03eb-d4c4f46ae057,960347,531
2952163,2019-01-06T11:00:37.606Z,19010611,XBTUSD,Buy,5000,3823.5,ZeroPlusTick,ddc98890-a38e-ae19-615c-e6b97d8bd2ad,965347,532
2952190,2019-01-06T11:00:43.106Z,19010611,XBTUSD,Sell,10,3823,MinusTick,2952a235-d105-d65f-e10d-07cde9ddee3d,965357,533
2952216,2019-01-06T11:00:48.076Z,19010611,XBTUSD,Buy,1000,3823.5,ZeroPlusTick,d71115ad-1490-8bf5-2683-a547728730bd,966357,534
2952244,2019-01-06T11:00:48.833Z,19010611,XBTUSD,Buy,5,3823.5,ZeroPlusTick,8bc605d1-7053-5ea7-88e9-76fb6a41cfe1,966362,535
2952248,2019-01-06T11:00:49.164Z,19010611,XBTUSD,Buy,1000,3823.5,ZeroPlusTick,dd04855c-de18-cb12-b67a-7419b4232ebb,967362,536
2952249,2019-01-06T11:00:49.641Z,19010611,XBTUSD,Buy,1370,3823.5,ZeroPlusTick,896f4e94-8b8b-acbc-12bc-3476f3d7c225,968732,537
2952272,2019-01-06T11:00:51.111Z,19010611,XBTUSD,Buy,625,3823.5,ZeroPlusTick,f21967db-6257-de0e-c021-d27400248512,969357,538
2952278,2019-01-06T11:00:51.111Z,19010611,XBTUSD,Buy,200,3823.5,ZeroPlusTick,a6db147e-a117-466d-a4a4-d578bd51019d,969557,539
2952291,2019-01-06T11:00:51.111Z,19010611,XBTUSD,Buy,160,3823.5,ZeroPlusTick,0cece446-703d-529c-d513-9f6570816576,969717,540
2952300,2019-01-06T11:00:51.942Z,19010611,XBTUSD,Buy,100,3823.5,ZeroPlusTick,ac436bff-954f-da5f-26af-7f80bb35295a,969817,541
2952350,2019-01-06T11:00:54.701Z,19010611,XBTUSD,Buy,2066,3823.5,ZeroPlusTick,b49a4f7c-5ba1-78c8-ed78-57ff61c4c41b,971883,542
2952357,2019-01-06T11:00:54.701Z,19010611,XBTUSD,Buy,2007,3823.5,ZeroPlusTick,c2f0d1d2-004a-ee78-2062-8af0537ed18c,973890,543
2952367,2019-01-06T11:00:55.601Z,19010611,XBTUSD,Sell,10000,3823,ZeroMinusTick,fa690209-14ad-430c-5bab-90bcf99dfa5d,983890,544
2952377,2019-01-06T11:00:55.601Z,19010611,XBTUSD,Sell,15,3823,ZeroMinusTick,0633b50b-55a4-fd20-93a6-60de126dfb47,983905,545
2952393,2019-01-06T11:00:55.601Z,19010611,XBTUSD,Sell,10129,3823,ZeroMinusTick,692dead3-39f6-20de-4894-aa92204a0745,994034,546
2952403,2019-01-06T11:00:55.601Z,19010611,XBTUSD,Sell,124,3823,ZeroMinusTick,43d46b57-98ab-a261-cc69-c25ce106a562,994158,547
2952413,2019-01-06T11:00:55.601Z,19010611,XBTUSD,Sell,11,3823,ZeroMinusTick,1af47050-9e97-7f87-6bd8-7730140d3e1d,994169,548
2952425,2019-01-06T11:00:55.915Z,19010611,XBTUSD,Buy,200,3823,ZeroMinusTick,1e58b2db-74de-ad5b-7354-e3650913d2ad,994369,549
2952440,2019-01-06T11:00:57.771Z,19010611,XBTUSD,Sell,22134,3822.5,ZeroMinusTick,5ac5b457-fa6d-ba81-54f0-c306743029bf,1016503,550
2952450,2019-01-06T11:00:57.771Z,19010611,XBTUSD,Sell,20,3822.5,ZeroMinusTick,72081d0d-a115-73ba-a2ca-903090a43d54,1016523,551
2952460,2019-01-06T11:00:57.771Z,19010611,XBTUSD,Sell,29,3822.5,ZeroMinusTick,94296605-637a-0dbc-5b5c-60740de07425,1016552,552
2952467,2019-01-06T11:00:57.771Z,19010611,XBTUSD,Sell,512,3822,ZeroMinusTick,08e2aae1-f5e2-cf32-a428-33c696c99417,1017064,553
2952473,2019-01-06T11:00:57.771Z,19010611,XBTUSD,Sell,3800,3822,ZeroMinusTick,4a176a46-5f84-c9bb-155e-293deb48bf8f,1020864,554
2952493,2019-01-06T11:00:59.448Z,19010611,XBTUSD,Sell,4000,3822,ZeroMinusTick,78b0cab7-791c-1b90-482c-c0b2528e0aa2,1024864,555
2952497,2019-01-06T11:00:59.448Z,19010611,XBTUSD,Sell,15000,3822,ZeroMinusTick,7fd6c238-6ce8-8e7d-a964-427fa6eae598,1039864,556
2951891,2019-01-06T11:00:24.938Z,19010611,XBTUSD,Buy,1000,3822,ZeroPlusTick,5fdf6842-99f4-09fb-2983-262cfe753209,1040864,557
2951908,2019-01-06T11:00:25.890Z,19010611,XBTUSD,Buy,191,3822,ZeroPlusTick,6992585f-30b9-a0ad-3627-686cbd379958,1041055,558
2951933,2019-01-06T11:00:26.106Z,19010611,XBTUSD,Buy,191,3822,ZeroPlusTick,735e7712-4e36-2003-5166-8b523a2ec60c,1041246,559
2951966,2019-01-06T11:00:28.379Z,19010611,XBTUSD,Buy,50,3822.5,ZeroPlusTick,eec83353-36ff-993a-0fbc-b047c8243e88,1041296,560
2951977,2019-01-06T11:00:28.776Z,19010611,XBTUSD,Sell,30,3822,MinusTick,a4fd51ac-6849-5b66-2aa6-878c497d1ccd,1041326,561
2951986,2019-01-06T11:00:29.300Z,19010611,XBTUSD,Buy,5000,3822.5,ZeroPlusTick,27daca8b-c0f6-f718-ead7-2a7ce5b84f9b,1046326,562
2951997,2019-01-06T11:00:29.636Z,19010611,XBTUSD,Buy,1176,3822.5,ZeroPlusTick,f9e6bd21-e07f-7260-7075-cac11f764152,1047502,563
2952011,2019-01-06T11:00:29.850Z,19010611,XBTUSD,Buy,191,3822.5,ZeroPlusTick,92961212-360f-23fe-3bae-8cf69d98c76e,1047693,564
2952033,2019-01-06T11:00:31.410Z,19010611,XBTUSD,Buy,146,3822.5,ZeroPlusTick,b878037f-d50d-9ed4-b8b1-735c4cdd1b13,1047839,565
2952050,2019-01-06T11:00:31.740Z,19010611,XBTUSD,Buy,93,3823,ZeroPlusTick,b35003a1-d15c-7913-7a3d-75679eabf949,1047932,566
2952062,2019-01-06T11:00:33.391Z,19010611,XBTUSD,Sell,4000,3822.5,MinusTick,e269ea11-5518-3971-a5f5-7c8a3ee8bacc,1051932,567
2952082,2019-01-06T11:00:34.927Z,19010611,XBTUSD,Buy,1152,3823,ZeroPlusTick,2189323c-7217-c8fc-4aa5-fc4f90e9f41c,1053084,568
2952118,2019-01-06T11:00:35.785Z,19010611,XBTUSD,Buy,2000,3823,ZeroPlusTick,146f4fcf-ab5f-72e1-f2c5-b30ce6219864,1055084,569
2952127,2019-01-06T11:00:35.785Z,19010611,XBTUSD,Buy,10,3823,ZeroPlusTick,347e40e2-16c5-41d4-89bd-491ef1e6adf3,1055094,570
2952141,2019-01-06T11:00:36.948Z,19010611,XBTUSD,Buy,11,3823,ZeroPlusTick,83218926-d478-86f3-74c3-b2576fed61a1,1055105,571
2952149,2019-01-06T11:00:36.948Z,19010611,XBTUSD,Buy,10000,3823.5,ZeroPlusTick,964842dc-90c3-c0b7-ef90-ffd966da3e41,1065105,572
2952183,2019-01-06T11:00:39.597Z,19010611,XBTUSD,Buy,1260,3823.5,PlusTick,635fd7b2-dee8-fa7c-9293-6c479549cc51,1066365,573
2952209,2019-01-06T11:00:44.258Z,19010611,XBTUSD,Buy,133,3823.5,ZeroPlusTick,511cc540-6f33-2ae3-7774-c3f050fd1ff0,1066498,574
2952240,2019-01-06T11:00:48.833Z,19010611,XBTUSD,Buy,3,3823.5,ZeroPlusTick,2d76279c-fa55-6427-955a-1ac02d24e280,1066501,575
2952252,2019-01-06T11:00:50.517Z,19010611,XBTUSD,Buy,1487,3823.5,ZeroPlusTick,9cbc563d-69d2-9fb5-9daa-d010da78c44b,1067988,576
2952275,2019-01-06T11:00:51.111Z,19010611,XBTUSD,Buy,100,3823.5,ZeroPlusTick,3deb8a46-b155-e9f9-ec6d-5bb849f94c5a,1068088,577
2952285,2019-01-06T11:00:51.111Z,19010611,XBTUSD,Buy,620,3823.5,ZeroPlusTick,b38a0c51-0d6c-9005-2878-c8752d9a2bd2,1068708,578
2952335,2019-01-06T11:00:54.114Z,19010611,XBTUSD,Buy,34,3823.5,ZeroPlusTick,8050eb2d-ca48-010f-3c11-50d1bede46e2,1068742,579
2952356,2019-01-06T11:00:54.701Z,19010611,XBTUSD,Buy,2066,3823.5,ZeroPlusTick,d8a2b462-f22e-1d34-5a04-93e70505b0c8,1070808,580
2952369,2019-01-06T11:00:55.601Z,19010611,XBTUSD,Sell,10,3823,ZeroMinusTick,d3935316-6eff-9e36-f90e-6653f809a5b3,1070818,581
2952383,2019-01-06T11:00:55.601Z,19010611,XBTUSD,Sell,18117,3823,ZeroMinusTick,49c8ff08-bfa9-8285-b27c-65e73fd2bc03,1088935,582
2952391,2019-01-06T11:00:55.601Z,19010611,XBTUSD,Sell,109,3823,ZeroMinusTick,07456935-7093-7522-f5c5-1e100e03be8f,1089044,583
2952402,2019-01-06T11:00:55.601Z,19010611,XBTUSD,Sell,2000,3823,ZeroMinusTick,44db2584-2a37-8874-59f5-5396f610c799,1091044,584
2952410,2019-01-06T11:00:55.601Z,19010611,XBTUSD,Sell,10,3823,ZeroMinusTick,791ca69f-073a-0d52-0214-645190dc4dd0,1091054,585
2952420,2019-01-06T11:00:55.601Z,19010611,XBTUSD,Sell,50,3823,ZeroMinusTick,3c168f87-5b8d-1746-8b14-e7fb43944869,1091104,586
2952443,2019-01-06T11:00:57.771Z,19010611,XBTUSD,Sell,512,3822.5,ZeroMinusTick,a27e2734-0e0d-60b9-280b-cb251670d518,1091616,587
2952454,2019-01-06T11:00:57.771Z,19010611,XBTUSD,Sell,2000,3822.5,ZeroMinusTick,c9a19068-0489-4c5a-af15-280452c65867,1093616,588
2952466,2019-01-06T11:00:57.771Z,19010611,XBTUSD,Sell,27,3822,ZeroMinusTick,ba0f02c9-24ce-c3c7-9147-5e10ee3b3e07,1093643,589
2952475,2019-01-06T11:00:57.771Z,19010611,XBTUSD,Sell,6000,3822,ZeroMinusTick,7bc89127-576e-352c-407c-0f084e7217d7,1099643,590
2952483,2019-01-06T11:00:58.496Z,19010611,XBTUSD,Buy,1000,3822.5,ZeroPlusTick,1208ecd2-e979-2295-07d1-edc1ab5d552e,1100643,591
2952484,2019-01-06T11:00:58.564Z,19010611,XBTUSD,Sell,1,3822,MinusTick,95e96a79-b2cd-548a-c733-f140afd0e180,1100644,592
2952485,2019-01-06T11:00:58.619Z,19010611,XBTUSD,Sell,1000,3822,ZeroMinusTick,fcf04e62-e154-059b-804e-819c509f5b18,1101644,593
2952486,2019-01-06T11:00:58.635Z,19010611,XBTUSD,Buy,800,3822.5,PlusTick,14ad6d6e-8db0-e419-99e9-cf1c4d06824f,1102444,594
2952487,2019-01-06T11:00:58.651Z,19010611,XBTUSD,Sell,500,3822,MinusTick,030bd91e-295f-a9b7-d6f5-b7750271a99f,1102944,595
2952488,2019-01-06T11:00:59.448Z,19010611,XBTUSD,Sell,2999,3822,ZeroMinusTick,ee41d64f-bbb1-926d-8bbe-eb3d40be32d3,1105943,596
2952500,2019-01-06T11:00:59.448Z,19010611,XBTUSD,Sell,520,3821.5,ZeroMinusTick,f442cec1-a8c9-92be-e306-35b753703d60,1106463,597
2952514,2019-01-06T11:00:59.448Z,19010611,XBTUSD,Sell,3,3821.5,ZeroMinusTick,4046d6bc-08b6-9761-cb25-75616f830a00,1106466,598
2952524,2019-01-06T11:00:59.448Z,19010611,XBTUSD,Sell,11,3821,MinusTick,76a34092-9590-a780-7519-ff06461a2a97,1106477,599
2951909,2019-01-06T11:00:25.890Z,19010611,XBTUSD,Buy,26,3822,ZeroPlusTick,d523e8a3-df7f-22ec-87f9-67564e0773e5,1106503,600
2951935,2019-01-06T11:00:26.106Z,19010611,XBTUSD,Buy,1922,3822,ZeroPlusTick,8dc098e3-50da-552c-e24d-407f965e424a,1108425,601
2951939,2019-01-06T11:00:26.307Z,19010611,XBTUSD,Buy,24,3822,ZeroPlusTick,b9f9242a-d1dc-810d-e66b-af3186d865d8,1108449,602
2951944,2019-01-06T11:00:26.494Z,19010611,XBTUSD,Buy,27,3822.5,ZeroPlusTick,facb002a-cb21-a49d-7649-f5ff28426924,1108476,603
2951965,2019-01-06T11:00:28.379Z,19010611,XBTUSD,Buy,111,3822.5,ZeroPlusTick,e67fad4e-a1f9-19e4-702b-a2ca90771dbd,1108587,604
2951973,2019-01-06T11:00:28.723Z,19010611,XBTUSD,Buy,137,3822.5,ZeroPlusTick,0d9813f1-e633-ae05-a345-5cbc3163f004,1108724,605
2951987,2019-01-06T11:00:29.336Z,19010611,XBTUSD,Buy,433,3822.5,ZeroPlusTick,3f0c1f62-af2f-1004-0dc4-eae128df444b,1109157,606
2951995,2019-01-06T11:00:29.608Z,19010611,XBTUSD,Buy,425,3822.5,ZeroPlusTick,4e0f6c23-5844-2f5c-b46f-42530533127a,1109582,607
2952003,2019-01-06T11:00:29.755Z,19010611,XBTUSD,Buy,468,3822.5,ZeroPlusTick,3f042676-7897-e823-aa26-ce7cbababf24,1110050,608
2952015,2019-01-06T11:00:29.879Z,19010611,XBTUSD,Buy,1116,3822.5,ZeroPlusTick,8e2c4eeb-4efc-58c7-9c38-d4c70c9e67a6,1111166,609
2952032,2019-01-06T11:00:31.410Z,19010611,XBTUSD,Buy,191,3822.5,ZeroPlusTick,758497ea-0d8c-2f4c-7176-9c33c70ff615,1111357,610
2952036,2019-01-06T11:00:31.481Z,19010611,XBTUSD,Buy,625,3822.5,ZeroPlusTick,1043f432-285b-069b-eb7e-34127904c70e,1111982,611
2952040,2019-01-06T11:00:31.524Z,19010611,XBTUSD,Buy,100,3823,PlusTick,59568257-146e-2524-f7f5-8ad46b85fde0,1112082,612
2952047,2019-01-06T11:00:31.740Z,19010611,XBTUSD,Buy,500,3823,ZeroPlusTick,f4ba3fce-0151-8d73-a9c9-2d290f51a474,1112582,613
2952060,2019-01-06T11:00:32.328Z,19010611,XBTUSD,Buy,39,3823,ZeroPlusTick,91dddb60-890d-6c5d-abed-ef47270bba25,1112621,614
2952061,2019-01-06T11:00:32.974Z,19010611,XBTUSD,Buy,300,3823,ZeroPlusTick,b6fa7a11-d256-914c-7cd2-550198c60e87,1112921,615
2952074,2019-01-06T11:00:34.927Z,19010611,XBTUSD,Buy,15553,3823,ZeroPlusTick,c184ce5d-c853-f281-f602-2ca1e3475924,1128474,616
2952084,2019-01-06T11:00:34.927Z,19010611,XBTUSD,Buy,210,3823,ZeroPlusTick,ca3bc4f1-6deb-5fc7-7b70-58be19098f02,1128684,617
2952116,2019-01-06T11:00:35.785Z,19010611,XBTUSD,Buy,625,3823,ZeroPlusTick,7b56178e-15d4-6090-501c-878740f3d0d7,1129309,618
2952129,2019-01-06T11:00:35.785Z,19010611,XBTUSD,Buy,21,3823,ZeroPlusTick,1cdc5b9a-af85-d5c5-24dd-6f4bf71720d0,1129330,619
2952140,2019-01-06T11:00:36.948Z,19010611,XBTUSD,Buy,520,3823,ZeroPlusTick,e7ae482d-b215-748a-aaa3-1f2315a7d125,1129850,620
2952150,2019-01-06T11:00:36.948Z,19010611,XBTUSD,Buy,1008,3823.5,ZeroPlusTick,ae4b671d-5c76-0d24-8939-eb295291b975,1130858,621
2952177,2019-01-06T11:00:38.801Z,19010611,XBTUSD,Buy,150,3823.5,ZeroPlusTick,8ae1f604-6270-ade1-9228-c1e27eb87610,1131008,622
2952208,2019-01-06T11:00:44.258Z,19010611,XBTUSD,Buy,11,3823.5,ZeroPlusTick,6ce2c372-414f-d6e7-80c8-82b7c4bd19e7,1131019,623
2952214,2019-01-06T11:00:48.048Z,19010611,XBTUSD,Buy,200,3823.5,ZeroPlusTick,059da917-bb80-18ca-9087-30715be0b0de,1131219,624
2952241,2019-01-06T11:00:48.833Z,19010611,XBTUSD,Buy,13,3823.5,ZeroPlusTick,f1b40f69-3f7b-dbcf-62ef-16ac79bc466a,1131232,625
2952247,2019-01-06T11:00:48.994Z,19010611,XBTUSD,Buy,1630,3823.5,ZeroPlusTick,78d59157-60a2-5da7-a138-8a26e9e403cd,1132862,626
2952250,2019-01-06T11:00:49.641Z,19010611,XBTUSD,Buy,2130,3823.5,ZeroPlusTick,972140df-8004-8ca6-3a71-5b8d5c3f4688,1134992,627
2952251,2019-01-06T11:00:49.807Z,19010611,XBTUSD,Buy,383,3823.5,ZeroPlusTick,e9d6f6d8-bef6-bdb3-664a-e882a5678c96,1135375,628
2952266,2019-01-06T11:00:51.111Z,19010611,XBTUSD,Buy,11,3823.5,ZeroPlusTick,56f245eb-5d48-df5d-9f4d-2e7590cfd224,1135386,629
2952281,2019-01-06T11:00:51.111Z,19010611,XBTUSD,Buy,10,3823.5,ZeroPlusTick,899dec5d-6eb5-5bb7-a4f1-4e99148d6c28,1135396,630
2952288,2019-01-06T11:00:51.111Z,19010611,XBTUSD,Buy,620,3823.5,ZeroPlusTick,501f083f-b0b0-c6d9-995f-c4d557e63c68,1136016,631
2952352,2019-01-06T11:00:54.701Z,19010611,XBTUSD,Buy,2066,3823.5,ZeroPlusTick,e66e90d8-948e-3c3a-b524-c61cb91d104e,1138082,632
2952363,2019-01-06T11:00:54.701Z,19010611,XBTUSD,Buy,1346,3823.5,ZeroPlusTick,0938af0a-90ff-7a5d-634c-11fd2137b390,1139428,633
2952372,2019-01-06T11:00:55.601Z,19010611,XBTUSD,Sell,10000,3823,ZeroMinusTick,e3ccc436-d25a-880b-e605-ad59d2d4761e,1149428,634
2952384,2019-01-06T11:00:55.601Z,19010611,XBTUSD,Sell,90,3823,ZeroMinusTick,ef0fa4ca-6f8e-5f5f-10e1-46001edc83b2,1149518,635
2952388,2019-01-06T11:00:55.601Z,19010611,XBTUSD,Sell,100,3823,ZeroMinusTick,768ae29a-389d-8332-8797-1abf5e6f281e,1149618,636
2951947,2019-01-06T11:00:26.494Z,19010611,XBTUSD,Buy,520,3822.5,ZeroPlusTick,ed65ff38-cbba-bef8-6efd-1406ad79854a,1150138,637
2951971,2019-01-06T11:00:28.466Z,19010611,XBTUSD,Buy,9190,3822.5,ZeroPlusTick,f95ddf42-b6a9-8f67-afe6-600f4c1fcb88,1159328,638
2951976,2019-01-06T11:00:28.765Z,19010611,XBTUSD,Buy,552,3822.5,ZeroPlusTick,0ec0fd50-08ef-61a4-3f17-782957bff2de,1159880,639
2951984,2019-01-06T11:00:29.240Z,19010611,XBTUSD,Buy,267,3822.5,ZeroPlusTick,2a1a44b0-d6ed-e5ee-0fde-5b2f02c01623,1160147,640
2951996,2019-01-06T11:00:29.616Z,19010611,XBTUSD,Buy,175,3822.5,ZeroPlusTick,16830cc7-8a3d-5083-211b-184c3791ebff,1160322,641
2952004,2019-01-06T11:00:29.755Z,19010611,XBTUSD,Buy,50,3822.5,ZeroPlusTick,be40bec8-a962-a84a-981c-2590999a4a19,1160372,642
2952014,2019-01-06T11:00:29.866Z,19010611,XBTUSD,Buy,198,3822.5,ZeroPlusTick,b4a4c696-05de-eb89-ccec-7016ba04bd81,1160570,643
2952031,2019-01-06T11:00:31.410Z,19010611,XBTUSD,Buy,100,3822.5,ZeroPlusTick,4791020a-e6fb-2e9b-c6c3-838b0f974440,1160670,644
2952039,2019-01-06T11:00:31.481Z,19010611,XBTUSD,Buy,120,3822.5,ZeroPlusTick,a6d8a452-5037-be6f-8164-8ce381bd7453,1160790,645
2952048,2019-01-06T11:00:31.740Z,19010611,XBTUSD,Buy,20,3823,ZeroPlusTick,13a67e2e-332e-7a33-8d8f-44d7c076eda7,1160810,646
2952051,2019-01-06T11:00:31.797Z,19010611,XBTUSD,Buy,1176,3823,ZeroPlusTick,4c5101ca-5f70-e0da-042e-d3371d980311,1161986,647
2952052,2019-01-06T11:00:31.921Z,19010611,XBTUSD,Buy,514,3823,ZeroPlusTick,275e95dc-0746-2dd2-0ce6-e300fb3eab83,1162500,648
2952053,2019-01-06T11:00:31.934Z,19010611,XBTUSD,Buy,433,3823,ZeroPlusTick,49c01f9a-661b-7eb1-b0a8-9e0386deeebf,1162933,649
2952054,2019-01-06T11:00:31.982Z,19010611,XBTUSD,Buy,40,3823,ZeroPlusTick,1547125c-e70d-962f-b695-7618b1903e83,1162973,650
2952055,2019-01-06T11:00:32.051Z,19010611,XBTUSD,Buy,500,3823,ZeroPlusTick,dc402d30-8cad-8e31-9095-6b4eaa4cd775,1163473,651
2952056,2019-01-06T11:00:32.162Z,19010611,XBTUSD,Buy,425,3823,ZeroPlusTick,1866098c-d57c-b69f-9a5c-a430692e5c8d,1163898,652
2952079,2019-01-06T11:00:34.927Z,19010611,XBTUSD,Buy,200,3823,ZeroPlusTick,515a29e1-dea2-c4c6-2eb2-67451b6f5fd7,1164098,653
2952089,2019-01-06T11:00:34.939Z,19010611,XBTUSD,Buy,625,3823,ZeroPlusTick,869301a0-91cd-e13c-d40b-8be2b6e25a3d,1164723,654
2952093,2019-01-06T11:00:34.974Z,19010611,XBTUSD,Buy,100,3823,ZeroPlusTick,60548f6e-62e2-c031-cca1-1ea6ed955e1e,1164823,655
2952094,2019-01-06T11:00:35.001Z,19010611,XBTUSD,Buy,2,3823,ZeroPlusTick,5cf08f24-7462-ea6e-44be-99324a28520f,1164825,656
2952095,2019-01-06T11:00:35.015Z,19010611,XBTUSD,Buy,458,3823,ZeroPlusTick,84a4c95e-f7be-6903-5f64-89ab238c1d6d,1165283,657
2952099,2019-01-06T11:00:35.114Z,19010611,XBTUSD,Buy,613,3823,ZeroPlusTick,afed298d-3460-7eff-8889-4efaec441d1a,1165896,658
2952104,2019-01-06T11:00:35.139Z,19010611,XBTUSD,Buy,1020,3823,ZeroPlusTick,54a09681-a315-b5a4-f980-56a7c1692f5f,1166916,659
2952113,2019-01-06T11:00:35.785Z,19010611,XBTUSD,Buy,191,3823,ZeroPlusTick,6efb2bc0-01e6-3118-5e6b-80e88c80256a,1167107,660
2952124,2019-01-06T11:00:35.785Z,19010611,XBTUSD,Buy,152,3823,ZeroPlusTick,a4f01920-7237-bd71-b8c1-a008bae8c9c9,1167259,661
2952139,2019-01-06T11:00:36.948Z,19010611,XBTUSD,Buy,23927,3823,ZeroPlusTick,bb58bee0-530b-983f-4f54-1f14ccf597d4,1191186,662
2952207,2019-01-06T11:00:44.258Z,19010611,XBTUSD,Buy,497,3823.5,ZeroPlusTick,82bb67a6-ed53-a057-903b-7e4e0d141c43,1191683,663
2952239,2019-01-06T11:00:48.833Z,19010611,XBTUSD,Buy,15,3823.5,ZeroPlusTick,8ae36e9e-1306-200c-6f56-7f525b5eee4c,1191698,664
2952263,2019-01-06T11:00:51.111Z,19010611,XBTUSD,Buy,120,3823.5,ZeroPlusTick,3b4fcbed-8e12-ffc2-23b6-baf0088249ca,1191818,665
2952274,2019-01-06T11:00:51.111Z,19010611,XBTUSD,Buy,11774,3823.5,ZeroPlusTick,2a5ad0ba-d7c9-ffa3-f3f5-f81c5f853bbe,1203592,666
2952284,2019-01-06T11:00:51.111Z,19010611,XBTUSD,Buy,1600,3823.5,ZeroPlusTick,59024075-4140-0b5e-f5da-a704357c8c0d,1205192,667
2952287,2019-01-06T11:00:51.111Z,19010611,XBTUSD,Buy,620,3823.5,ZeroPlusTick,127219dc-f2ca-a5b0-f4b6-d5bffd1b02e2,1205812,668
2952334,2019-01-06T11:00:54.114Z,19010611,XBTUSD,Buy,2000,3823.5,ZeroPlusTick,878c551a-65d6-5704-28c4-8ac662770c11,1207812,669
2952348,2019-01-06T11:00:54.701Z,19010611,XBTUSD,Buy,4000,3823.5,ZeroPlusTick,28c9b0cf-4407-22a5-8014-1a50ff69d1d7,1211812,670
2952359,2019-01-06T11:00:54.701Z,19010611,XBTUSD,Buy,620,3823.5,ZeroPlusTick,03f87a9b-1769-fdbe-4e65-79fd3d195d72,1212432,671
2952374,2019-01-06T11:00:55.601Z,19010611,XBTUSD,Sell,100,3823,ZeroMinusTick,25054e0c-72c3-5c4b-0941-adaf7efe7788,1212532,672
2952380,2019-01-06T11:00:55.601Z,19010611,XBTUSD,Sell,100,3823,ZeroMinusTick,eed75711-2da3-fc80-5e87-24b1312e8630,1212632,673
2952394,2019-01-06T11:00:55.601Z,19010611,XBTUSD,Sell,27,3823,ZeroMinusTick,ba129b92-7cca-8378-e433-6e70ddc61941,1212659,674
2952399,2019-01-06T11:00:55.601Z,19010611,XBTUSD,Sell,127,3823,ZeroMinusTick,c35c42d7-1f92-12b8-2a3d-cf1842c1bd04,1212786,675
2952417,2019-01-06T11:00:55.601Z,19010611,XBTUSD,Sell,11,3823,ZeroMinusTick,07368a5f-dfe6-d317-862e-70ab496d605e,1212797,676
2952424,2019-01-06T11:00:55.601Z,19010611,XBTUSD,Sell,30584,3823,ZeroMinusTick,3f7c0d7e-e111-3d60-703e-2010e9276ad3,1243381,677
2952444,2019-01-06T11:00:57.771Z,19010611,XBTUSD,Sell,5500,3822.5,ZeroMinusTick,f00daf14-c919-c9f9-a408-1b8f5592fa6e,1248881,678
2952447,2019-01-06T11:00:57.771Z,19010611,XBTUSD,Sell,11,3822.5,ZeroMinusTick,1bbea520-d807-acb3-b7b7-f683577540e5,1248892,679
2952459,2019-01-06T11:00:57.771Z,19010611,XBTUSD,Sell,33,3822.5,ZeroMinusTick,b94b136f-ba6a-837e-ec4a-63d2100ff841,1248925,680
2952470,2019-01-06T11:00:57.771Z,19010611,XBTUSD,Sell,27,3822,ZeroMinusTick,8a44fbb8-c64a-8c9a-b394-c58b797efb7a,1248952,681
2952480,2019-01-06T11:00:57.771Z,19010611,XBTUSD,Sell,5500,3822,ZeroMinusTick,b09e271b-5bed-7d55-053a-966fc1c0bf54,1254452,682
2952503,2019-01-06T11:00:59.448Z,19010611,XBTUSD,Sell,33,3821.5,ZeroMinusTick,2343ed1f-00a4-b3c7-7052-6daa0b905ba7,1254485,683
2952510,2019-01-06T11:00:59.448Z,19010611,XBTUSD,Sell,100,3821.5,ZeroMinusTick,40ff7e93-cb89-fac4-8bd7-bdbd4883a291,1254585,684
2951949,2019-01-06T11:00:26.494Z,19010611,XBTUSD,Buy,1,3822.5,ZeroPlusTick,8ef1d311-0765-e15c-88be-57b23fd6134a,1254586,685
2951952,2019-01-06T11:00:26.727Z,19010611,XBTUSD,Buy,102,3822.5,ZeroPlusTick,2ebd21cf-12bc-8910-95e5-094d37b005b2,1254688,686
2951962,2019-01-06T11:00:28.356Z,19010611,XBTUSD,Buy,66,3822.5,ZeroPlusTick,7a5dfeb8-8cca-ecf2-6cad-26cb61f19e3b,1254754,687
2951972,2019-01-06T11:00:28.500Z,19010611,XBTUSD,Buy,441,3822.5,ZeroPlusTick,24a60275-12d5-3484-41af-55bbd5c470f0,1255195,688
2951985,2019-01-06T11:00:29.251Z,19010611,XBTUSD,Buy,102,3822.5,ZeroPlusTick,8898e39b-e9e5-3712-b4b8-7fc0652f5d6e,1255297,689
2951993,2019-01-06T11:00:29.593Z,19010611,XBTUSD,Buy,4000,3822.5,ZeroPlusTick,ae82e82a-f788-cc19-147b-e06cde136db6,1259297,690
2952006,2019-01-06T11:00:29.755Z,19010611,XBTUSD,Buy,3,3822.5,ZeroPlusTick,6e7ac57d-2c5a-59b1-6057-7314c4a63677,1259300,691
2952013,2019-01-06T11:00:29.859Z,19010611,XBTUSD,Buy,40,3822.5,ZeroPlusTick,56bcf67c-d876-d7e9-3a67-ac1fc43e7541,1259340,692
2952057,2019-01-06T11:00:32.174Z,19010611,XBTUSD,Buy,175,3823,ZeroPlusTick,4dd00c71-945a-0b4e-76ff-4872c0318e8b,1259515,693
2952067,2019-01-06T11:00:33.571Z,19010611,XBTUSD,Buy,10,3823,ZeroPlusTick,8246eccb-88ae-87ab-ddcd-67bdfff20100,1259525,694
2952078,2019-01-06T11:00:34.927Z,19010611,XBTUSD,Buy,100,3823,ZeroPlusTick,dfb8fb39-eec4-c242-26d1-47a2f6f5c7a4,1259625,695
2952088,2019-01-06T11:00:34.939Z,19010611,XBTUSD,Buy,1714,3823,ZeroPlusTick,629bb39e-5983-4b00-7d8c-49a823391b16,1261339,696
2952117,2019-01-06T11:00:35.785Z,19010611,XBTUSD,Buy,2000,3823,ZeroPlusTick,c68bc3d0-af14-b8c9-1477-3bb2eeb3fdbb,1263339,697
2952125,2019-01-06T11:00:35.785Z,19010611,XBTUSD,Buy,120,3823,ZeroPlusTick,54cb4ed8-2bc2-d109-48a7-be10d42b78c3,1263459,698
2952143,2019-01-06T11:00:36.948Z,19010611,XBTUSD,Buy,520,3823.5,PlusTick,54d603fe-d62b-1b0e-be71-5d886a8b1a46,1263979,699
2952160,2019-01-06T11:00:37.449Z,19010611,XBTUSD,Buy,36,3823.5,ZeroPlusTick,42e8699b-caab-d9d0-ea2a-ab104f94f37b,1264015,700
2952184,2019-01-06T11:00:39.597Z,19010611,XBTUSD,Buy,100,3823.5,ZeroPlusTick,18e5f674-b53b-0a87-7c65-144526af61e1,1264115,701
2952242,2019-01-06T11:00:48.833Z,19010611,XBTUSD,Buy,166,3823.5,ZeroPlusTick,8f3dc957-748a-644d-280d-892f8732d9ba,1264281,702
2952246,2019-01-06T11:00:48.994Z,19010611,XBTUSD,Buy,1370,3823.5,ZeroPlusTick,f052d0c2-99ae-8073-977c-65cd2469944f,1265651,703
2952269,2019-01-06T11:00:51.111Z,19010611,XBTUSD,Buy,15000,3823.5,ZeroPlusTick,5f26f0f9-1432-3b09-ca28-3186e1084e9f,1280651,704
2952280,2019-01-06T11:00:51.111Z,19010611,XBTUSD,Buy,64,3823.5,ZeroPlusTick,deee931c-f96a-f677-6bc5-04a4d1104fc9,1280715,705
2952293,2019-01-06T11:00:51.111Z,19010611,XBTUSD,Buy,3000,3823.5,ZeroPlusTick,dc074741-9caf-35c8-e88a-8f12bb08977d,1283715,706
2952299,2019-01-06T11:00:51.580Z,19010611,XBTUSD,Buy,800,3823.5,ZeroPlusTick,4b71156b-d725-47ee-4ebc-86e7c4365fdc,1284515,707
2952333,2019-01-06T11:00:54.114Z,19010611,XBTUSD,Buy,1098,3823.5,ZeroPlusTick,7ef8f23d-e553-1fab-d019-a8c20b086fb7,1285613,708
2952345,2019-01-06T11:00:54.340Z,19010611,XBTUSD,Buy,1000,3823.5,ZeroPlusTick,32a9efb9-a2d0-1de6-18ad-c71acde06e6d,1286613,709
2952346,2019-01-06T11:00:54.415Z,19010611,XBTUSD,Buy,800,3823.5,ZeroPlusTick,d3f3f1d5-8029-7d5c-f83a-f4b7e64840e7,1287413,710
2952347,2019-01-06T11:00:54.701Z,19010611,XBTUSD,Buy,2132,3823.5,ZeroPlusTick,f9dad2bd-5589-6169-b464-dd33f8d517d1,1289545,711
2952358,2019-01-06T11:00:54.701Z,19010611,XBTUSD,Buy,620,3823.5,ZeroPlusTick,e34669d9-a25b-808b-1802-24b2ab50759f,1290165,712
2952371,2019-01-06T11:00:55.601Z,19010611,XBTUSD,Sell,5000,3823,ZeroMinusTick,a3709e77-db06-1043-6025-0ac5e2efee96,1295165,713
2952378,2019-01-06T11:00:55.601Z,19010611,XBTUSD,Sell,150,3823,ZeroMinusTick,602f6433-f52b-9f7c-93c7-34aa029ca055,1295315,714
2952387,2019-01-06T11:00:55.601Z,19010611,XBTUSD,Sell,150,3823,ZeroMinusTick,30436b34-784f-7b18-f4b7-0558134adcf7,1295465,715
2952397,2019-01-06T11:00:55.601Z,19010611,XBTUSD,Sell,32,3823,ZeroMinusTick,9ac586f7-9510-7224-d622-639e6e6b2abb,1295497,716
2952407,2019-01-06T11:00:55.601Z,19010611,XBTUSD,Sell,512,3823,ZeroMinusTick,7af54019-da13-86cd-8c13-34ba34694313,1296009,717
2952416,2019-01-06T11:00:55.601Z,19010611,XBTUSD,Sell,100,3823,ZeroMinusTick,495d1fa4-1559-3830-2fae-8da327610880,1296109,718
2952422,2019-01-06T11:00:55.601Z,19010611,XBTUSD,Sell,100,3823,ZeroMinusTick,bd029fc0-528e-8c98-60e6-14be1665418c,1296209,719
2952426,2019-01-06T11:00:56.263Z,19010611,XBTUSD,Buy,1000,3823,ZeroMinusTick,46b56bb2-2fe7-74a7-794a-39534f9bd790,1297209,720
2952438,2019-01-06T11:00:57.771Z,19010611,XBTUSD,Sell,127,3822.5,ZeroMinusTick,5cdb3721-c5e9-1cb4-cf27-38b2e54a91fe,1297336,721
2952453,2019-01-06T11:00:57.771Z,19010611,XBTUSD,Sell,2000,3822.5,ZeroMinusTick,7f7b6e46-f97e-65fc-bbe5-277d4f0f5fd3,1299336,722
2952464,2019-01-06T11:00:57.771Z,19010611,XBTUSD,Sell,520,3822,ZeroMinusTick,f8feb140-4da1-2d30-17bc-f3367d3dd854,1299856,723
2952477,2019-01-06T11:00:57.771Z,19010611,XBTUSD,Sell,6,3822,ZeroMinusTick,91c55356-0d91-8d87-5318-8719c773d6b4,1299862,724
2951981,2019-01-06T11:00:28.996Z,19010611,XBTUSD,Buy,37,3822.5,ZeroPlusTick,352f44b2-4663-b994-d736-70747408d515,1299899,725
2951988,2019-01-06T11:00:29.355Z,19010611,XBTUSD,Buy,514,3822.5,ZeroPlusTick,50ed77f1-ba4a-9e66-4e77-047fe6b08792,1300413,726
2951994,2019-01-06T11:00:29.601Z,19010611,XBTUSD,Buy,1420,3822.5,ZeroPlusTick,8b1ec97f-a28f-1484-0337-49b4632a724c,1301833,727
2952005,2019-01-06T11:00:29.755Z,19010611,XBTUSD,Buy,249,3822.5,ZeroPlusTick,aa2daa50-96eb-fec3-6aaf-ae70d40ded85,1302082,728
2952059,2019-01-06T11:00:32.213Z,19010611,XBTUSD,Buy,368,3823,ZeroPlusTick,f66e2675-180d-e2d2-fac5-c7e0b83d9498,1302450,729
2952070,2019-01-06T11:00:33.753Z,19010611,XBTUSD,Buy,5000,3823,ZeroPlusTick,2c09cfac-57f1-3f73-b437-521689e2a588,1307450,730
2952080,2019-01-06T11:00:34.927Z,19010611,XBTUSD,Buy,124,3823,ZeroPlusTick,604b1ded-84ec-620a-f315-f4e7e68eef68,1307574,731
2952090,2019-01-06T11:00:34.939Z,19010611,XBTUSD,Buy,161,3823,ZeroPlusTick,1fa0b549-f4c1-d92d-3a80-95076523fa05,1307735,732
2952097,2019-01-06T11:00:35.035Z,19010611,XBTUSD,Buy,200,3823,ZeroPlusTick,3dd2ea28-786c-d498-3eef-08062ad57e4f,1307935,733
2952098,2019-01-06T11:00:35.107Z,19010611,XBTUSD,Buy,466,3823,ZeroPlusTick,8951d86c-601e-81b3-65d4-4f6de705a9aa,1308401,734
2952119,2019-01-06T11:00:35.785Z,19010611,XBTUSD,Buy,1000,3823,ZeroPlusTick,3eb282c9-afb0-10ff-a441-3b0fc78b15ff,1309401,735
2952126,2019-01-06T11:00:35.785Z,19010611,XBTUSD,Buy,625,3823,ZeroPlusTick,32d8a9b5-a947-9400-31d6-2ee3fe68310e,1310026,736
2952138,2019-01-06T11:00:36.920Z,19010611,XBTUSD,Buy,10000,3823,ZeroPlusTick,2810f551-3a26-677b-90d2-7abb7f37a6ca,1320026,737
2952148,2019-01-06T11:00:36.948Z,19010611,XBTUSD,Buy,27,3823.5,ZeroPlusTick,e04a49aa-61c7-6972-e0e8-205dc23caa72,1320053,738
2952167,2019-01-06T11:00:37.901Z,19010611,XBTUSD,Buy,24,3823.5,ZeroPlusTick,e32f6f8b-e648-6cd2-07b9-f35c35d05e46,1320077,739
2952168,2019-01-06T11:00:38.261Z,19010611,XBTUSD,Buy,500,3823.5,ZeroPlusTick,510a1aff-0871-81aa-5585-d00e9b077f73,1320577,740
2952187,2019-01-06T11:00:42.882Z,19010611,XBTUSD,Buy,500,3823.5,ZeroPlusTick,e8d6c25d-5e9e-80c4-666c-63cd5fef735c,1321077,741
2952198,2019-01-06T11:00:43.741Z,19010611,XBTUSD,Buy,35,3823.5,PlusTick,c7b69891-9fb8-da76-e35d-8bb1a59b0e45,1321112,742
2952200,2019-01-06T11:00:44.020Z,19010611,XBTUSD,Buy,2000,3823.5,ZeroPlusTick,9479e94b-a7ba-dc3a-941f-0e0f8489f22d,1323112,743
2952204,2019-01-06T11:00:44.094Z,19010611,XBTUSD,Buy,5000,3823.5,ZeroPlusTick,51fa0289-6094-11be-c0e2-42d2c08449c8,1328112,744
2952220,2019-01-06T11:00:48.351Z,19010611,XBTUSD,Buy,200,3823.5,ZeroPlusTick,4a65f16d-970f-5a29-0245-efd3e8205a74,1328312,745
2952238,2019-01-06T11:00:48.833Z,19010611,XBTUSD,Buy,3344,3823.5,ZeroPlusTick,e06ca17d-4877-1897-6714-b6bff3aae156,1331656,746
2952264,2019-01-06T11:00:51.111Z,19010611,XBTUSD,Buy,625,3823.5,ZeroPlusTick,8604bc8f-9731-3826-6eca-0d7efe63e418,1332281,747
2952273,2019-01-06T11:00:51.111Z,19010611,XBTUSD,Buy,625,3823.5,ZeroPlusTick,454973aa-73cd-9da3-0fba-8bcb1d774e08,1332906,748
2952279,2019-01-06T11:00:51.111Z,19010611,XBTUSD,Buy,3000,3823.5,ZeroPlusTick,48669239-f3bc-7315-079a-a59c1540c61b,1335906,749
2952290,2019-01-06T11:00:51.111Z,19010611,XBTUSD,Buy,620,3823.5,ZeroPlusTick,ec9f2041-a9b6-1b03-bc76-d09aebb41081,1336526,750
2952302,2019-01-06T11:00:52.005Z,19010611,XBTUSD,Buy,1900,3823.5,ZeroPlusTick,e2238935-4438-2d6f-1b37-a807e4a99fe2,1338426,751
2952349,2019-01-06T11:00:54.701Z,19010611,XBTUSD,Buy,5000,3823.5,ZeroPlusTick,51dfe841-6c0c-e601-16a7-844c493e36a3,1343426,752
2952361,2019-01-06T11:00:54.701Z,19010611,XBTUSD,Buy,620,3823.5,ZeroPlusTick,8ff3d0b1-1d7a-8d2a-f559-23281a3c5c3e,1344046,753
2952366,2019-01-06T11:00:55.601Z,19010611,XBTUSD,Sell,20000,3823,ZeroMinusTick,38a75ed0-eac9-ad9e-0d43-7fda85b99967,1364046,754
2952382,2019-01-06T11:00:55.601Z,19010611,XBTUSD,Sell,90,3823,ZeroMinusTick,1bb26427-2f19-ffc2-9be9-cf805a69e6b2,1364136,755
2952392,2019-01-06T11:00:55.601Z,19010611,XBTUSD,Sell,15,3823,ZeroMinusTick,bffe05de-86d6-2231-d7f3-30c41b386793,1364151,756
2952405,2019-01-06T11:00:55.601Z,19010611,XBTUSD,Sell,1000,3823,ZeroMinusTick,8b608fff-444e-ec5d-c427-f5d5bf1a78c6,1365151,757
2952414,2019-01-06T11:00:55.601Z,19010611,XBTUSD,Sell,10,3823,ZeroMinusTick,b1c9c5f9-e770-4b52-95a9-a87d92db5438,1365161,758
2952437,2019-01-06T11:00:57.771Z,19010611,XBTUSD,Sell,574,3822.5,ZeroMinusTick,33233a34-f3fa-581d-9ae7-8ea60cc1cb40,1365735,759
2952451,2019-01-06T11:00:57.771Z,19010611,XBTUSD,Sell,191,3822.5,ZeroMinusTick,a7046af8-634b-feb2-37a2-4fd6e4cf5fbb,1365926,760
2952463,2019-01-06T11:00:57.771Z,19010611,XBTUSD,Sell,2000,3822,ZeroMinusTick,daebbe3d-0f80-6c74-775f-20a35c82cc29,1367926,761
2952478,2019-01-06T11:00:57.771Z,19010611,XBTUSD,Sell,1,3822,ZeroMinusTick,de9e2c9a-2c79-0e62-6211-b66ee85bf6ff,1367927,762
2952025,2019-01-06T11:00:31.225Z,19010611,XBTUSD,Buy,441,3822.5,ZeroPlusTick,32aa7691-b202-b041-5fb2-3e436db87c99,1368368,763
2952058,2019-01-06T11:00:32.196Z,19010611,XBTUSD,Buy,207,3823,ZeroPlusTick,9db3cd7c-f53a-70ce-e59b-56f2c165b939,1368575,764
2952076,2019-01-06T11:00:34.927Z,19010611,XBTUSD,Buy,200,3823,ZeroPlusTick,6ee4e3af-d18a-c72b-0dc6-d7473098e17f,1368775,765
2952087,2019-01-06T11:00:34.927Z,19010611,XBTUSD,Buy,8286,3823,ZeroPlusTick,9b694722-c276-c650-a145-8c94eee8fcda,1377061,766
2952102,2019-01-06T11:00:35.127Z,19010611,XBTUSD,Buy,236,3823,ZeroPlusTick,033409ce-4057-38ac-49d2-3197c6c43ff4,1377297,767
2952105,2019-01-06T11:00:35.151Z,19010611,XBTUSD,Buy,1116,3823,ZeroPlusTick,037c8b35-06c6-ef61-efa7-3bb9130b7160,1378413,768
2952114,2019-01-06T11:00:35.785Z,19010611,XBTUSD,Buy,625,3823,ZeroPlusTick,3d9154dc-5e34-54da-4439-bd48a28baea0,1379038,769
2952122,2019-01-06T11:00:35.785Z,19010611,XBTUSD,Buy,3000,3823,ZeroPlusTick,1f2e076f-c3f4-8ba0-9adb-a44759ffd4fc,1382038,770
2952132,2019-01-06T11:00:35.808Z,19010611,XBTUSD,Buy,12,3823,ZeroPlusTick,6d3b18d8-ab6f-7192-c2b7-3f1a4b977386,1382050,771
2952145,2019-01-06T11:00:36.948Z,19010611,XBTUSD,Buy,165,3823.5,ZeroPlusTick,dbf4c6cf-49ac-04a6-1010-d8cc52943ee2,1382215,772
2952151,2019-01-06T11:00:37.175Z,19010611,XBTUSD,Buy,5000,3823.5,ZeroPlusTick,320c5c21-bdaf-19b7-699c-123c14c7ab2a,1387215,773
2952158,2019-01-06T11:00:37.409Z,19010611,XBTUSD,Buy,936,3823.5,ZeroPlusTick,cc64e879-2065-bab1-af75-0eca76bcff23,1388151,774
2952164,2019-01-06T11:00:37.657Z,19010611,XBTUSD,Buy,30,3823.5,ZeroPlusTick,c93fe737-d7f0-d3e7-b41e-13e566129027,1388181,775
2952178,2019-01-06T11:00:39.218Z,19010611,XBTUSD,Buy,5000,3823.5,ZeroPlusTick,27601547-1cc3-2c66-28bb-25d016a2cf68,1393181,776
2952210,2019-01-06T11:00:44.258Z,19010611,XBTUSD,Buy,3359,3823.5,ZeroPlusTick,fc288774-53fc-d342-3197-475a9dead11c,1396540,777
2952245,2019-01-06T11:00:48.833Z,19010611,XBTUSD,Buy,630,3823.5,ZeroPlusTick,44adc09b-37cf-2161-c6fa-65bec9ba371e,1397170,778
2952254,2019-01-06T11:00:50.517Z,19010611,XBTUSD,Buy,2035,3823.5,ZeroPlusTick,139acdb8-a183-1748-a152-aee977fc08e1,1399205,779
2952256,2019-01-06T11:00:50.659Z,19010611,XBTUSD,Buy,969,3823.5,ZeroPlusTick,fb96c4b8-5e0e-7109-d85a-93d772779e20,1400174,780
2952257,2019-01-06T11:00:50.704Z,19010611,XBTUSD,Buy,1097,3823.5,ZeroPlusTick,678a5a45-7080-801f-03e9-9f1236c6fc24,1401271,781
2952262,2019-01-06T11:00:51.111Z,19010611,XBTUSD,Buy,1417,3823.5,ZeroPlusTick,b309187b-fe1f-0d80-0a76-c51ae9a70913,1402688,782
2952270,2019-01-06T11:00:51.111Z,19010611,XBTUSD,Buy,9129,3823.5,ZeroPlusTick,8457b082-b073-0df4-095f-0db39648004a,1411817,783
2952276,2019-01-06T11:00:51.111Z,19010611,XBTUSD,Buy,10000,3823.5,ZeroPlusTick,00fb2b31-77b4-938d-2034-07dd913bbbe7,1421817,784
2952292,2019-01-06T11:00:51.111Z,19010611,XBTUSD,Buy,5000,3823.5,ZeroPlusTick,7218c098-2df3-89e9-c652-5b2faa441020,1426817,785
2952351,2019-01-06T11:00:54.701Z,19010611,XBTUSD,Buy,2066,3823.5,ZeroPlusTick,86056e33-d093-c807-8412-0bced909e6b6,1428883,786
2952360,2019-01-06T11:00:54.701Z,19010611,XBTUSD,Buy,620,3823.5,ZeroPlusTick,e3ac21c7-de1f-0c7d-dcd8-407a80f5ca6a,1429503,787
2952370,2019-01-06T11:00:55.601Z,19010611,XBTUSD,Sell,10,3823,ZeroMinusTick,9df1b8ad-cc71-ce25-1c9a-7dc301f09893,1429513,788
2952379,2019-01-06T11:00:55.601Z,19010611,XBTUSD,Sell,150,3823,ZeroMinusTick,7083a37e-d9dd-28d1-e9cd-d790be4b2bce,1429663,789
2952389,2019-01-06T11:00:55.601Z,19010611,XBTUSD,Sell,5000,3823,ZeroMinusTick,feaa354a-f601-c050-d70f-9c48babd89b5,1434663,790
2952400,2019-01-06T11:00:55.601Z,19010611,XBTUSD,Sell,520,3823,ZeroMinusTick,6c81844f-d42e-d0df-ccbd-2af99c247a50,1435183,791
2952412,2019-01-06T11:00:55.601Z,19010611,XBTUSD,Sell,27,3823,ZeroMinusTick,3234c040-2340-3e1b-46ab-f5307dbbdbf3,1435210,792
2952423,2019-01-06T11:00:55.601Z,19010611,XBTUSD,Sell,2900,3823,ZeroMinusTick,26dae281-a3ab-d0b4-da70-9472440fb3a4,1438110,793
2952439,2019-01-06T11:00:57.771Z,19010611,XBTUSD,Sell,27,3822.5,ZeroMinusTick,7f10015e-42f6-03ae-2705-4244d3893b81,1438137,794
2952452,2019-01-06T11:00:57.771Z,19010611,XBTUSD,Sell,10,3822.5,ZeroMinusTick,cd7bdbc2-29f7-8585-d094-7801e2a48a65,1438147,795
2952462,2019-01-06T11:00:57.771Z,19010611,XBTUSD,Sell,100,3822,MinusTick,bcac69bc-f478-a670-b1b3-5efe88ae1974,1438247,796
2952472,2019-01-06T11:00:57.771Z,19010611,XBTUSD,Sell,500,3822,ZeroMinusTick,b11df2ad-a7e6-4fb7-57c6-860189045e67,1438747,797
2952490,2019-01-06T11:00:59.448Z,19010611,XBTUSD,Sell,21,3822,ZeroMinusTick,674900cd-8a21-c97c-494b-15b206860121,1438768,798
2952502,2019-01-06T11:00:59.448Z,19010611,XBTUSD,Sell,10,3821.5,ZeroMinusTick,544a4736-563d-fb52-4ac3-9157f85348a9,1438778,799
2952508,2019-01-06T11:00:59.448Z,19010611,XBTUSD,Sell,300,3821.5,ZeroMinusTick,b52b2f00-f54a-cff2-9176-0107e6c761f8,1439078,800
2952525,2019-01-06T11:00:59.448Z,19010611,XBTUSD,Sell,100,3821,ZeroMinusTick,de602ca4-9700-516b-cb93-d5f099b1e6d3,1439178,801
2952532,2019-01-06T11:00:59.448Z,19010611,XBTUSD,Sell,22,3821,ZeroMinusTick,d58a0819-bfa5-1d28-d12b-04d2d604447a,1439200,802
