id,timestamp,hour,symbol,bidPrice,bidSize,askPrice,askSize,midPrice,microPrice
9684430,2019-01-06T02:00:04.321Z,19010602,XBTUSD,3787.5,455452,3788,32193,3787.75,3788
9684429,2019-01-06T02:00:03.948Z,19010602,XBTUSD,3787.5,455420,3788,32193,3787.75,3788
9684486,2019-01-06T02:00:04.429Z,19010602,XBTUSD,3787.5,555952,3788,31668,3787.75,3788
9684497,2019-01-06T02:00:04.703Z,19010602,XBTUSD,3787.5,560249,3788,47068,3787.75,3788
9684509,2019-01-06T02:00:05.306Z,19010602,XBTUSD,3787.5,548345,3788,49404,3787.75,3788
9684536,2019-01-06T02:00:05.566Z,19010602,XBTUSD,3787.5,544268,3788,62681,3787.75,3788
9684546,2019-01-06T02:00:05.827Z,19010602,XBTUSD,3787.5,545117,3788,84057,3787.75,3788
9684585,2019-01-06T02:00:06.755Z,19010602,XBTUSD,3787.5,542932,3788,73117,3787.75,3788
9684423,2019-01-06T02:00:03.694Z,19010602,XBTUSD,3787.5,454158,3788,32243,3787.75,3788
9684433,2019-01-06T02:00:04.369Z,19010602,XBTUSD,3787.5,455952,3788,32168,3787.75,3788
9684489,2019-01-06T02:00:04.525Z,19010602,XBTUSD,3787.5,553967,3788,31668,3787.75,3788
9684495,2019-01-06T02:00:04.665Z,19010602,XBTUSD,3787.5,554075,3788,47068,3787.75,3788
9684511,2019-01-06T02:00:05.312Z,19010602,XBTUSD,3787.5,548846,3788,49494,3787.75,3788
9684519,2019-01-06T02:00:05.408Z,19010602,XBTUSD,3787.5,522613,3788,61985,3787.75,3788
9684537,2019-01-06T02:00:05.596Z,19010602,XBTUSD,3787.5,544268,3788,62682,3787.75,3788
9684545,2019-01-06T02:00:05.800Z,19010602,XBTUSD,3787.5,545117,3788,81807,3787.75,3788
9684426,2019-01-06T02:00:03.765Z,19010602,XBTUSD,3787.5,454373,3788,32193,3787.75,3788
9684493,2019-01-06T02:00:04.611Z,19010602,XBTUSD,3787.5,553917,3788,45268,3787.75,3788
9684502,2019-01-06T02:00:04.928Z,19010602,XBTUSD,3787.5,555187,3788,49319,3787.75,3788
9684513,2019-01-06T02:00:05.321Z,19010602,XBTUSD,3787.5,518615,3788,55694,3787.75,3788
9684540,2019-01-06T02:00:05.656Z,19010602,XBTUSD,3787.5,540268,3788,62623,3787.75,3788
9684550,2019-01-06T02:00:05.902Z,19010602,XBTUSD,3787.5,545117,3788,75770,3787.75,3788
9684587,2019-01-06T02:00:06.791Z,19010602,XBTUSD,3787.5,552961,3788,73117,3787.75,3788
9684604,2019-01-06T02:00:06.986Z,19010602,XBTUSD,3787.5,552561,3788,72917,3787.75,3788
9684610,2019-01-06T02:00:07.133Z,19010602,XBTUSD,3787.5,554577,3788,69106,3787.75,3788
9684625,2019-01-06T02:00:07.399Z,19010602,XBTUSD,3787.5,559526,3788,65248,3787.75,3788
9684422,2019-01-06T02:00:02.915Z,19010602,XBTUSD,3787.5,454158,3788,32242,3787.75,3788
9684427,2019-01-06T02:00:03.805Z,19010602,XBTUSD,3787.5,455394,3788,32193,3787.75,3788
9684499,2019-01-06T02:00:04.825Z,19010602,XBTUSD,3787.5,559247,3788,49318,3787.75,3788
9684507,2019-01-06T02:00:05.142Z,19010602,XBTUSD,3787.5,548345,3788,55520,3787.75,3788
9684518,2019-01-06T02:00:05.392Z,19010602,XBTUSD,3787.5,517613,3788,61985,3787.75,3788
9684538,2019-01-06T02:00:05.634Z,19010602,XBTUSD,3787.5,540268,3788,62682,3787.75,3788
9684549,2019-01-06T02:00:05.889Z,19010602,XBTUSD,3787.5,545117,3788,69569,3787.75,3788
9684581,2019-01-06T02:00:05.993Z,19010602,XBTUSD,3787.5,544229,3788,77270,3787.75,3788
9684611,2019-01-06T02:00:07.189Z,19010602,XBTUSD,3787.5,554577,3788,66856,3787.75,3788
9684621,2019-01-06T02:00:07.349Z,19010602,XBTUSD,3787.5,554914,3788,65248,3787.75,3788
9684654,2019-01-06T02:00:07.484Z,19010602,XBTUSD,3787.5,559546,3788,65279,3787.75,3788
9684425,2019-01-06T02:00:03.758Z,19010602,XBTUSD,3787.5,454258,3788,32193,3787.75,3788
9684488,2019-01-06T02:00:04.453Z,19010602,XBTUSD,3787.5,555972,3788,31668,3787.75,3788
9684501,2019-01-06T02:00:04.849Z,19010602,XBTUSD,3787.5,555187,3788,49318,3787.75,3788
9684505,2019-01-06T02:00:04.973Z,19010602,XBTUSD,3787.5,551852,3788,55519,3787.75,3788
9684517,2019-01-06T02:00:05.380Z,19010602,XBTUSD,3787.5,517613,3788,57485,3787.75,3788
9684533,2019-01-06T02:00:05.442Z,19010602,XBTUSD,3787.5,548476,3788,61986,3787.75,3788
9684543,2019-01-06T02:00:05.719Z,19010602,XBTUSD,3787.5,540268,3788,81757,3787.75,3788
9684580,2019-01-06T02:00:05.970Z,19010602,XBTUSD,3787.5,544198,3788,77270,3787.75,3788
9684615,2019-01-06T02:00:07.273Z,19010602,XBTUSD,3787.5,554604,3788,67046,3787.75,3788
9684622,2019-01-06T02:00:07.373Z,19010602,XBTUSD,3787.5,555496,3788,65248,3787.75,3788
9684431,2019-01-06T02:00:04.329Z,19010602,XBTUSD,3787.5,455952,3788,32193,3787.75,3788
9684494,2019-01-06T02:00:04.631Z,19010602,XBTUSD,3787.5,553917,3788,47068,3787.75,3788
9684503,2019-01-06T02:00:04.937Z,19010602,XBTUSD,3787.5,555187,3788,55519,3787.75,3788
9684512,2019-01-06T02:00:05.314Z,19010602,XBTUSD,3787.5,518615,3788,49494,3787.75,3788
9684534,2019-01-06T02:00:05.505Z,19010602,XBTUSD,3787.5,548476,3788,52346,3787.75,3788
9684547,2019-01-06T02:00:05.845Z,19010602,XBTUSD,3787.5,545117,3788,84037,3787.75,3788
9684606,2019-01-06T02:00:07.002Z,19010602,XBTUSD,3787.5,554537,3788,72918,3787.75,3788
9684616,2019-01-06T02:00:07.282Z,19010602,XBTUSD,3787.5,554604,3788,67047,3787.75,3788
9684619,2019-01-06T02:00:07.337Z,19010602,XBTUSD,3787.5,555606,3788,65248,3787.75,3788
9684658,2019-01-06T02:00:07.607Z,19010602,XBTUSD,3787.5,529747,3788,65233,3787.75,3788
9684688,2019-01-06T02:00:08.615Z,19010602,XBTUSD,3787.5,521267,3788,57087,3787.75,3788
9684424,2019-01-06T02:00:03.706Z,19010602,XBTUSD,3787.5,454158,3788,32193,3787.75,3788
9684491,2019-01-06T02:00:04.592Z,19010602,XBTUSD,3787.5,553967,3788,43468,3787.75,3788
9684500,2019-01-06T02:00:04.841Z,19010602,XBTUSD,3787.5,559197,3788,49318,3787.75,3788
9684506,2019-01-06T02:00:04.976Z,19010602,XBTUSD,3787.5,548345,3788,55519,3787.75,3788
9684516,2019-01-06T02:00:05.359Z,19010602,XBTUSD,3787.5,517613,3788,55685,3787.75,3788
9684531,2019-01-06T02:00:05.428Z,19010602,XBTUSD,3787.5,526924,3788,61985,3787.75,3788
9684548,2019-01-06T02:00:05.865Z,19010602,XBTUSD,3787.5,545117,3788,84038,3787.75,3788
9684586,2019-01-06T02:00:06.764Z,19010602,XBTUSD,3787.5,542961,3788,73117,3787.75,3788
9684605,2019-01-06T02:00:06.991Z,19010602,XBTUSD,3787.5,554537,3788,72917,3787.75,3788
9684612,2019-01-06T02:00:07.190Z,19010602,XBTUSD,3787.5,554577,3788,66846,3787.75,3788
9684626,2019-01-06T02:00:07.422Z,19010602,XBTUSD,3787.5,559536,3788,65248,3787.75,3788
9684655,2019-01-06T02:00:07.518Z,19010602,XBTUSD,3787.5,529246,3788,65279,3787.75,3788
9684662,2019-01-06T02:00:07.904Z,19010602,XBTUSD,3787.5,529747,3788,71935,3787.75,3788
9684691,2019-01-06T02:00:08.741Z,19010602,XBTUSD,3787.5,496287,3788,57148,3787.75,3788
9684701,2019-01-06T02:00:09.140Z,19010602,XBTUSD,3787.5,465285,3788,71579,3787.75,3788
9684721,2019-01-06T02:00:10.271Z,19010602,XBTUSD,3787.5,378117,3788,65330,3787.75,3788
9684428,2019-01-06T02:00:03.944Z,19010602,XBTUSD,3787.5,455410,3788,32193,3787.75,3788
9684434,2019-01-06T02:00:04.396Z,19010602,XBTUSD,3787.5,455952,3788,31668,3787.75,3788
9684490,2019-01-06T02:00:04.590Z,19010602,XBTUSD,3787.5,553967,3788,33468,3787.75,3788
9684496,2019-01-06T02:00:04.669Z,19010602,XBTUSD,3787.5,560299,3788,47068,3787.75,3788
9684510,2019-01-06T02:00:05.309Z,19010602,XBTUSD,3787.5,548846,3788,49404,3787.75,3788
9684515,2019-01-06T02:00:05.340Z,19010602,XBTUSD,3787.5,517613,3788,55684,3787.75,3788
9684535,2019-01-06T02:00:05.532Z,19010602,XBTUSD,3787.5,548476,3788,62681,3787.75,3788
9684544,2019-01-06T02:00:05.759Z,19010602,XBTUSD,3787.5,540318,3788,81807,3787.75,3788
9684583,2019-01-06T02:00:06.030Z,19010602,XBTUSD,3787.5,542932,3788,77250,3787.75,3788
9684609,2019-01-06T02:00:07.097Z,19010602,XBTUSD,3787.5,554537,3788,69106,3787.75,3788
9684620,2019-01-06T02:00:07.343Z,19010602,XBTUSD,3787.5,555448,3788,65248,3787.75,3788
9684663,2019-01-06T02:00:07.906Z,19010602,XBTUSD,3787.5,531751,3788,71935,3787.75,3788
9684685,2019-01-06T02:00:08.482Z,19010602,XBTUSD,3787.5,527581,3788,56937,3787.75,3788
9684692,2019-01-06T02:00:08.806Z,19010602,XBTUSD,3787.5,496287,3788,57149,3787.75,3788
9684703,2019-01-06T02:00:09.284Z,19010602,XBTUSD,3787.5,415285,3788,61579,3787.75,3788
9684720,2019-01-06T02:00:10.110Z,19010602,XBTUSD,3787.5,396800,3788,65330,3787.75,3788
9684780,2019-01-06T02:00:13.325Z,19010602,XBTUSD,3787.5,340444,3788,70741,3787.75,3788
9684788,2019-01-06T02:00:13.594Z,19010602,XBTUSD,3787.5,333889,3788,67816,3787.75,3788
9684432,2019-01-06T02:00:04.346Z,19010602,XBTUSD,3787.5,455952,3788,32194,3787.75,3788
9684487,2019-01-06T02:00:04.445Z,19010602,XBTUSD,3787.5,555962,3788,31668,3787.75,3788
9684498,2019-01-06T02:00:04.804Z,19010602,XBTUSD,3787.5,559247,3788,47068,3787.75,3788
9684508,2019-01-06T02:00:05.297Z,19010602,XBTUSD,3787.5,548345,3788,55604,3787.75,3788
9684539,2019-01-06T02:00:05.651Z,19010602,XBTUSD,3787.5,540268,3788,62683,3787.75,3788
9684541,2019-01-06T02:00:05.699Z,19010602,XBTUSD,3787.5,540268,3788,60556,3787.75,3788
9684551,2019-01-06T02:00:05.947Z,19010602,XBTUSD,3787.5,545117,3788,77270,3787.75,3788
9684584,2019-01-06T02:00:06.032Z,19010602,XBTUSD,3787.5,542932,3788,77251,3787.75,3788
9684608,2019-01-06T02:00:07.073Z,19010602,XBTUSD,3787.5,554537,3788,70852,3787.75,3788
9684618,2019-01-06T02:00:07.332Z,19010602,XBTUSD,3787.5,555606,3788,65247,3787.75,3788
9684661,2019-01-06T02:00:07.896Z,19010602,XBTUSD,3787.5,529747,3788,67801,3787.75,3788
9684686,2019-01-06T02:00:08.539Z,19010602,XBTUSD,3787.5,526066,3788,56937,3787.75,3788
9684690,2019-01-06T02:00:08.714Z,19010602,XBTUSD,3787.5,496287,3788,57087,3787.75,3788
9684702,2019-01-06T02:00:09.233Z,19010602,XBTUSD,3787.5,465285,3788,61579,3787.75,3788
9684722,2019-01-06T02:00:10.279Z,19010602,XBTUSD,3787.5,340464,3788,65330,3787.75,3788
9684781,2019-01-06T02:00:13.339Z,19010602,XBTUSD,3787.5,340444,3788,70742,3787.75,3788
9684787,2019-01-06T02:00:13.524Z,19010602,XBTUSD,3787.5,340113,3788,67816,3787.75,3788
9684798,2019-01-06T02:00:13.816Z,19010602,XBTUSD,3787.5,333921,3788,136692,3787.75,3788
9684849,2019-01-06T02:00:14.013Z,19010602,XBTUSD,3787.5,308419,3788,128693,3787.75,3788
9684856,2019-01-06T02:00:14.169Z,19010602,XBTUSD,3787.5,311549,3788,196252,3787.75,3788
9684894,2019-01-06T02:00:14.628Z,19010602,XBTUSD,3787.5,304969,3788,329419,3787.75,3788
9684903,2019-01-06T02:00:14.954Z,19010602,XBTUSD,3787.5,287211,3788,331067,3787.75,3788
9684492,2019-01-06T02:00:04.608Z,19010602,XBTUSD,3787.5,553967,3788,45268,3787.75,3788
9684504,2019-01-06T02:00:04.969Z,19010602,XBTUSD,3787.5,555862,3788,55519,3787.75,3788
9684514,2019-01-06T02:00:05.325Z,19010602,XBTUSD,3787.5,518615,3788,55684,3787.75,3788
9684532,2019-01-06T02:00:05.433Z,19010602,XBTUSD,3787.5,548476,3788,61985,3787.75,3788
9684542,2019-01-06T02:00:05.712Z,19010602,XBTUSD,3787.5,540268,3788,66757,3787.75,3788
9684603,2019-01-06T02:00:06.956Z,19010602,XBTUSD,3787.5,552561,3788,73117,3787.75,3788
9684614,2019-01-06T02:00:07.215Z,19010602,XBTUSD,3787.5,554594,3788,67046,3787.75,3788
9684624,2019-01-06T02:00:07.387Z,19010602,XBTUSD,3787.5,555526,3788,65248,3787.75,3788
9684660,2019-01-06T02:00:07.695Z,19010602,XBTUSD,3787.5,529747,3788,67800,3787.75,3788
9684706,2019-01-06T02:00:09.554Z,19010602,XBTUSD,3787.5,412780,3788,63580,3787.75,3788
9684727,2019-01-06T02:00:10.947Z,19010602,XBTUSD,3787.5,340444,3788,67142,3787.75,3788
9684789,2019-01-06T02:00:13.609Z,19010602,XBTUSD,3787.5,333889,3788,77816,3787.75,3788
9684844,2019-01-06T02:00:13.867Z,19010602,XBTUSD,3787.5,333931,3788,136693,3787.75,3788
9684857,2019-01-06T02:00:14.195Z,19010602,XBTUSD,3787.5,311549,3788,196253,3787.75,3788
9684866,2019-01-06T02:00:14.427Z,19010602,XBTUSD,3787.5,306570,3788,235932,3787.75,3788
9684893,2019-01-06T02:00:14.594Z,19010602,XBTUSD,3787.5,304969,3788,329418,3787.75,3788
9684900,2019-01-06T02:00:14.872Z,19010602,XBTUSD,3787.5,304969,3788,332067,3787.75,3788
9684910,2019-01-06T02:00:15.232Z,19010602,XBTUSD,3787.5,288427,3788,273369,3787.75,3788
9684967,2019-01-06T02:00:15.440Z,19010602,XBTUSD,3787.5,288006,3788,276023,3787.75,3788
9684971,2019-01-06T02:00:15.703Z,19010602,XBTUSD,3787.5,288095,3788,303113,3787.75,3788
9684982,2019-01-06T02:00:16.239Z,19010602,XBTUSD,3787.5,293669,3788,287436,3787.75,3788
9685062,2019-01-06T02:00:16.755Z,19010602,XBTUSD,3787.5,283709,3788,287892,3787.75,3788
9685071,2019-01-06T02:00:17.111Z,19010602,XBTUSD,3787.5,283468,3788,359519,3787.75,3788
9685138,2019-01-06T02:00:17.922Z,19010602,XBTUSD,3787.5,282896,3788,395863,3787.75,3788
9685145,2019-01-06T02:00:18.536Z,19010602,XBTUSD,3787.5,277884,3788,405958,3787.75,3788
9685217,2019-01-06T02:00:19.287Z,19010602,XBTUSD,3787.5,282402,3788,367091,3787.75,3788
9685222,2019-01-06T02:00:19.516Z,19010602,XBTUSD,3787.5,282352,3788,360779,3787.75,3788
9685246,2019-01-06T02:00:20.861Z,19010602,XBTUSD,3787.5,267728,3788,361140,3787.75,3788
9684582,2019-01-06T02:00:06.018Z,19010602,XBTUSD,3787.5,542932,3788,77270,3787.75,3788
9684613,2019-01-06T02:00:07.203Z,19010602,XBTUSD,3787.5,554577,3788,67046,3787.75,3788
9684627,2019-01-06T02:00:07.429Z,19010602,XBTUSD,3787.5,559546,3788,65248,3787.75,3788
9684659,2019-01-06T02:00:07.671Z,19010602,XBTUSD,3787.5,529747,3788,67300,3787.75,3788
9684726,2019-01-06T02:00:10.916Z,19010602,XBTUSD,3787.5,340444,3788,65342,3787.75,3788
9684790,2019-01-06T02:00:13.616Z,19010602,XBTUSD,3787.5,333889,3788,87816,3787.75,3788
9684852,2019-01-06T02:00:14.064Z,19010602,XBTUSD,3787.5,308419,3788,190694,3787.75,3788
9684863,2019-01-06T02:00:14.367Z,19010602,XBTUSD,3787.5,306570,3788,196632,3787.75,3788
9684887,2019-01-06T02:00:14.474Z,19010602,XBTUSD,3787.5,304769,3788,235933,3787.75,3788
9684897,2019-01-06T02:00:14.794Z,19010602,XBTUSD,3787.5,304969,3788,332556,3787.75,3788
9684907,2019-01-06T02:00:14.995Z,19010602,XBTUSD,3787.5,287211,3788,354368,3787.75,3788
9684968,2019-01-06T02:00:15.490Z,19010602,XBTUSD,3787.5,288095,3788,276023,3787.75,3788
9684978,2019-01-06T02:00:15.777Z,19010602,XBTUSD,3787.5,293670,3788,303435,3787.75,3788
9684981,2019-01-06T02:00:16.014Z,19010602,XBTUSD,3787.5,293669,3788,302436,3787.75,3788
9685058,2019-01-06T02:00:16.477Z,19010602,XBTUSD,3787.5,293709,3788,285857,3787.75,3788
9685069,2019-01-06T02:00:16.963Z,19010602,XBTUSD,3787.5,280668,3788,367318,3787.75,3788
9685131,2019-01-06T02:00:17.630Z,19010602,XBTUSD,3787.5,282896,3788,370582,3787.75,3788
9685142,2019-01-06T02:00:18.195Z,19010602,XBTUSD,3787.5,282896,3788,404822,3787.75,3788
9685152,2019-01-06T02:00:18.795Z,19010602,XBTUSD,3787.5,282282,3788,404202,3787.75,3788
9685218,2019-01-06T02:00:19.345Z,19010602,XBTUSD,3787.5,282392,3788,367091,3787.75,3788
9685243,2019-01-06T02:00:21.314Z,19010602,XBTUSD,3787.5,267493,3788,367985,3787.75,3788
9685250,2019-01-06T02:00:21.827Z,19010602,XBTUSD,3787.5,267193,3788,364086,3787.75,3788
9685305,2019-01-06T02:00:22.416Z,19010602,XBTUSD,3787.5,271389,3788,367806,3787.75,3788
9685347,2019-01-06T02:00:23.273Z,19010602,XBTUSD,3787.5,269931,3788,370575,3787.75,3788
9685370,2019-01-06T02:00:24.162Z,19010602,XBTUSD,3787.5,269931,3788,371211,3787.75,3788
9685377,2019-01-06T02:00:24.669Z,19010602,XBTUSD,3787.5,269931,3788,371614,3787.75,3788
9684607,2019-01-06T02:00:07.029Z,19010602,XBTUSD,3787.5,554537,3788,72919,3787.75,3788
9684617,2019-01-06T02:00:07.330Z,19010602,XBTUSD,3787.5,555606,3788,67047,3787.75,3788
9684623,2019-01-06T02:00:07.380Z,19010602,XBTUSD,3787.5,555506,3788,65248,3787.75,3788
9684656,2019-01-06T02:00:07.528Z,19010602,XBTUSD,3787.5,529246,3788,65232,3787.75,3788
9684689,2019-01-06T02:00:08.678Z,19010602,XBTUSD,3787.5,521287,3788,57087,3787.75,3788
9684699,2019-01-06T02:00:08.969Z,19010602,XBTUSD,3787.5,496287,3788,71579,3787.75,3788
9684704,2019-01-06T02:00:09.433Z,19010602,XBTUSD,3787.5,412780,3788,61579,3787.75,3788
9684729,2019-01-06T02:00:11.043Z,19010602,XBTUSD,3787.5,340444,3788,70742,3787.75,3788
9684786,2019-01-06T02:00:13.512Z,19010602,XBTUSD,3787.5,340054,3788,67816,3787.75,3788
9684796,2019-01-06T02:00:13.749Z,19010602,XBTUSD,3787.5,333921,3788,110692,3787.75,3788
9684846,2019-01-06T02:00:13.891Z,19010602,XBTUSD,3787.5,333931,3788,148693,3787.75,3788
9684859,2019-01-06T02:00:14.332Z,19010602,XBTUSD,3787.5,311560,3788,196442,3787.75,3788
9684864,2019-01-06T02:00:14.397Z,19010602,XBTUSD,3787.5,306570,3788,198882,3787.75,3788
9684891,2019-01-06T02:00:14.559Z,19010602,XBTUSD,3787.5,304969,3788,319229,3787.75,3788
9684905,2019-01-06T02:00:14.974Z,19010602,XBTUSD,3787.5,287211,3788,331568,3787.75,3788
9684963,2019-01-06T02:00:15.305Z,19010602,XBTUSD,3787.5,288387,3788,275122,3787.75,3788
9684973,2019-01-06T02:00:15.707Z,19010602,XBTUSD,3787.5,286095,3788,303213,3787.75,3788
9684988,2019-01-06T02:00:16.355Z,19010602,XBTUSD,3787.5,293709,3788,293262,3787.75,3788
9685063,2019-01-06T02:00:16.866Z,19010602,XBTUSD,3787.5,283698,3788,287892,3787.75,3788
9685077,2019-01-06T02:00:17.439Z,19010602,XBTUSD,3787.5,282886,3788,368770,3787.75,3788
9685133,2019-01-06T02:00:17.690Z,19010602,XBTUSD,3787.5,282896,3788,372329,3787.75,3788
9685143,2019-01-06T02:00:18.243Z,19010602,XBTUSD,3787.5,277896,3788,404822,3787.75,3788
9685212,2019-01-06T02:00:19.007Z,19010602,XBTUSD,3787.5,282282,3788,404194,3787.75,3788
9685223,2019-01-06T02:00:19.630Z,19010602,XBTUSD,3787.5,282352,3788,360789,3787.75,3788
9685239,2019-01-06T02:00:21.057Z,19010602,XBTUSD,3787.5,267493,3788,361170,3787.75,3788
9685306,2019-01-06T02:00:22.468Z,19010602,XBTUSD,3787.5,270389,3788,367806,3787.75,3788
9685381,2019-01-06T02:00:24.713Z,19010602,XBTUSD,3787.5,269931,3788,372116,3787.75,3788
9684665,2019-01-06T02:00:08.035Z,19010602,XBTUSD,3787.5,531581,3788,56935,3787.75,3788
9684687,2019-01-06T02:00:08.562Z,19010602,XBTUSD,3787.5,526066,3788,57087,3787.75,3788
9684707,2019-01-06T02:00:09.781Z,19010602,XBTUSD,3787.5,412780,3788,63581,3787.75,3788
9684725,2019-01-06T02:00:10.835Z,19010602,XBTUSD,3787.5,340434,3788,65332,3787.75,3788
9684784,2019-01-06T02:00:13.384Z,19010602,XBTUSD,3787.5,340454,3788,67743,3787.75,3788
9684793,2019-01-06T02:00:13.657Z,19010602,XBTUSD,3787.5,333906,3788,110066,3787.75,3788
9684848,2019-01-06T02:00:13.978Z,19010602,XBTUSD,3787.5,308419,3788,148693,3787.75,3788
9684854,2019-01-06T02:00:14.110Z,19010602,XBTUSD,3787.5,311449,3788,190695,3787.75,3788
9684865,2019-01-06T02:00:14.421Z,19010602,XBTUSD,3787.5,306570,3788,198932,3787.75,3788
9684890,2019-01-06T02:00:14.545Z,19010602,XBTUSD,3787.5,304969,3788,319183,3787.75,3788
9684901,2019-01-06T02:00:14.912Z,19010602,XBTUSD,3787.5,304969,3788,331067,3787.75,3788
9684912,2019-01-06T02:00:15.262Z,19010602,XBTUSD,3787.5,288387,3788,273322,3787.75,3788
9684970,2019-01-06T02:00:15.630Z,19010602,XBTUSD,3787.5,288095,3788,303023,3787.75,3788
9684980,2019-01-06T02:00:15.945Z,19010602,XBTUSD,3787.5,293669,3788,302435,3787.75,3788
9684989,2019-01-06T02:00:16.358Z,19010602,XBTUSD,3787.5,293709,3788,293887,3787.75,3788
9685061,2019-01-06T02:00:16.651Z,19010602,XBTUSD,3787.5,293709,3788,287892,3787.75,3788
9685068,2019-01-06T02:00:16.929Z,19010602,XBTUSD,3787.5,280668,3788,297646,3787.75,3788
9685132,2019-01-06T02:00:17.666Z,19010602,XBTUSD,3787.5,282896,3788,370982,3787.75,3788
9685144,2019-01-06T02:00:18.340Z,19010602,XBTUSD,3787.5,277896,3788,405958,3787.75,3788
9685151,2019-01-06T02:00:18.783Z,19010602,XBTUSD,3787.5,282282,3788,405949,3787.75,3788
9685214,2019-01-06T02:00:19.225Z,19010602,XBTUSD,3787.5,282402,3788,367194,3787.75,3788
9685241,2019-01-06T02:00:21.204Z,19010602,XBTUSD,3787.5,267493,3788,368484,3787.75,3788
9685253,2019-01-06T02:00:22.023Z,19010602,XBTUSD,3787.5,267389,3788,364191,3787.75,3788
9685308,2019-01-06T02:00:22.659Z,19010602,XBTUSD,3787.5,270389,3788,367808,3787.75,3788
9685343,2019-01-06T02:00:23.148Z,19010602,XBTUSD,3787.5,269931,3788,370533,3787.75,3788
9685345,2019-01-06T02:00:23.220Z,19010602,XBTUSD,3787.5,269931,3788,370535,3787.75,3788
9685371,2019-01-06T02:00:24.163Z,19010602,XBTUSD,3787.5,269931,3788,371836,3787.75,3788
9685380,2019-01-06T02:00:24.712Z,19010602,XBTUSD,3787.5,269931,3788,370616,3787.75,3788
9684657,2019-01-06T02:00:07.600Z,19010602,XBTUSD,3787.5,529246,3788,65233,3787.75,3788
9684684,2019-01-06T02:00:08.480Z,19010602,XBTUSD,3787.5,527581,3788,56935,3787.75,3788
9684693,2019-01-06T02:00:08.876Z,19010602,XBTUSD,3787.5,496287,3788,57102,3787.75,3788
9684700,2019-01-06T02:00:09.009Z,19010602,XBTUSD,3787.5,495285,3788,71579,3787.75,3788
9684723,2019-01-06T02:00:10.483Z,19010602,XBTUSD,3787.5,340464,3788,65331,3787.75,3788
9684783,2019-01-06T02:00:13.381Z,19010602,XBTUSD,3787.5,340454,3788,70743,3787.75,3788
9684795,2019-01-06T02:00:13.748Z,19010602,XBTUSD,3787.5,333921,3788,110691,3787.75,3788
9684843,2019-01-06T02:00:13.846Z,19010602,XBTUSD,3787.5,333921,3788,136693,3787.75,3788
9684853,2019-01-06T02:00:14.101Z,19010602,XBTUSD,3787.5,311449,3788,190694,3787.75,3788
9684862,2019-01-06T02:00:14.361Z,19010602,XBTUSD,3787.5,306560,3788,196632,3787.75,3788
9684886,2019-01-06T02:00:14.452Z,19010602,XBTUSD,3787.5,304769,3788,235932,3787.75,3788
9684896,2019-01-06T02:00:14.779Z,19010602,XBTUSD,3787.5,304969,3788,332566,3787.75,3788
9684906,2019-01-06T02:00:14.984Z,19010602,XBTUSD,3787.5,287211,3788,346568,3787.75,3788
9684909,2019-01-06T02:00:15.185Z,19010602,XBTUSD,3787.5,288427,3788,354369,3787.75,3788
9684965,2019-01-06T02:00:15.333Z,19010602,XBTUSD,3787.5,288387,3788,276022,3787.75,3788
9684977,2019-01-06T02:00:15.724Z,19010602,XBTUSD,3787.5,286095,3788,303435,3787.75,3788
9684986,2019-01-06T02:00:16.343Z,19010602,XBTUSD,3787.5,293669,3788,293261,3787.75,3788
9685060,2019-01-06T02:00:16.618Z,19010602,XBTUSD,3787.5,293709,3788,285859,3787.75,3788
9685072,2019-01-06T02:00:17.123Z,19010602,XBTUSD,3787.5,283006,3788,359519,3787.75,3788
9685139,2019-01-06T02:00:17.960Z,19010602,XBTUSD,3787.5,282896,3788,403363,3787.75,3788
9685146,2019-01-06T02:00:18.566Z,19010602,XBTUSD,3787.5,277884,3788,405959,3787.75,3788
9685219,2019-01-06T02:00:19.390Z,19010602,XBTUSD,3787.5,282352,3788,367091,3787.75,3788
9685238,2019-01-06T02:00:20.678Z,19010602,XBTUSD,3787.5,267202,3788,360790,3787.75,3788
9685248,2019-01-06T02:00:21.367Z,19010602,XBTUSD,3787.5,267193,3788,367985,3787.75,3788
9685304,2019-01-06T02:00:22.203Z,19010602,XBTUSD,3787.5,271389,3788,366206,3787.75,3788
9685378,2019-01-06T02:00:24.707Z,19010602,XBTUSD,3787.5,269931,3788,371615,3787.75,3788
9684664,2019-01-06T02:00:07.988Z,19010602,XBTUSD,3787.5,531751,3788,56935,3787.75,3788
9684708,2019-01-06T02:00:10.013Z,19010602,XBTUSD,3787.5,412780,3788,63830,3787.75,3788
9684719,2019-01-06T02:00:10.036Z,19010602,XBTUSD,3787.5,412780,3788,65330,3787.75,3788
9684724,2019-01-06T02:00:10.576Z,19010602,XBTUSD,3787.5,340464,3788,65332,3787.75,3788
9684785,2019-01-06T02:00:13.393Z,19010602,XBTUSD,3787.5,340054,3788,67743,3787.75,3788
9684794,2019-01-06T02:00:13.666Z,19010602,XBTUSD,3787.5,333921,3788,110066,3787.75,3788
9684851,2019-01-06T02:00:14.038Z,19010602,XBTUSD,3787.5,308419,3788,129694,3787.75,3788
9684860,2019-01-06T02:00:14.353Z,19010602,XBTUSD,3787.5,306560,3788,196442,3787.75,3788
9684889,2019-01-06T02:00:14.533Z,19010602,XBTUSD,3787.5,304769,3788,319183,3787.75,3788
9684902,2019-01-06T02:00:14.914Z,19010602,XBTUSD,3787.5,287622,3788,331067,3787.75,3788
9684908,2019-01-06T02:00:15.013Z,19010602,XBTUSD,3787.5,288427,3788,354368,3787.75,3788
9684975,2019-01-06T02:00:15.714Z,19010602,XBTUSD,3787.5,286095,3788,303260,3787.75,3788
9684983,2019-01-06T02:00:16.248Z,19010602,XBTUSD,3787.5,293669,3788,289236,3787.75,3788
9685064,2019-01-06T02:00:16.878Z,19010602,XBTUSD,3787.5,283698,3788,298115,3787.75,3788
9685075,2019-01-06T02:00:17.183Z,19010602,XBTUSD,3787.5,282886,3788,368719,3787.75,3788
9685130,2019-01-06T02:00:17.623Z,19010602,XBTUSD,3787.5,282896,3788,370581,3787.75,3788
9685136,2019-01-06T02:00:17.882Z,19010602,XBTUSD,3787.5,282896,3788,394662,3787.75,3788
9685148,2019-01-06T02:00:18.614Z,19010602,XBTUSD,3787.5,277894,3788,405969,3787.75,3788
9685211,2019-01-06T02:00:18.922Z,19010602,XBTUSD,3787.5,282282,3788,404214,3787.75,3788
9685242,2019-01-06T02:00:21.207Z,19010602,XBTUSD,3787.5,267493,3788,368485,3787.75,3788
9685252,2019-01-06T02:00:21.973Z,19010602,XBTUSD,3787.5,267193,3788,364191,3787.75,3788
9685311,2019-01-06T02:00:22.805Z,19010602,XBTUSD,3787.5,269931,3788,370733,3787.75,3788
9685374,2019-01-06T02:00:24.392Z,19010602,XBTUSD,3787.5,269931,3788,370838,3787.75,3788
9685402,2019-01-06T02:00:25.500Z,19010602,XBTUSD,3787.5,269881,3788,357127,3787.75,3788
9685420,2019-01-06T02:00:26.724Z,19010602,XBTUSD,3787.5,269362,3788,368230,3787.75,3788
9684698,2019-01-06T02:00:08.953Z,19010602,XBTUSD,3787.5,496287,3788,57103,3787.75,3788
9684705,2019-01-06T02:00:09.552Z,19010602,XBTUSD,3787.5,412780,3788,63579,3787.75,3788
9684728,2019-01-06T02:00:10.969Z,19010602,XBTUSD,3787.5,340444,3788,68942,3787.75,3788
9684782,2019-01-06T02:00:13.378Z,19010602,XBTUSD,3787.5,340444,3788,70743,3787.75,3788
9684791,2019-01-06T02:00:13.622Z,19010602,XBTUSD,3787.5,333906,3788,87816,3787.75,3788
9684850,2019-01-06T02:00:14.031Z,19010602,XBTUSD,3787.5,308419,3788,129693,3787.75,3788
9684861,2019-01-06T02:00:14.357Z,19010602,XBTUSD,3787.5,306560,3788,196443,3787.75,3788
9684895,2019-01-06T02:00:14.663Z,19010602,XBTUSD,3787.5,304969,3788,330766,3787.75,3788
9684899,2019-01-06T02:00:14.846Z,19010602,XBTUSD,3787.5,304969,3788,332567,3787.75,3788
9684911,2019-01-06T02:00:15.241Z,19010602,XBTUSD,3787.5,288427,3788,273322,3787.75,3788
9684964,2019-01-06T02:00:15.319Z,19010602,XBTUSD,3787.5,288387,3788,279022,3787.75,3788
9684974,2019-01-06T02:00:15.709Z,19010602,XBTUSD,3787.5,286095,3788,303259,3787.75,3788
9684987,2019-01-06T02:00:16.348Z,19010602,XBTUSD,3787.5,293709,3788,293261,3787.75,3788
9685059,2019-01-06T02:00:16.597Z,19010602,XBTUSD,3787.5,293709,3788,285858,3787.75,3788
9685070,2019-01-06T02:00:17.091Z,19010602,XBTUSD,3787.5,283468,3788,359518,3787.75,3788
9685078,2019-01-06T02:00:17.455Z,19010602,XBTUSD,3787.5,282896,3788,368770,3787.75,3788
9685140,2019-01-06T02:00:18.061Z,19010602,XBTUSD,3787.5,282896,3788,404196,3787.75,3788
9685147,2019-01-06T02:00:18.576Z,19010602,XBTUSD,3787.5,277894,3788,405959,3787.75,3788
9685216,2019-01-06T02:00:19.271Z,19010602,XBTUSD,3787.5,282402,3788,367591,3787.75,3788
9685224,2019-01-06T02:00:19.714Z,19010602,XBTUSD,3787.5,282352,3788,360790,3787.75,3788
9685244,2019-01-06T02:00:20.736Z,19010602,XBTUSD,3787.5,267202,3788,361140,3787.75,3788
9685307,2019-01-06T02:00:22.505Z,19010602,XBTUSD,3787.5,270389,3788,367807,3787.75,3788
9685346,2019-01-06T02:00:23.268Z,19010602,XBTUSD,3787.5,269931,3788,370565,3787.75,3788
9685372,2019-01-06T02:00:24.208Z,19010602,XBTUSD,3787.5,269931,3788,371837,3787.75,3788
9685379,2019-01-06T02:00:24.710Z,19010602,XBTUSD,3787.5,269931,3788,371616,3787.75,3788
9685421,2019-01-06T02:00:26.808Z,19010602,XBTUSD,3787.5,269166,3788,368230,3787.75,3788
9685475,2019-01-06T02:00:28.066Z,19010602,XBTUSD,3787.5,264130,3788,360655,3787.75,3788
9685486,2019-01-06T02:00:28.084Z,19010602,XBTUSD,3787.5,264135,3788,360655,3787.75,3788
9685495,2019-01-06T02:00:28.151Z,19010602,XBTUSD,3787.5,261335,3788,370288,3787.75,3788
9684792,2019-01-06T02:00:13.653Z,19010602,XBTUSD,3787.5,333906,3788,90066,3787.75,3788
9684797,2019-01-06T02:00:13.775Z,19010602,XBTUSD,3787.5,333921,3788,126692,3787.75,3788
9684845,2019-01-06T02:00:13.871Z,19010602,XBTUSD,3787.5,333931,3788,146693,3787.75,3788
9684858,2019-01-06T02:00:14.266Z,19010602,XBTUSD,3787.5,311549,3788,196442,3787.75,3788
9684888,2019-01-06T02:00:14.497Z,19010602,XBTUSD,3787.5,304769,3788,316933,3787.75,3788
9684904,2019-01-06T02:00:14.967Z,19010602,XBTUSD,3787.5,287211,3788,331567,3787.75,3788
9684976,2019-01-06T02:00:15.716Z,19010602,XBTUSD,3787.5,286095,3788,303285,3787.75,3788
9684985,2019-01-06T02:00:16.278Z,19010602,XBTUSD,3787.5,293669,3788,292861,3787.75,3788
9685067,2019-01-06T02:00:16.903Z,19010602,XBTUSD,3787.5,280668,3788,297645,3787.75,3788
9685074,2019-01-06T02:00:17.175Z,19010602,XBTUSD,3787.5,283006,3788,368719,3787.75,3788
9685135,2019-01-06T02:00:17.744Z,19010602,XBTUSD,3787.5,282896,3788,379662,3787.75,3788
9685150,2019-01-06T02:00:18.710Z,19010602,XBTUSD,3787.5,278495,3788,405949,3787.75,3788
9685213,2019-01-06T02:00:19.219Z,19010602,XBTUSD,3787.5,282402,3788,404194,3787.75,3788
9685245,2019-01-06T02:00:20.751Z,19010602,XBTUSD,3787.5,267702,3788,361140,3787.75,3788
9685302,2019-01-06T02:00:22.092Z,19010602,XBTUSD,3787.5,271389,3788,364191,3787.75,3788
9685382,2019-01-06T02:00:24.859Z,19010602,XBTUSD,3787.5,269881,3788,372116,3787.75,3788
9685419,2019-01-06T02:00:26.571Z,19010602,XBTUSD,3787.5,269362,3788,368229,3787.75,3788
9685422,2019-01-06T02:00:27.070Z,19010602,XBTUSD,3787.5,269166,3788,368231,3787.75,3788
9685471,2019-01-06T02:00:27.759Z,19010602,XBTUSD,3787.5,269166,3788,360654,3787.75,3788
9685493,2019-01-06T02:00:28.110Z,19010602,XBTUSD,3787.5,261335,3788,370288,3787.75,3788
9685501,2019-01-06T02:00:28.614Z,19010602,XBTUSD,3787.5,262375,3788,350287,3787.75,3788
9685542,2019-01-06T02:00:29.141Z,19010602,XBTUSD,3787.5,11578,3788,356555,3787.75,3788
9685548,2019-01-06T02:00:29.163Z,19010602,XBTUSD,3787.5,37802,3788,371632,3787.75,3788
9685562,2019-01-06T02:00:29.290Z,19010602,XBTUSD,3787.5,11891,3788,377392,3787.75,3788
9684847,2019-01-06T02:00:13.958Z,19010602,XBTUSD,3787.5,307419,3788,148693,3787.75,3788
9684855,2019-01-06T02:00:14.141Z,19010602,XBTUSD,3787.5,311449,3788,196252,3787.75,3788
9684892,2019-01-06T02:00:14.583Z,19010602,XBTUSD,3787.5,304969,3788,329229,3787.75,3788
9684898,2019-01-06T02:00:14.842Z,19010602,XBTUSD,3787.5,304969,3788,332566,3787.75,3788
9684969,2019-01-06T02:00:15.517Z,19010602,XBTUSD,3787.5,288095,3788,300023,3787.75,3788
9684979,2019-01-06T02:00:15.864Z,19010602,XBTUSD,3787.5,293670,3788,302435,3787.75,3788
9684990,2019-01-06T02:00:16.374Z,19010602,XBTUSD,3787.5,293709,3788,285687,3787.75,3788
9685065,2019-01-06T02:00:16.897Z,19010602,XBTUSD,3787.5,283698,3788,298145,3787.75,3788
9685073,2019-01-06T02:00:17.125Z,19010602,XBTUSD,3787.5,283006,3788,365719,3787.75,3788
9685134,2019-01-06T02:00:17.720Z,19010602,XBTUSD,3787.5,282896,3788,372349,3787.75,3788
9685141,2019-01-06T02:00:18.158Z,19010602,XBTUSD,3787.5,282896,3788,404821,3787.75,3788
9685215,2019-01-06T02:00:19.242Z,19010602,XBTUSD,3787.5,282402,3788,367590,3787.75,3788
9685221,2019-01-06T02:00:19.488Z,19010602,XBTUSD,3787.5,282352,3788,360778,3787.75,3788
9685240,2019-01-06T02:00:21.195Z,19010602,XBTUSD,3787.5,267493,3788,368483,3787.75,3788
9685249,2019-01-06T02:00:21.710Z,19010602,XBTUSD,3787.5,267193,3788,364085,3787.75,3788
9685303,2019-01-06T02:00:22.171Z,19010602,XBTUSD,3787.5,271389,3788,366191,3787.75,3788
9685348,2019-01-06T02:00:23.500Z,19010602,XBTUSD,3787.5,269931,3788,370586,3787.75,3788
9685373,2019-01-06T02:00:24.211Z,19010602,XBTUSD,3787.5,269931,3788,371838,3787.75,3788
9685375,2019-01-06T02:00:24.458Z,19010602,XBTUSD,3787.5,269931,3788,371838,3787.75,3788
9685415,2019-01-06T02:00:25.956Z,19010602,XBTUSD,3787.5,269291,3788,372127,3787.75,3788
9685473,2019-01-06T02:00:27.964Z,19010602,XBTUSD,3787.5,270130,3788,360654,3787.75,3788
9685489,2019-01-06T02:00:28.099Z,19010602,XBTUSD,3787.5,264135,3788,360995,3787.75,3788
9685498,2019-01-06T02:00:28.410Z,19010602,XBTUSD,3787.5,262335,3788,370286,3787.75,3788
9685547,2019-01-06T02:00:29.162Z,19010602,XBTUSD,3787.5,37802,3788,361632,3787.75,3788
9685557,2019-01-06T02:00:29.266Z,19010602,XBTUSD,3787.5,23436,3788,347501,3787.75,3788
9685567,2019-01-06T02:00:29.316Z,19010602,XBTUSD,3787.5,16891,3788,393367,3787.75,3788
9685575,2019-01-06T02:00:29.359Z,19010602,XBTUSD,3787.5,50891,3788,395218,3787.75,3788
9685584,2019-01-06T02:00:29.419Z,19010602,XBTUSD,3787.5,50891,3788,363682,3787.75,3788
9684966,2019-01-06T02:00:15.352Z,19010602,XBTUSD,3787.5,288006,3788,276022,3787.75,3788
9684972,2019-01-06T02:00:15.705Z,19010602,XBTUSD,3787.5,288095,3788,303213,3787.75,3788
9684984,2019-01-06T02:00:16.274Z,19010602,XBTUSD,3787.5,293669,3788,292236,3787.75,3788
9685066,2019-01-06T02:00:16.901Z,19010602,XBTUSD,3787.5,280668,3788,298145,3787.75,3788
9685076,2019-01-06T02:00:17.407Z,19010602,XBTUSD,3787.5,282886,3788,368720,3787.75,3788
9685129,2019-01-06T02:00:17.584Z,19010602,XBTUSD,3787.5,282896,3788,368781,3787.75,3788
9685137,2019-01-06T02:00:17.911Z,19010602,XBTUSD,3787.5,282896,3788,394663,3787.75,3788
9685149,2019-01-06T02:00:18.679Z,19010602,XBTUSD,3787.5,278495,3788,405969,3787.75,3788
9685220,2019-01-06T02:00:19.449Z,19010602,XBTUSD,3787.5,282352,3788,359778,3787.75,3788
9685247,2019-01-06T02:00:20.911Z,19010602,XBTUSD,3787.5,267728,3788,361170,3787.75,3788
9685251,2019-01-06T02:00:21.909Z,19010602,XBTUSD,3787.5,267193,3788,364087,3787.75,3788
9685310,2019-01-06T02:00:22.740Z,19010602,XBTUSD,3787.5,269931,3788,368433,3787.75,3788
9685383,2019-01-06T02:00:24.992Z,19010602,XBTUSD,3787.5,269881,3788,357116,3787.75,3788
9685404,2019-01-06T02:00:25.569Z,19010602,XBTUSD,3787.5,269281,3788,372127,3787.75,3788
9685418,2019-01-06T02:00:26.496Z,19010602,XBTUSD,3787.5,269362,3788,372129,3787.75,3788
9685468,2019-01-06T02:00:27.333Z,19010602,XBTUSD,3787.5,269166,3788,368273,3787.75,3788
9685488,2019-01-06T02:00:28.097Z,19010602,XBTUSD,3787.5,264135,3788,360845,3787.75,3788
9685502,2019-01-06T02:00:28.725Z,19010602,XBTUSD,3787.5,262375,3788,351587,3787.75,3788
9685553,2019-01-06T02:00:29.233Z,19010602,XBTUSD,3787.5,38282,3788,374735,3787.75,3788
9685559,2019-01-06T02:00:29.274Z,19010602,XBTUSD,3787.5,11891,3788,347501,3787.75,3788
9685573,2019-01-06T02:00:29.348Z,19010602,XBTUSD,3787.5,46891,3788,395207,3787.75,3788
9685579,2019-01-06T02:00:29.390Z,19010602,XBTUSD,3787.5,50891,3788,371129,3787.75,3788
9685593,2019-01-06T02:00:29.512Z,19010602,XBTUSD,3787.5,50432,3788,400986,3787.75,3788
9685601,2019-01-06T02:00:29.627Z,19010602,XBTUSD,3787.5,58285,3788,441875,3787.75,3788
9685609,2019-01-06T02:00:29.734Z,19010602,XBTUSD,3787.5,84489,3788,462477,3787.75,3788
9685619,2019-01-06T02:00:29.836Z,19010602,XBTUSD,3787.5,84223,3788,469141,3787.75,3788
9685645,2019-01-06T02:00:30.516Z,19010602,XBTUSD,3785.5,8338,3786,19134,3785.75,3786
9685652,2019-01-06T02:00:30.575Z,19010602,XBTUSD,3785.5,8338,3786,55029,3785.75,3786
9685670,2019-01-06T02:00:30.662Z,19010602,XBTUSD,3785.5,8373,3786,495525,3785.75,3786
9685683,2019-01-06T02:00:30.722Z,19010602,XBTUSD,3785.5,8373,3786,810138,3785.75,3786
9685692,2019-01-06T02:00:30.788Z,19010602,XBTUSD,3785.5,8184,3786,956547,3785.75,3786
9685704,2019-01-06T02:00:30.995Z,19010602,XBTUSD,3785.5,8209,3786,1008830,3785.75,3786
9685712,2019-01-06T02:00:31.095Z,19010602,XBTUSD,3785.5,8209,3786,1057470,3785.75,3786
9685756,2019-01-06T02:00:31.473Z,19010602,XBTUSD,3784.5,23675,3785,261074,3784.75,3785
9685766,2019-01-06T02:00:31.630Z,19010602,XBTUSD,3784.5,8275,3785,453023,3784.75,3785
9685776,2019-01-06T02:00:31.692Z,19010602,XBTUSD,3784,32468,3784.5,102676,3784.25,3784.5
9685309,2019-01-06T02:00:22.735Z,19010602,XBTUSD,3787.5,270389,3788,368433,3787.75,3788
9685344,2019-01-06T02:00:23.217Z,19010602,XBTUSD,3787.5,269931,3788,370534,3787.75,3788
9685376,2019-01-06T02:00:24.470Z,19010602,XBTUSD,3787.5,269931,3788,372114,3787.75,3788
9685403,2019-01-06T02:00:25.509Z,19010602,XBTUSD,3787.5,269881,3788,372127,3787.75,3788
9685417,2019-01-06T02:00:26.063Z,19010602,XBTUSD,3787.5,269291,3788,372129,3787.75,3788
9685472,2019-01-06T02:00:27.915Z,19010602,XBTUSD,3787.5,270606,3788,360654,3787.75,3788
9685490,2019-01-06T02:00:28.101Z,19010602,XBTUSD,3787.5,261335,3788,369195,3787.75,3788
9685500,2019-01-06T02:00:28.558Z,19010602,XBTUSD,3787.5,262375,3788,350286,3787.75,3788
9685541,2019-01-06T02:00:29.139Z,19010602,XBTUSD,3787.5,11578,3788,351555,3787.75,3788
9685554,2019-01-06T02:00:29.239Z,19010602,XBTUSD,3787.5,38282,3788,373735,3787.75,3788
9685566,2019-01-06T02:00:29.312Z,19010602,XBTUSD,3787.5,16891,3788,380867,3787.75,3788
9685574,2019-01-06T02:00:29.357Z,19010602,XBTUSD,3787.5,50891,3788,395207,3787.75,3788
9685586,2019-01-06T02:00:29.435Z,19010602,XBTUSD,3787.5,50891,3788,407153,3787.75,3788
9685594,2019-01-06T02:00:29.519Z,19010602,XBTUSD,3787.5,50432,3788,421676,3787.75,3788
9685605,2019-01-06T02:00:29.700Z,19010602,XBTUSD,3787.5,58286,3788,461477,3787.75,3788
9685614,2019-01-06T02:00:29.822Z,19010602,XBTUSD,3787.5,84347,3788,465141,3787.75,3788
9685641,2019-01-06T02:00:29.881Z,19010602,XBTUSD,3787.5,83711,3788,477568,3787.75,3788
9685648,2019-01-06T02:00:30.529Z,19010602,XBTUSD,3785.5,8338,3786,19474,3785.75,3786
9685668,2019-01-06T02:00:30.636Z,19010602,XBTUSD,3785.5,8373,3786,465525,3785.75,3786
9685685,2019-01-06T02:00:30.735Z,19010602,XBTUSD,3785.5,8373,3786,871247,3785.75,3786
9685689,2019-01-06T02:00:30.753Z,19010602,XBTUSD,3785.5,8184,3786,906247,3785.75,3786
9685700,2019-01-06T02:00:30.888Z,19010602,XBTUSD,3785.5,8209,3786,1003565,3785.75,3786
9685710,2019-01-06T02:00:31.082Z,19010602,XBTUSD,3785.5,8209,3786,1055380,3785.75,3786
9685719,2019-01-06T02:00:31.202Z,19010602,XBTUSD,3785.5,4198,3786,1087128,3785.75,3786
9685757,2019-01-06T02:00:31.488Z,19010602,XBTUSD,3784.5,23675,3785,268387,3784.75,3785
9685768,2019-01-06T02:00:31.640Z,19010602,XBTUSD,3784,34718,3785,483309,3784.5,3785
9685778,2019-01-06T02:00:31.742Z,19010602,XBTUSD,3784,32468,3784.5,122676,3784.25,3784.5
9685787,2019-01-06T02:00:31.949Z,19010602,XBTUSD,3784,22468,3784.5,318323,3784.25,3784.5
9685842,2019-01-06T02:00:32.151Z,19010602,XBTUSD,3784,17258,3784.5,619572,3784.25,3784.5
9685853,2019-01-06T02:00:32.267Z,19010602,XBTUSD,3784,17278,3784.5,921408,3784.25,3784.5
9685861,2019-01-06T02:00:32.407Z,19010602,XBTUSD,3784,16778,3784.5,1038017,3784.25,3784.5
9685871,2019-01-06T02:00:32.556Z,19010602,XBTUSD,3784,16778,3784.5,1128155,3784.25,3784.5
9685895,2019-01-06T02:00:32.858Z,19010602,XBTUSD,3784,16778,3784.5,1166289,3784.25,3784.5
9685900,2019-01-06T02:00:33.041Z,19010602,XBTUSD,3784,1817,3784.5,1188407,3784.25,3784.5
9685913,2019-01-06T02:00:33.279Z,19010602,XBTUSD,3783,35554,3784.5,1228056,3783.75,3784.5
9685972,2019-01-06T02:00:33.675Z,19010602,XBTUSD,3783,410,3783.5,88676,3783.25,3783.5
9685985,2019-01-06T02:00:34.062Z,19010602,XBTUSD,3782,50791,3783,73725,3782.5,3783
9685993,2019-01-06T02:00:34.181Z,19010602,XBTUSD,3781.5,91395,3782,12500,3781.75,3782
9686003,2019-01-06T02:00:34.514Z,19010602,XBTUSD,3781.5,50305,3782,91963,3781.75,3782
9686017,2019-01-06T02:00:34.826Z,19010602,XBTUSD,3781.5,50073,3782,146612,3781.75,3782
9686024,2019-01-06T02:00:34.914Z,19010602,XBTUSD,3781.5,50073,3782,147357,3781.75,3782
9686035,2019-01-06T02:00:34.984Z,19010602,XBTUSD,3781.5,50052,3782,210682,3781.75,3782
9686058,2019-01-06T02:00:35.567Z,19010602,XBTUSD,3781.5,29272,3782,260790,3781.75,3782
9686068,2019-01-06T02:00:35.753Z,19010602,XBTUSD,3781,269280,3781.5,10000,3781.25,3781.5
9686078,2019-01-06T02:00:35.844Z,19010602,XBTUSD,3781,262294,3781.5,42006,3781.25,3781.5
9686096,2019-01-06T02:00:36.806Z,19010602,XBTUSD,3781,260969,3781.5,56156,3781.25,3781.5
9686106,2019-01-06T02:00:36.937Z,19010602,XBTUSD,3781,260969,3781.5,103291,3781.25,3781.5
9686115,2019-01-06T02:00:37.052Z,19010602,XBTUSD,3781,213187,3781.5,148291,3781.25,3781.5
9685466,2019-01-06T02:00:27.156Z,19010602,XBTUSD,3787.5,269166,3788,368261,3787.75,3788
9685491,2019-01-06T02:00:28.105Z,19010602,XBTUSD,3787.5,261335,3788,369285,3787.75,3788
9685503,2019-01-06T02:00:29.031Z,19010602,XBTUSD,3787.5,42375,3788,351587,3787.75,3788
9685546,2019-01-06T02:00:29.160Z,19010602,XBTUSD,3787.5,37802,3788,361523,3787.75,3788
9685552,2019-01-06T02:00:29.218Z,19010602,XBTUSD,3787.5,38282,3788,374707,3787.75,3788
9685558,2019-01-06T02:00:29.270Z,19010602,XBTUSD,3787.5,11858,3788,347501,3787.75,3788
9685569,2019-01-06T02:00:29.326Z,19010602,XBTUSD,3787.5,36891,3788,401367,3787.75,3788
9685583,2019-01-06T02:00:29.409Z,19010602,XBTUSD,3787.5,50891,3788,364818,3787.75,3788
9685589,2019-01-06T02:00:29.460Z,19010602,XBTUSD,3787.5,50901,3788,407386,3787.75,3788
9685600,2019-01-06T02:00:29.603Z,19010602,XBTUSD,3787.5,58285,3788,421805,3787.75,3788
9685610,2019-01-06T02:00:29.741Z,19010602,XBTUSD,3787.5,84297,3788,462477,3787.75,3788
9685638,2019-01-06T02:00:29.853Z,19010602,XBTUSD,3787.5,83711,3788,470141,3787.75,3788
9685651,2019-01-06T02:00:30.569Z,19010602,XBTUSD,3785.5,8338,3786,49995,3785.75,3786
9685660,2019-01-06T02:00:30.606Z,19010602,XBTUSD,3785.5,8373,3786,363691,3785.75,3786
9685667,2019-01-06T02:00:30.633Z,19010602,XBTUSD,3785.5,8373,3786,455525,3785.75,3786
9685676,2019-01-06T02:00:30.694Z,19010602,XBTUSD,3785.5,8373,3786,731574,3785.75,3786
9685686,2019-01-06T02:00:30.738Z,19010602,XBTUSD,3785.5,8184,3786,871247,3785.75,3786
9685696,2019-01-06T02:00:30.845Z,19010602,XBTUSD,3785.5,8184,3786,978753,3785.75,3786
9685706,2019-01-06T02:00:31.023Z,19010602,XBTUSD,3785.5,8209,3786,1051280,3785.75,3786
9685717,2019-01-06T02:00:31.186Z,19010602,XBTUSD,3785.5,8209,3786,1085128,3785.75,3786
9685721,2019-01-06T02:00:31.315Z,19010602,XBTUSD,3785.5,17331,3786,1102128,3785.75,3786
9685754,2019-01-06T02:00:31.453Z,19010602,XBTUSD,3784.5,23675,3785,227319,3784.75,3785
9685762,2019-01-06T02:00:31.552Z,19010602,XBTUSD,3784.5,8275,3785,365861,3784.75,3785
9685773,2019-01-06T02:00:31.678Z,19010602,XBTUSD,3784,34718,3784.5,70176,3784.25,3784.5
9685788,2019-01-06T02:00:31.963Z,19010602,XBTUSD,3784,22468,3784.5,359637,3784.25,3784.5
9685840,2019-01-06T02:00:32.081Z,19010602,XBTUSD,3784,17258,3784.5,573089,3784.25,3784.5
9685854,2019-01-06T02:00:32.271Z,19010602,XBTUSD,3784,17278,3784.5,940059,3784.25,3784.5
9685857,2019-01-06T02:00:32.281Z,19010602,XBTUSD,3784,17278,3784.5,976773,3784.25,3784.5
9685869,2019-01-06T02:00:32.530Z,19010602,XBTUSD,3784,16778,3784.5,1098155,3784.25,3784.5
9685892,2019-01-06T02:00:32.821Z,19010602,XBTUSD,3784,16778,3784.5,1165959,3784.25,3784.5
9685903,2019-01-06T02:00:33.214Z,19010602,XBTUSD,3783,35554,3784.5,1188516,3783.75,3784.5
9685916,2019-01-06T02:00:33.290Z,19010602,XBTUSD,3783,35554,3783.5,20000,3783.25,3783.5
9685920,2019-01-06T02:00:33.535Z,19010602,XBTUSD,3783,593,3783.5,66186,3783.25,3783.5
9685978,2019-01-06T02:00:33.878Z,19010602,XBTUSD,3782.5,29764,3783,12500,3782.75,3783
9685989,2019-01-06T02:00:34.121Z,19010602,XBTUSD,3781.5,96395,3783,73725,3782.25,3783
9686008,2019-01-06T02:00:34.598Z,19010602,XBTUSD,3781.5,50205,3782,92428,3781.75,3782
9686019,2019-01-06T02:00:34.892Z,19010602,XBTUSD,3781.5,50073,3782,146852,3781.75,3782
9686022,2019-01-06T02:00:34.903Z,19010602,XBTUSD,3781.5,50073,3782,147117,3781.75,3782
9686034,2019-01-06T02:00:34.982Z,19010602,XBTUSD,3781.5,50052,3782,210607,3781.75,3782
9686062,2019-01-06T02:00:35.619Z,19010602,XBTUSD,3781.5,27422,3782,260765,3781.75,3782
9686070,2019-01-06T02:00:35.753Z,19010602,XBTUSD,3781,266080,3781.5,10000,3781.25,3781.5
9686079,2019-01-06T02:00:35.844Z,19010602,XBTUSD,3781,262289,3781.5,42006,3781.25,3781.5
9686097,2019-01-06T02:00:36.813Z,19010602,XBTUSD,3781,260969,3781.5,56171,3781.25,3781.5
9686107,2019-01-06T02:00:36.945Z,19010602,XBTUSD,3781,235969,3781.5,103291,3781.25,3781.5
9686113,2019-01-06T02:00:37.038Z,19010602,XBTUSD,3781,233492,3781.5,148291,3781.25,3781.5
9686125,2019-01-06T02:00:37.144Z,19010602,XBTUSD,3781,210027,3781.5,154342,3781.25,3781.5
9686135,2019-01-06T02:00:37.350Z,19010602,XBTUSD,3781,210027,3781.5,224356,3781.25,3781.5
9686143,2019-01-06T02:00:37.444Z,19010602,XBTUSD,3781,210051,3781.5,238313,3781.25,3781.5
9686153,2019-01-06T02:00:37.557Z,19010602,XBTUSD,3781,210051,3781.5,242702,3781.25,3781.5
9686166,2019-01-06T02:00:37.792Z,19010602,XBTUSD,3781,253526,3781.5,316800,3781.25,3781.5
9685467,2019-01-06T02:00:27.233Z,19010602,XBTUSD,3787.5,269166,3788,368272,3787.75,3788
9685487,2019-01-06T02:00:28.094Z,19010602,XBTUSD,3787.5,264135,3788,360755,3787.75,3788
9685499,2019-01-06T02:00:28.473Z,19010602,XBTUSD,3787.5,262375,3788,370286,3787.75,3788
9685540,2019-01-06T02:00:29.134Z,19010602,XBTUSD,3786,82043,3788,351555,3787,3788
9685555,2019-01-06T02:00:29.242Z,19010602,XBTUSD,3787.5,23436,3788,373735,3787.75,3788
9685564,2019-01-06T02:00:29.299Z,19010602,XBTUSD,3787.5,11891,3788,380892,3787.75,3788
9685577,2019-01-06T02:00:29.368Z,19010602,XBTUSD,3787.5,50891,3788,390229,3787.75,3788
9685585,2019-01-06T02:00:29.431Z,19010602,XBTUSD,3787.5,50891,3788,365839,3787.75,3788
9685595,2019-01-06T02:00:29.537Z,19010602,XBTUSD,3787.5,50432,3788,419519,3787.75,3788
9685604,2019-01-06T02:00:29.643Z,19010602,XBTUSD,3787.5,58286,3788,460975,3787.75,3788
9685617,2019-01-06T02:00:29.793Z,19010602,XBTUSD,3787.5,84347,3788,464005,3787.75,3788
9685644,2019-01-06T02:00:30.511Z,19010602,XBTUSD,3785.5,8338,3786,18984,3785.75,3786
9685653,2019-01-06T02:00:30.578Z,19010602,XBTUSD,3785.5,8338,3786,73711,3785.75,3786
9685671,2019-01-06T02:00:30.665Z,19010602,XBTUSD,3785.5,8373,3786,517607,3785.75,3786
9685682,2019-01-06T02:00:30.720Z,19010602,XBTUSD,3785.5,8373,3786,773683,3785.75,3786
9685690,2019-01-06T02:00:30.765Z,19010602,XBTUSD,3785.5,8184,3786,916247,3785.75,3786
9685699,2019-01-06T02:00:30.869Z,19010602,XBTUSD,3785.5,8219,3786,1003565,3785.75,3786
9685709,2019-01-06T02:00:31.079Z,19010602,XBTUSD,3785.5,8209,3786,1053380,3785.75,3786
9685720,2019-01-06T02:00:31.228Z,19010602,XBTUSD,3785.5,4198,3786,1102128,3785.75,3786
9685755,2019-01-06T02:00:31.468Z,19010602,XBTUSD,3784.5,23675,3785,230319,3784.75,3785
9685761,2019-01-06T02:00:31.532Z,19010602,XBTUSD,3784.5,8275,3785,335100,3784.75,3785
9685771,2019-01-06T02:00:31.665Z,19010602,XBTUSD,3784,34718,3784.5,50176,3784.25,3784.5
9685783,2019-01-06T02:00:31.916Z,19010602,XBTUSD,3784,32468,3784.5,220735,3784.25,3784.5
9685843,2019-01-06T02:00:32.172Z,19010602,XBTUSD,3784,17258,3784.5,649897,3784.25,3784.5
9685848,2019-01-06T02:00:32.240Z,19010602,XBTUSD,3784,17278,3784.5,920963,3784.25,3784.5
9685859,2019-01-06T02:00:32.301Z,19010602,XBTUSD,3784,17278,3784.5,1037917,3784.25,3784.5
9685872,2019-01-06T02:00:32.560Z,19010602,XBTUSD,3784,16778,3784.5,1138155,3784.25,3784.5
9685890,2019-01-06T02:00:32.811Z,19010602,XBTUSD,3784,16778,3784.5,1165869,3784.25,3784.5
9685902,2019-01-06T02:00:33.214Z,19010602,XBTUSD,3783,35554,3784.5,1188407,3783.75,3784.5
9685912,2019-01-06T02:00:33.279Z,19010602,XBTUSD,3783,35554,3784.5,1223056,3783.75,3784.5
9685973,2019-01-06T02:00:33.748Z,19010602,XBTUSD,3783,474,3783.5,88676,3783.25,3783.5
9685982,2019-01-06T02:00:34.040Z,19010602,XBTUSD,3782.5,31264,3783,73725,3782.75,3783
9685994,2019-01-06T02:00:34.195Z,19010602,XBTUSD,3781.5,91395,3782,22500,3781.75,3782
9686004,2019-01-06T02:00:34.539Z,19010602,XBTUSD,3781.5,50205,3782,91963,3781.75,3782
9686014,2019-01-06T02:00:34.639Z,19010602,XBTUSD,3781.5,50205,3782,100190,3781.75,3782
9686021,2019-01-06T02:00:34.899Z,19010602,XBTUSD,3781.5,50073,3782,147102,3781.75,3782
9686032,2019-01-06T02:00:34.979Z,19010602,XBTUSD,3781.5,50052,3782,190607,3781.75,3782
9686061,2019-01-06T02:00:35.619Z,19010602,XBTUSD,3781.5,28422,3782,260765,3781.75,3782
9686072,2019-01-06T02:00:35.753Z,19010602,XBTUSD,3781,265520,3781.5,10120,3781.25,3781.5
9686098,2019-01-06T02:00:36.817Z,19010602,XBTUSD,3781,260969,3781.5,56271,3781.25,3781.5
9686108,2019-01-06T02:00:36.945Z,19010602,XBTUSD,3781,233469,3781.5,103291,3781.25,3781.5
9686126,2019-01-06T02:00:37.144Z,19010602,XBTUSD,3781,210027,3781.5,156776,3781.25,3781.5
9686139,2019-01-06T02:00:37.369Z,19010602,XBTUSD,3781,210027,3781.5,234602,3781.25,3781.5
9686147,2019-01-06T02:00:37.480Z,19010602,XBTUSD,3781,210051,3781.5,242309,3781.25,3781.5
9686156,2019-01-06T02:00:37.604Z,19010602,XBTUSD,3781,240051,3781.5,242702,3781.25,3781.5
9686167,2019-01-06T02:00:37.837Z,19010602,XBTUSD,3781,253526,3781.5,316763,3781.25,3781.5
9686188,2019-01-06T02:00:38.007Z,19010602,XBTUSD,3781,242783,3781.5,316763,3781.25,3781.5
9686219,2019-01-06T02:00:38.669Z,19010602,XBTUSD,3781,262760,3781.5,361377,3781.25,3781.5
9686230,2019-01-06T02:00:38.753Z,19010602,XBTUSD,3781,262760,3781.5,363557,3781.25,3781.5
9686238,2019-01-06T02:00:38.829Z,19010602,XBTUSD,3781,293008,3781.5,369797,3781.25,3781.5
9686249,2019-01-06T02:00:38.916Z,19010602,XBTUSD,3781,313375,3781.5,299626,3781.25,3781.5
9686259,2019-01-06T02:00:39.088Z,19010602,XBTUSD,3781,349453,3781.5,297243,3781.25,3781.5
9685416,2019-01-06T02:00:25.997Z,19010602,XBTUSD,3787.5,269291,3788,372128,3787.75,3788
9685474,2019-01-06T02:00:28.005Z,19010602,XBTUSD,3787.5,270130,3788,360655,3787.75,3788
9685492,2019-01-06T02:00:28.109Z,19010602,XBTUSD,3787.5,261335,3788,369288,3787.75,3788
9685497,2019-01-06T02:00:28.379Z,19010602,XBTUSD,3787.5,262335,3788,370285,3787.75,3788
9685544,2019-01-06T02:00:29.155Z,19010602,XBTUSD,3787.5,22956,3788,361555,3787.75,3788
9685556,2019-01-06T02:00:29.256Z,19010602,XBTUSD,3787.5,23436,3788,368178,3787.75,3788
9685565,2019-01-06T02:00:29.305Z,19010602,XBTUSD,3787.5,11891,3788,380867,3787.75,3788
9685576,2019-01-06T02:00:29.366Z,19010602,XBTUSD,3787.5,50891,3788,390218,3787.75,3788
9685587,2019-01-06T02:00:29.437Z,19010602,XBTUSD,3787.5,50901,3788,407153,3787.75,3788
9685596,2019-01-06T02:00:29.539Z,19010602,XBTUSD,3787.5,58275,3788,419519,3787.75,3788
9685606,2019-01-06T02:00:29.705Z,19010602,XBTUSD,3787.5,73004,3788,461477,3787.75,3788
9685616,2019-01-06T02:00:29.791Z,19010602,XBTUSD,3787.5,84347,3788,464004,3787.75,3788
9685646,2019-01-06T02:00:30.521Z,19010602,XBTUSD,3785.5,8338,3786,19234,3785.75,3786
9685649,2019-01-06T02:00:30.532Z,19010602,XBTUSD,3785.5,8338,3786,19549,3785.75,3786
9685659,2019-01-06T02:00:30.603Z,19010602,XBTUSD,3785.5,8373,3786,327248,3785.75,3786
9685672,2019-01-06T02:00:30.668Z,19010602,XBTUSD,3785.5,8373,3786,527607,3785.75,3786
9685681,2019-01-06T02:00:30.713Z,19010602,XBTUSD,3785.5,8373,3786,763683,3785.75,3786
9685694,2019-01-06T02:00:30.808Z,19010602,XBTUSD,3785.5,8184,3786,971350,3785.75,3786
9685708,2019-01-06T02:00:31.078Z,19010602,XBTUSD,3785.5,8209,3786,1052380,3785.75,3786
9685711,2019-01-06T02:00:31.084Z,19010602,XBTUSD,3785.5,8209,3786,1057380,3785.75,3786
9685724,2019-01-06T02:00:31.390Z,19010602,XBTUSD,3784.5,23675,3785,66889,3784.75,3785
9685753,2019-01-06T02:00:31.440Z,19010602,XBTUSD,3784.5,23675,3785,190788,3784.75,3785
9685759,2019-01-06T02:00:31.501Z,19010602,XBTUSD,3784.5,8675,3785,304822,3784.75,3785
9685770,2019-01-06T02:00:31.654Z,19010602,XBTUSD,3784,34718,3784.5,40176,3784.25,3784.5
9685782,2019-01-06T02:00:31.904Z,19010602,XBTUSD,3784,32468,3784.5,217735,3784.25,3784.5
9685793,2019-01-06T02:00:32.028Z,19010602,XBTUSD,3784,22468,3784.5,524026,3784.25,3784.5
9685844,2019-01-06T02:00:32.180Z,19010602,XBTUSD,3784,17278,3784.5,649897,3784.25,3784.5
9685851,2019-01-06T02:00:32.258Z,19010602,XBTUSD,3784,17278,3784.5,921303,3784.25,3784.5
9685864,2019-01-06T02:00:32.502Z,19010602,XBTUSD,3784,16778,3784.5,1053155,3784.25,3784.5
9685875,2019-01-06T02:00:32.616Z,19010602,XBTUSD,3784,16778,3784.5,1153759,3784.25,3784.5
9685878,2019-01-06T02:00:32.762Z,19010602,XBTUSD,3784,16778,3784.5,1165379,3784.25,3784.5
9685891,2019-01-06T02:00:32.815Z,19010602,XBTUSD,3784,16778,3784.5,1165944,3784.25,3784.5
9685901,2019-01-06T02:00:33.214Z,19010602,XBTUSD,3783.5,6223,3784.5,1188407,3784,3784.5
9685915,2019-01-06T02:00:33.289Z,19010602,XBTUSD,3783,35554,3784.5,1260056,3783.75,3784.5
9685971,2019-01-06T02:00:33.650Z,19010602,XBTUSD,3783,593,3783.5,88676,3783.25,3783.5
9685983,2019-01-06T02:00:34.062Z,19010602,XBTUSD,3782.5,6264,3783,73725,3782.75,3783
9685995,2019-01-06T02:00:34.235Z,19010602,XBTUSD,3781.5,91395,3782,32500,3781.75,3782
9686007,2019-01-06T02:00:34.593Z,19010602,XBTUSD,3781.5,50205,3782,92413,3781.75,3782
9686011,2019-01-06T02:00:34.612Z,19010602,XBTUSD,3781.5,50205,3782,92708,3781.75,3782
9686025,2019-01-06T02:00:34.929Z,19010602,XBTUSD,3781.5,50052,3782,147357,3781.75,3782
9686031,2019-01-06T02:00:34.975Z,19010602,XBTUSD,3781.5,50052,3782,180607,3781.75,3782
9686054,2019-01-06T02:00:35.013Z,19010602,XBTUSD,3781.5,54772,3782,260790,3781.75,3782
9686065,2019-01-06T02:00:35.698Z,19010602,XBTUSD,3781,273380,3782,260765,3781.5,3782
9686071,2019-01-06T02:00:35.753Z,19010602,XBTUSD,3781,266080,3781.5,10120,3781.25,3781.5
9686084,2019-01-06T02:00:35.945Z,19010602,XBTUSD,3781,260969,3781.5,56006,3781.25,3781.5
9686102,2019-01-06T02:00:36.841Z,19010602,XBTUSD,3781,260969,3781.5,56686,3781.25,3781.5
9686112,2019-01-06T02:00:36.986Z,19010602,XBTUSD,3781,233469,3781.5,148291,3781.25,3781.5
9686123,2019-01-06T02:00:37.144Z,19010602,XBTUSD,3781,210027,3781.5,148291,3781.25,3781.5
9686132,2019-01-06T02:00:37.245Z,19010602,XBTUSD,3781,210027,3781.5,175766,3781.25,3781.5
9686145,2019-01-06T02:00:37.444Z,19010602,XBTUSD,3781,210051,3781.5,242084,3781.25,3781.5
9686152,2019-01-06T02:00:37.554Z,19010602,XBTUSD,3781,210051,3781.5,242824,3781.25,3781.5
9686162,2019-01-06T02:00:37.739Z,19010602,XBTUSD,3781,255526,3781.5,284016,3781.25,3781.5
9686184,2019-01-06T02:00:37.875Z,19010602,XBTUSD,3781,263526,3781.5,316763,3781.25,3781.5
9685469,2019-01-06T02:00:27.666Z,19010602,XBTUSD,3787.5,269166,3788,360273,3787.75,3788
9685494,2019-01-06T02:00:28.134Z,19010602,XBTUSD,3787.5,261335,3788,369908,3787.75,3788
9685545,2019-01-06T02:00:29.158Z,19010602,XBTUSD,3787.5,22956,3788,361523,3787.75,3788
9685549,2019-01-06T02:00:29.172Z,19010602,XBTUSD,3787.5,37802,3788,376632,3787.75,3788
9685563,2019-01-06T02:00:29.294Z,19010602,XBTUSD,3787.5,11891,3788,382392,3787.75,3788
9685572,2019-01-06T02:00:29.342Z,19010602,XBTUSD,3787.5,36891,3788,395207,3787.75,3788
9685578,2019-01-06T02:00:29.377Z,19010602,XBTUSD,3787.5,50891,3788,372929,3787.75,3788
9685592,2019-01-06T02:00:29.509Z,19010602,XBTUSD,3787.5,50432,3788,399386,3787.75,3788
9685603,2019-01-06T02:00:29.641Z,19010602,XBTUSD,3787.5,58285,3788,460975,3787.75,3788
9685612,2019-01-06T02:00:29.771Z,19010602,XBTUSD,3787.5,84347,3788,462038,3787.75,3788
9685642,2019-01-06T02:00:29.895Z,19010602,XBTUSD,3785.5,8357,3786,18884,3785.75,3786
9685654,2019-01-06T02:00:30.583Z,19010602,XBTUSD,3785.5,8338,3786,193785,3785.75,3786
9685666,2019-01-06T02:00:30.630Z,19010602,XBTUSD,3785.5,8373,3786,424740,3785.75,3786
9685677,2019-01-06T02:00:30.696Z,19010602,XBTUSD,3785.5,8373,3786,741574,3785.75,3786
9685687,2019-01-06T02:00:30.739Z,19010602,XBTUSD,3785.5,8184,3786,876247,3785.75,3786
9685697,2019-01-06T02:00:30.848Z,19010602,XBTUSD,3785.5,8184,3786,984953,3785.75,3786
9685701,2019-01-06T02:00:30.927Z,19010602,XBTUSD,3785.5,8209,3786,1008565,3785.75,3786
9685715,2019-01-06T02:00:31.167Z,19010602,XBTUSD,3785.5,8209,3786,1085038,3785.75,3786
9685751,2019-01-06T02:00:31.418Z,19010602,XBTUSD,3784.5,23675,3785,170788,3784.75,3785
9685763,2019-01-06T02:00:31.573Z,19010602,XBTUSD,3784.5,8275,3785,402302,3784.75,3785
9685769,2019-01-06T02:00:31.648Z,19010602,XBTUSD,3784,34718,3785,514078,3784.5,3785
9685779,2019-01-06T02:00:31.864Z,19010602,XBTUSD,3784,32468,3784.5,153468,3784.25,3784.5
9685789,2019-01-06T02:00:31.967Z,19010602,XBTUSD,3784,22468,3784.5,396108,3784.25,3784.5
9685792,2019-01-06T02:00:32.014Z,19010602,XBTUSD,3784,22468,3784.5,493705,3784.25,3784.5
9685837,2019-01-06T02:00:32.043Z,19010602,XBTUSD,3784,22468,3784.5,573089,3784.25,3784.5
9685852,2019-01-06T02:00:32.262Z,19010602,XBTUSD,3784,17278,3784.5,921318,3784.25,3784.5
9685860,2019-01-06T02:00:32.387Z,19010602,XBTUSD,3784,17278,3784.5,1038017,3784.25,3784.5
9685868,2019-01-06T02:00:32.524Z,19010602,XBTUSD,3784,16778,3784.5,1088155,3784.25,3784.5
9685896,2019-01-06T02:00:32.868Z,19010602,XBTUSD,3784,1778,3784.5,1166289,3784.25,3784.5
9685904,2019-01-06T02:00:33.214Z,19010602,XBTUSD,3783,35554,3784.5,1193516,3783.75,3784.5
9685911,2019-01-06T02:00:33.279Z,19010602,XBTUSD,3783,35554,3784.5,1222199,3783.75,3784.5
9685976,2019-01-06T02:00:33.835Z,19010602,XBTUSD,3783,196,3783.5,88597,3783.25,3783.5
9685981,2019-01-06T02:00:33.985Z,19010602,XBTUSD,3782.5,33764,3783,73725,3782.75,3783
9685996,2019-01-06T02:00:34.254Z,19010602,XBTUSD,3781.5,91395,3782,52411,3781.75,3782
9686001,2019-01-06T02:00:34.487Z,19010602,XBTUSD,3781.5,50284,3782,51911,3781.75,3782
9686013,2019-01-06T02:00:34.619Z,19010602,XBTUSD,3781.5,50205,3782,100115,3781.75,3782
9686029,2019-01-06T02:00:34.968Z,19010602,XBTUSD,3781.5,50052,3782,170457,3781.75,3782
9686038,2019-01-06T02:00:34.995Z,19010602,XBTUSD,3781.5,50052,3782,245790,3781.75,3782
9686055,2019-01-06T02:00:35.567Z,19010602,XBTUSD,3781.5,54722,3782,260790,3781.75,3782
9686067,2019-01-06T02:00:35.751Z,19010602,XBTUSD,3781,271280,3781.5,10000,3781.25,3781.5
9686069,2019-01-06T02:00:35.753Z,19010602,XBTUSD,3781,266280,3781.5,10000,3781.25,3781.5
9686080,2019-01-06T02:00:35.844Z,19010602,XBTUSD,3781,257289,3781.5,42006,3781.25,3781.5
9686101,2019-01-06T02:00:36.834Z,19010602,XBTUSD,3781,260969,3781.5,56586,3781.25,3781.5
9686111,2019-01-06T02:00:36.983Z,19010602,XBTUSD,3781,233469,3781.5,138291,3781.25,3781.5
9686122,2019-01-06T02:00:37.052Z,19010602,XBTUSD,3781,211027,3781.5,148291,3781.25,3781.5
9686133,2019-01-06T02:00:37.261Z,19010602,XBTUSD,3781,210027,3781.5,180766,3781.25,3781.5
9686144,2019-01-06T02:00:37.444Z,19010602,XBTUSD,3781,210051,3781.5,239855,3781.25,3781.5
9686151,2019-01-06T02:00:37.550Z,19010602,XBTUSD,3781,210051,3781.5,242749,3781.25,3781.5
9686161,2019-01-06T02:00:37.727Z,19010602,XBTUSD,3781,259526,3781.5,284016,3781.25,3781.5
9686187,2019-01-06T02:00:37.964Z,19010602,XBTUSD,3781,243783,3781.5,316763,3781.25,3781.5
9686220,2019-01-06T02:00:38.674Z,19010602,XBTUSD,3781,262760,3781.5,361452,3781.25,3781.5
9685470,2019-01-06T02:00:27.723Z,19010602,XBTUSD,3787.5,269166,3788,360274,3787.75,3788
9685496,2019-01-06T02:00:28.361Z,19010602,XBTUSD,3787.5,261335,3788,370285,3787.75,3788
9685539,2019-01-06T02:00:29.087Z,19010602,XBTUSD,3786,82043,3788,351587,3787,3788
9685550,2019-01-06T02:00:29.174Z,19010602,XBTUSD,3787.5,37802,3788,376707,3787.75,3788
9685560,2019-01-06T02:00:29.285Z,19010602,XBTUSD,3787.5,11891,3788,357501,3787.75,3788
9685570,2019-01-06T02:00:29.333Z,19010602,XBTUSD,3787.5,36901,3788,401407,3787.75,3788
9685582,2019-01-06T02:00:29.407Z,19010602,XBTUSD,3787.5,50891,3788,367068,3787.75,3788
9685590,2019-01-06T02:00:29.465Z,19010602,XBTUSD,3787.5,50901,3788,399386,3787.75,3788
9685599,2019-01-06T02:00:29.574Z,19010602,XBTUSD,3787.5,58285,3788,421780,3787.75,3788
9685613,2019-01-06T02:00:29.774Z,19010602,XBTUSD,3787.5,84347,3788,462004,3787.75,3788
9685640,2019-01-06T02:00:29.875Z,19010602,XBTUSD,3787.5,83711,3788,471368,3787.75,3788
9685650,2019-01-06T02:00:30.558Z,19010602,XBTUSD,3785.5,8338,3786,19639,3785.75,3786
9685658,2019-01-06T02:00:30.596Z,19010602,XBTUSD,3785.5,8373,3786,296475,3785.75,3786
9685673,2019-01-06T02:00:30.671Z,19010602,XBTUSD,3785.5,8373,3786,564074,3785.75,3786
9685679,2019-01-06T02:00:30.706Z,19010602,XBTUSD,3785.5,8373,3786,755574,3785.75,3786
9685693,2019-01-06T02:00:30.806Z,19010602,XBTUSD,3785.5,8184,3786,971200,3785.75,3786
9685702,2019-01-06T02:00:30.962Z,19010602,XBTUSD,3785.5,8209,3786,1008715,3785.75,3786
9685714,2019-01-06T02:00:31.146Z,19010602,XBTUSD,3785.5,8209,3786,1059638,3785.75,3786
9685750,2019-01-06T02:00:31.401Z,19010602,XBTUSD,3784.5,23675,3785,134267,3784.75,3785
9685764,2019-01-06T02:00:31.579Z,19010602,XBTUSD,3784.5,8275,3785,414802,3784.75,3785
9685774,2019-01-06T02:00:31.681Z,19010602,XBTUSD,3784,34718,3784.5,90176,3784.25,3784.5
9685786,2019-01-06T02:00:31.940Z,19010602,XBTUSD,3784,22468,3784.5,281847,3784.25,3784.5
9685791,2019-01-06T02:00:31.990Z,19010602,XBTUSD,3784,22468,3784.5,457226,3784.25,3784.5
9685845,2019-01-06T02:00:32.183Z,19010602,XBTUSD,3784,17278,3784.5,680704,3784.25,3784.5
9685856,2019-01-06T02:00:32.275Z,19010602,XBTUSD,3784,17278,3784.5,940284,3784.25,3784.5
9685866,2019-01-06T02:00:32.511Z,19010602,XBTUSD,3784,16778,3784.5,1068155,3784.25,3784.5
9685874,2019-01-06T02:00:32.573Z,19010602,XBTUSD,3784,16778,3784.5,1150155,3784.25,3784.5
9685887,2019-01-06T02:00:32.790Z,19010602,XBTUSD,3784,16778,3784.5,1165479,3784.25,3784.5
9685898,2019-01-06T02:00:33.037Z,19010602,XBTUSD,3784,1817,3784.5,1185407,3784.25,3784.5
9685909,2019-01-06T02:00:33.259Z,19010602,XBTUSD,3783,35554,3784.5,1217754,3783.75,3784.5
9685917,2019-01-06T02:00:33.297Z,19010602,XBTUSD,3783,35593,3783.5,20000,3783.25,3783.5
9685980,2019-01-06T02:00:33.965Z,19010602,XBTUSD,3782.5,29764,3783,73725,3782.75,3783
9685990,2019-01-06T02:00:34.121Z,19010602,XBTUSD,3781.5,91395,3783,73725,3782.25,3783
9686006,2019-01-06T02:00:34.589Z,19010602,XBTUSD,3781.5,50205,3782,92263,3781.75,3782
9686015,2019-01-06T02:00:34.732Z,19010602,XBTUSD,3781.5,50205,3782,105298,3781.75,3782
9686023,2019-01-06T02:00:34.910Z,19010602,XBTUSD,3781.5,50073,3782,147267,3781.75,3782
9686033,2019-01-06T02:00:34.980Z,19010602,XBTUSD,3781.5,50052,3782,200607,3781.75,3782
9686056,2019-01-06T02:00:35.567Z,19010602,XBTUSD,3781.5,54322,3782,260790,3781.75,3782
9686066,2019-01-06T02:00:35.698Z,19010602,XBTUSD,3781,271280,3782,260765,3781.5,3782
9686076,2019-01-06T02:00:35.830Z,19010602,XBTUSD,3781,267496,3781.5,42006,3781.25,3781.5
9686099,2019-01-06T02:00:36.821Z,19010602,XBTUSD,3781,260969,3781.5,56361,3781.25,3781.5
9686109,2019-01-06T02:00:36.966Z,19010602,XBTUSD,3781,233469,3781.5,113291,3781.25,3781.5
9686114,2019-01-06T02:00:37.052Z,19010602,XBTUSD,3781,219187,3781.5,148291,3781.25,3781.5
9686124,2019-01-06T02:00:37.144Z,19010602,XBTUSD,3781,210027,3781.5,153291,3781.25,3781.5
9686131,2019-01-06T02:00:37.245Z,19010602,XBTUSD,3781,210027,3781.5,172253,3781.25,3781.5
9686142,2019-01-06T02:00:37.444Z,19010602,XBTUSD,3781,210051,3781.5,237382,3781.25,3781.5
9686154,2019-01-06T02:00:37.591Z,19010602,XBTUSD,3781,220051,3781.5,242702,3781.25,3781.5
9686189,2019-01-06T02:00:38.501Z,19010602,XBTUSD,3781,242760,3781.5,316763,3781.25,3781.5
9686223,2019-01-06T02:00:38.689Z,19010602,XBTUSD,3781,262760,3781.5,361717,3781.25,3781.5
9686228,2019-01-06T02:00:38.733Z,19010602,XBTUSD,3781,262760,3781.5,363807,3781.25,3781.5
9686239,2019-01-06T02:00:38.836Z,19010602,XBTUSD,3781,282326,3781.5,369797,3781.25,3781.5
9686248,2019-01-06T02:00:38.911Z,19010602,XBTUSD,3781,288693,3781.5,299626,3781.25,3781.5
9686260,2019-01-06T02:00:39.105Z,19010602,XBTUSD,3781,349954,3781.5,297243,3781.25,3781.5
9685543,2019-01-06T02:00:29.152Z,19010602,XBTUSD,3787.5,22923,3788,356555,3787.75,3788
9685551,2019-01-06T02:00:29.206Z,19010602,XBTUSD,3787.5,38282,3788,376707,3787.75,3788
9685561,2019-01-06T02:00:29.288Z,19010602,XBTUSD,3787.5,11891,3788,377501,3787.75,3788
9685568,2019-01-06T02:00:29.318Z,19010602,XBTUSD,3787.5,36891,3788,393367,3787.75,3788
9685581,2019-01-06T02:00:29.395Z,19010602,XBTUSD,3787.5,50891,3788,368868,3787.75,3788
9685588,2019-01-06T02:00:29.445Z,19010602,XBTUSD,3787.5,50901,3788,407262,3787.75,3788
9685602,2019-01-06T02:00:29.632Z,19010602,XBTUSD,3787.5,58285,3788,443675,3787.75,3788
9685608,2019-01-06T02:00:29.716Z,19010602,XBTUSD,3787.5,84489,3788,461477,3787.75,3788
9685618,2019-01-06T02:00:29.832Z,19010602,XBTUSD,3787.5,84347,3788,469141,3787.75,3788
9685639,2019-01-06T02:00:29.865Z,19010602,XBTUSD,3787.5,83711,3788,471357,3787.75,3788
9685655,2019-01-06T02:00:30.587Z,19010602,XBTUSD,3785.5,8338,3786,224061,3785.75,3786
9685674,2019-01-06T02:00:30.679Z,19010602,XBTUSD,3785.5,8373,3786,569074,3785.75,3786
9685684,2019-01-06T02:00:30.733Z,19010602,XBTUSD,3785.5,8373,3786,840935,3785.75,3786
9685695,2019-01-06T02:00:30.842Z,19010602,XBTUSD,3785.5,8184,3786,971440,3785.75,3786
9685707,2019-01-06T02:00:31.030Z,19010602,XBTUSD,3785.5,8209,3786,1051380,3785.75,3786
9685718,2019-01-06T02:00:31.199Z,19010602,XBTUSD,3785.5,8209,3786,1087128,3785.75,3786
9685722,2019-01-06T02:00:31.323Z,19010602,XBTUSD,3784.5,23675,3786,1102128,3785.25,3786
9685758,2019-01-06T02:00:31.496Z,19010602,XBTUSD,3784.5,23675,3785,304822,3784.75,3785
9685767,2019-01-06T02:00:31.636Z,19010602,XBTUSD,3784,34718,3785,453023,3784.5,3785
9685777,2019-01-06T02:00:31.725Z,19010602,XBTUSD,3784,32468,3784.5,112676,3784.25,3784.5
9685781,2019-01-06T02:00:31.898Z,19010602,XBTUSD,3784,32468,3784.5,186941,3784.25,3784.5
9685839,2019-01-06T02:00:32.081Z,19010602,XBTUSD,3784,21258,3784.5,573089,3784.25,3784.5
9685850,2019-01-06T02:00:32.253Z,19010602,XBTUSD,3784,17278,3784.5,921153,3784.25,3784.5
9685858,2019-01-06T02:00:32.292Z,19010602,XBTUSD,3784,17278,3784.5,1007104,3784.25,3784.5
9685870,2019-01-06T02:00:32.539Z,19010602,XBTUSD,3784,16778,3784.5,1108155,3784.25,3784.5
9685894,2019-01-06T02:00:32.829Z,19010602,XBTUSD,3784,16778,3784.5,1166199,3784.25,3784.5
9685905,2019-01-06T02:00:33.259Z,19010602,XBTUSD,3783,35554,3784.5,1198516,3783.75,3784.5
9685910,2019-01-06T02:00:33.277Z,19010602,XBTUSD,3783,35554,3784.5,1219754,3783.75,3784.5
9685922,2019-01-06T02:00:33.550Z,19010602,XBTUSD,3783,593,3783.5,88686,3783.25,3783.5
9685977,2019-01-06T02:00:33.855Z,19010602,XBTUSD,3782.5,29764,3783.5,88597,3783,3783.5
9685988,2019-01-06T02:00:34.121Z,19010602,XBTUSD,3781.5,97395,3783,73725,3782.25,3783
9686000,2019-01-06T02:00:34.422Z,19010602,XBTUSD,3781.5,50284,3782,52411,3781.75,3782
9686010,2019-01-06T02:00:34.608Z,19010602,XBTUSD,3781.5,50205,3782,92618,3781.75,3782
9686020,2019-01-06T02:00:34.896Z,19010602,XBTUSD,3781.5,50073,3782,146952,3781.75,3782
9686030,2019-01-06T02:00:34.972Z,19010602,XBTUSD,3781.5,50052,3782,180457,3781.75,3782
9686037,2019-01-06T02:00:34.989Z,19010602,XBTUSD,3781.5,50052,3782,225790,3781.75,3782
9686060,2019-01-06T02:00:35.619Z,19010602,XBTUSD,3781.5,29222,3782,260765,3781.75,3782
9686074,2019-01-06T02:00:35.793Z,19010602,XBTUSD,3781,265520,3781.5,42006,3781.25,3781.5
9686083,2019-01-06T02:00:35.901Z,19010602,XBTUSD,3781,261289,3781.5,56006,3781.25,3781.5
9686104,2019-01-06T02:00:36.878Z,19010602,XBTUSD,3781,260969,3781.5,56926,3781.25,3781.5
9686129,2019-01-06T02:00:37.245Z,19010602,XBTUSD,3781,210027,3781.5,165458,3781.25,3781.5
9686137,2019-01-06T02:00:37.350Z,19010602,XBTUSD,3781,210027,3781.5,229534,3781.25,3781.5
9686149,2019-01-06T02:00:37.531Z,19010602,XBTUSD,3781,210051,3781.5,242509,3781.25,3781.5
9686157,2019-01-06T02:00:37.612Z,19010602,XBTUSD,3781,250051,3781.5,242702,3781.25,3781.5
9686191,2019-01-06T02:00:38.605Z,19010602,XBTUSD,3781,252760,3781.5,358077,3781.25,3781.5
9686221,2019-01-06T02:00:38.679Z,19010602,XBTUSD,3781,262760,3781.5,361552,3781.25,3781.5
9686233,2019-01-06T02:00:38.786Z,19010602,XBTUSD,3781,268960,3781.5,367607,3781.25,3781.5
9686246,2019-01-06T02:00:38.900Z,19010602,XBTUSD,3781,288693,3781.5,294608,3781.25,3781.5
9686251,2019-01-06T02:00:38.926Z,19010602,XBTUSD,3781,332165,3781.5,299526,3781.25,3781.5
9686286,2019-01-06T02:00:42.239Z,19010602,XBTUSD,3781,345686,3781.5,329003,3781.25,3781.5
9686318,2019-01-06T02:00:42.764Z,19010602,XBTUSD,3781,386444,3781.5,321987,3781.25,3781.5
9686328,2019-01-06T02:00:42.837Z,19010602,XBTUSD,3781,440635,3781.5,311429,3781.25,3781.5
9686337,2019-01-06T02:00:42.988Z,19010602,XBTUSD,3781,445951,3781.5,311664,3781.25,3781.5
9685571,2019-01-06T02:00:29.336Z,19010602,XBTUSD,3787.5,36901,3788,395207,3787.75,3788
9685580,2019-01-06T02:00:29.394Z,19010602,XBTUSD,3787.5,50891,3788,370668,3787.75,3788
9685591,2019-01-06T02:00:29.496Z,19010602,XBTUSD,3787.5,50442,3788,399386,3787.75,3788
9685598,2019-01-06T02:00:29.549Z,19010602,XBTUSD,3787.5,58275,3788,421780,3787.75,3788
9685611,2019-01-06T02:00:29.758Z,19010602,XBTUSD,3787.5,84297,3788,462038,3787.75,3788
9685643,2019-01-06T02:00:30.506Z,19010602,XBTUSD,3785.5,8338,3786,18884,3785.75,3786
9685656,2019-01-06T02:00:30.590Z,19010602,XBTUSD,3785.5,8373,3786,229095,3785.75,3786
9685665,2019-01-06T02:00:30.627Z,19010602,XBTUSD,3785.5,8373,3786,394452,3785.75,3786
9685675,2019-01-06T02:00:30.686Z,19010602,XBTUSD,3785.5,8373,3786,581574,3785.75,3786
9685678,2019-01-06T02:00:30.704Z,19010602,XBTUSD,3785.5,8373,3786,751574,3785.75,3786
9685688,2019-01-06T02:00:30.742Z,19010602,XBTUSD,3785.5,8184,3786,886247,3785.75,3786
9685698,2019-01-06T02:00:30.866Z,19010602,XBTUSD,3785.5,8219,3786,984953,3785.75,3786
9685705,2019-01-06T02:00:31.005Z,19010602,XBTUSD,3785.5,8209,3786,1009966,3785.75,3786
9685713,2019-01-06T02:00:31.133Z,19010602,XBTUSD,3785.5,8209,3786,1059538,3785.75,3786
9685752,2019-01-06T02:00:31.430Z,19010602,XBTUSD,3784.5,23675,3785,180788,3784.75,3785
9685765,2019-01-06T02:00:31.594Z,19010602,XBTUSD,3784.5,8275,3785,434802,3784.75,3785
9685775,2019-01-06T02:00:31.687Z,19010602,XBTUSD,3784,34718,3784.5,102676,3784.25,3784.5
9685780,2019-01-06T02:00:31.879Z,19010602,XBTUSD,3784,32468,3784.5,150468,3784.25,3784.5
9685790,2019-01-06T02:00:31.977Z,19010602,XBTUSD,3784,22468,3784.5,426426,3784.25,3784.5
9685838,2019-01-06T02:00:32.051Z,19010602,XBTUSD,3784,21758,3784.5,573089,3784.25,3784.5
9685849,2019-01-06T02:00:32.250Z,19010602,XBTUSD,3784,17278,3784.5,921053,3784.25,3784.5
9685863,2019-01-06T02:00:32.477Z,19010602,XBTUSD,3784,16778,3784.5,1048155,3784.25,3784.5
9685867,2019-01-06T02:00:32.517Z,19010602,XBTUSD,3784,16778,3784.5,1078155,3784.25,3784.5
9685877,2019-01-06T02:00:32.679Z,19010602,XBTUSD,3784,16778,3784.5,1169165,3784.25,3784.5
9685889,2019-01-06T02:00:32.807Z,19010602,XBTUSD,3784,16778,3784.5,1165719,3784.25,3784.5
9685897,2019-01-06T02:00:32.977Z,19010602,XBTUSD,3784,1817,3784.5,1166289,3784.25,3784.5
9685907,2019-01-06T02:00:33.259Z,19010602,XBTUSD,3783,35554,3784.5,1208516,3783.75,3784.5
9685919,2019-01-06T02:00:33.485Z,19010602,XBTUSD,3783,593,3783.5,56186,3783.25,3783.5
9685975,2019-01-06T02:00:33.803Z,19010602,XBTUSD,3783,196,3783.5,88676,3783.25,3783.5
9685986,2019-01-06T02:00:34.062Z,19010602,XBTUSD,3782,35791,3783,73725,3782.5,3783
9685992,2019-01-06T02:00:34.163Z,19010602,XBTUSD,3781.5,91395,3783,75667,3782.25,3783
9686002,2019-01-06T02:00:34.495Z,19010602,XBTUSD,3781.5,50284,3782,91963,3781.75,3782
9686016,2019-01-06T02:00:34.808Z,19010602,XBTUSD,3781.5,50205,3782,146612,3781.75,3782
9686028,2019-01-06T02:00:34.964Z,19010602,XBTUSD,3781.5,50052,3782,162457,3781.75,3782
9686036,2019-01-06T02:00:34.987Z,19010602,XBTUSD,3781.5,50052,3782,220682,3781.75,3782
9686063,2019-01-06T02:00:35.619Z,19010602,XBTUSD,3781.5,27182,3782,260765,3781.75,3782
9686073,2019-01-06T02:00:35.790Z,19010602,XBTUSD,3781,265520,3781.5,30031,3781.25,3781.5
9686081,2019-01-06T02:00:35.883Z,19010602,XBTUSD,3781,261289,3781.5,42006,3781.25,3781.5
9686100,2019-01-06T02:00:36.827Z,19010602,XBTUSD,3781,260969,3781.5,56511,3781.25,3781.5
9686110,2019-01-06T02:00:36.981Z,19010602,XBTUSD,3781,233469,3781.5,133291,3781.25,3781.5
9686120,2019-01-06T02:00:37.052Z,19010602,XBTUSD,3781,213027,3781.5,148291,3781.25,3781.5
9686127,2019-01-06T02:00:37.224Z,19010602,XBTUSD,3781,210027,3781.5,161884,3781.25,3781.5
9686138,2019-01-06T02:00:37.350Z,19010602,XBTUSD,3781,210027,3781.5,234603,3781.25,3781.5
9686146,2019-01-06T02:00:37.466Z,19010602,XBTUSD,3781,210051,3781.5,242234,3781.25,3781.5
9686159,2019-01-06T02:00:37.634Z,19010602,XBTUSD,3781,259868,3781.5,242702,3781.25,3781.5
9686163,2019-01-06T02:00:37.746Z,19010602,XBTUSD,3781,255526,3781.5,320285,3781.25,3781.5
9686185,2019-01-06T02:00:37.878Z,19010602,XBTUSD,3781,262276,3781.5,316763,3781.25,3781.5
9686192,2019-01-06T02:00:38.608Z,19010602,XBTUSD,3781,262760,3781.5,358077,3781.25,3781.5
9686217,2019-01-06T02:00:38.629Z,19010602,XBTUSD,3781,262760,3781.5,361077,3781.25,3781.5
9686227,2019-01-06T02:00:38.729Z,19010602,XBTUSD,3781,262760,3781.5,363797,3781.25,3781.5
9686237,2019-01-06T02:00:38.821Z,19010602,XBTUSD,3781,293008,3781.5,369947,3781.25,3781.5
9686245,2019-01-06T02:00:38.897Z,19010602,XBTUSD,3781,288693,3781.5,294758,3781.25,3781.5
9686252,2019-01-06T02:00:38.933Z,19010602,XBTUSD,3781,349411,3781.5,299526,3781.25,3781.5
9686263,2019-01-06T02:00:41.725Z,19010602,XBTUSD,3781,350104,3781.5,296353,3781.25,3781.5
9686280,2019-01-06T02:00:42.185Z,19010602,XBTUSD,3781,350104,3781.5,301203,3781.25,3781.5
9686291,2019-01-06T02:00:42.365Z,19010602,XBTUSD,3781,385710,3781.5,349003,3781.25,3781.5
9686310,2019-01-06T02:00:42.580Z,19010602,XBTUSD,3781,386211,3781.5,322477,3781.25,3781.5
9686325,2019-01-06T02:00:42.820Z,19010602,XBTUSD,3781,440635,3781.5,321619,3781.25,3781.5
9686329,2019-01-06T02:00:42.849Z,19010602,XBTUSD,3781,440635,3781.5,311618,3781.25,3781.5
9686344,2019-01-06T02:00:43.069Z,19010602,XBTUSD,3781,455962,3781.5,302951,3781.25,3781.5
9685597,2019-01-06T02:00:29.541Z,19010602,XBTUSD,3787.5,58275,3788,419530,3787.75,3788
9685607,2019-01-06T02:00:29.706Z,19010602,XBTUSD,3787.5,84488,3788,461477,3787.75,3788
9685615,2019-01-06T02:00:29.824Z,19010602,XBTUSD,3787.5,84347,3788,467141,3787.75,3788
9685637,2019-01-06T02:00:29.842Z,19010602,XBTUSD,3787.5,83711,3788,469141,3787.75,3788
9685647,2019-01-06T02:00:30.525Z,19010602,XBTUSD,3785.5,8338,3786,19324,3785.75,3786
9685657,2019-01-06T02:00:30.593Z,19010602,XBTUSD,3785.5,8373,3786,265626,3785.75,3786
9685669,2019-01-06T02:00:30.655Z,19010602,XBTUSD,3785.5,8373,3786,485525,3785.75,3786
9685680,2019-01-06T02:00:30.709Z,19010602,XBTUSD,3785.5,8373,3786,755683,3785.75,3786
9685691,2019-01-06T02:00:30.784Z,19010602,XBTUSD,3785.5,8184,3786,926247,3785.75,3786
9685703,2019-01-06T02:00:30.966Z,19010602,XBTUSD,3785.5,8209,3786,1008740,3785.75,3786
9685716,2019-01-06T02:00:31.169Z,19010602,XBTUSD,3785.5,8209,3786,1085113,3785.75,3786
9685723,2019-01-06T02:00:31.376Z,19010602,XBTUSD,3784.5,23675,3785,30364,3784.75,3785
9685749,2019-01-06T02:00:31.393Z,19010602,XBTUSD,3784.5,23675,3785,103416,3784.75,3785
9685760,2019-01-06T02:00:31.511Z,19010602,XBTUSD,3784.5,8275,3785,304822,3784.75,3785
9685772,2019-01-06T02:00:31.672Z,19010602,XBTUSD,3784,34718,3784.5,60176,3784.25,3784.5
9685785,2019-01-06T02:00:31.928Z,19010602,XBTUSD,3784,22468,3784.5,251050,3784.25,3784.5
9685836,2019-01-06T02:00:32.041Z,19010602,XBTUSD,3784,22468,3784.5,542285,3784.25,3784.5
9685846,2019-01-06T02:00:32.200Z,19010602,XBTUSD,3784,17278,3784.5,800758,3784.25,3784.5
9685855,2019-01-06T02:00:32.272Z,19010602,XBTUSD,3784,17278,3784.5,940209,3784.25,3784.5
9685865,2019-01-06T02:00:32.509Z,19010602,XBTUSD,3784,16778,3784.5,1063155,3784.25,3784.5
9685876,2019-01-06T02:00:32.651Z,19010602,XBTUSD,3784,16778,3784.5,1159165,3784.25,3784.5
9685893,2019-01-06T02:00:32.825Z,19010602,XBTUSD,3784,16778,3784.5,1166109,3784.25,3784.5
9685906,2019-01-06T02:00:33.259Z,19010602,XBTUSD,3783,35554,3784.5,1203516,3783.75,3784.5
9685914,2019-01-06T02:00:33.279Z,19010602,XBTUSD,3783,35554,3784.5,1259056,3783.75,3784.5
9685921,2019-01-06T02:00:33.541Z,19010602,XBTUSD,3783,593,3783.5,76186,3783.25,3783.5
9685974,2019-01-06T02:00:33.793Z,19010602,XBTUSD,3783,11,3783.5,88676,3783.25,3783.5
9685984,2019-01-06T02:00:34.062Z,19010602,XBTUSD,3782,51741,3783,73725,3782.5,3783
9685991,2019-01-06T02:00:34.163Z,19010602,XBTUSD,3781.5,91395,3783,74742,3782.25,3783
9686005,2019-01-06T02:00:34.585Z,19010602,XBTUSD,3781.5,50205,3782,92113,3781.75,3782
9686012,2019-01-06T02:00:34.616Z,19010602,XBTUSD,3781.5,50205,3782,92808,3781.75,3782
9686026,2019-01-06T02:00:34.952Z,19010602,XBTUSD,3781.5,50052,3782,152357,3781.75,3782
9686040,2019-01-06T02:00:35.002Z,19010602,XBTUSD,3781.5,54772,3782,250790,3781.75,3782
9686057,2019-01-06T02:00:35.567Z,19010602,XBTUSD,3781.5,54272,3782,260790,3781.75,3782
9686064,2019-01-06T02:00:35.619Z,19010602,XBTUSD,3781.5,12094,3782,260765,3781.75,3782
9686077,2019-01-06T02:00:35.844Z,19010602,XBTUSD,3781,262296,3781.5,42006,3781.25,3781.5
9686105,2019-01-06T02:00:36.897Z,19010602,XBTUSD,3781,260969,3781.5,64926,3781.25,3781.5
9686128,2019-01-06T02:00:37.245Z,19010602,XBTUSD,3781,210027,3781.5,163261,3781.25,3781.5
9686140,2019-01-06T02:00:37.431Z,19010602,XBTUSD,3781,210051,3781.5,234602,3781.25,3781.5
9686148,2019-01-06T02:00:37.486Z,19010602,XBTUSD,3781,210051,3781.5,242409,3781.25,3781.5
9686158,2019-01-06T02:00:37.616Z,19010602,XBTUSD,3781,260051,3781.5,242702,3781.25,3781.5
9686165,2019-01-06T02:00:37.785Z,19010602,XBTUSD,3781,253526,3781.5,319234,3781.25,3781.5
9686222,2019-01-06T02:00:38.685Z,19010602,XBTUSD,3781,262760,3781.5,361702,3781.25,3781.5
9686234,2019-01-06T02:00:38.802Z,19010602,XBTUSD,3781,268960,3781.5,369857,3781.25,3781.5
9686242,2019-01-06T02:00:38.881Z,19010602,XBTUSD,3781,288537,3781.5,369632,3781.25,3781.5
9686255,2019-01-06T02:00:38.968Z,19010602,XBTUSD,3781,349411,3781.5,297393,3781.25,3781.5
9686262,2019-01-06T02:00:41.724Z,19010602,XBTUSD,3781,350104,3781.5,296553,3781.25,3781.5
9686284,2019-01-06T02:00:42.221Z,19010602,XBTUSD,3781,346686,3781.5,305203,3781.25,3781.5
9686293,2019-01-06T02:00:42.382Z,19010602,XBTUSD,3781,385710,3781.5,349003,3781.25,3781.5
9686316,2019-01-06T02:00:42.751Z,19010602,XBTUSD,3781,386444,3781.5,322227,3781.25,3781.5
9686319,2019-01-06T02:00:42.773Z,19010602,XBTUSD,3781,386444,3781.5,321912,3781.25,3781.5
9686335,2019-01-06T02:00:42.957Z,19010602,XBTUSD,3781,436951,3781.5,311664,3781.25,3781.5
9686343,2019-01-06T02:00:43.068Z,19010602,XBTUSD,3781,455952,3781.5,302951,3781.25,3781.5
9685784,2019-01-06T02:00:31.926Z,19010602,XBTUSD,3784,32468,3784.5,251050,3784.25,3784.5
9685841,2019-01-06T02:00:32.112Z,19010602,XBTUSD,3784,17258,3784.5,583089,3784.25,3784.5
9685847,2019-01-06T02:00:32.219Z,19010602,XBTUSD,3784,17278,3784.5,920813,3784.25,3784.5
9685862,2019-01-06T02:00:32.471Z,19010602,XBTUSD,3784,16778,3784.5,1043086,3784.25,3784.5
9685873,2019-01-06T02:00:32.563Z,19010602,XBTUSD,3784,16778,3784.5,1146155,3784.25,3784.5
9685888,2019-01-06T02:00:32.799Z,19010602,XBTUSD,3784,16778,3784.5,1165569,3784.25,3784.5
9685899,2019-01-06T02:00:33.040Z,19010602,XBTUSD,3784,1817,3784.5,1187407,3784.25,3784.5
9685908,2019-01-06T02:00:33.259Z,19010602,XBTUSD,3783,35554,3784.5,1216640,3783.75,3784.5
9685918,2019-01-06T02:00:33.425Z,19010602,XBTUSD,3783,35593,3783.5,56186,3783.25,3783.5
9685979,2019-01-06T02:00:33.916Z,19010602,XBTUSD,3782.5,29764,3783,53814,3782.75,3783
9685987,2019-01-06T02:00:34.062Z,19010602,XBTUSD,3782,30791,3783,73725,3782.5,3783
9685999,2019-01-06T02:00:34.390Z,19010602,XBTUSD,3781.5,80284,3782,52411,3781.75,3782
9686009,2019-01-06T02:00:34.603Z,19010602,XBTUSD,3781.5,50205,3782,92518,3781.75,3782
9686018,2019-01-06T02:00:34.881Z,19010602,XBTUSD,3781.5,50073,3782,146762,3781.75,3782
9686027,2019-01-06T02:00:34.960Z,19010602,XBTUSD,3781.5,50052,3782,162357,3781.75,3782
9686039,2019-01-06T02:00:34.998Z,19010602,XBTUSD,3781.5,50052,3782,250790,3781.75,3782
9686059,2019-01-06T02:00:35.567Z,19010602,XBTUSD,3781.5,29222,3782,260790,3781.75,3782
9686075,2019-01-06T02:00:35.799Z,19010602,XBTUSD,3781,265496,3781.5,42006,3781.25,3781.5
9686082,2019-01-06T02:00:35.891Z,19010602,XBTUSD,3781,261289,3781.5,46006,3781.25,3781.5
9686103,2019-01-06T02:00:36.857Z,19010602,XBTUSD,3781,260969,3781.5,56836,3781.25,3781.5
9686130,2019-01-06T02:00:37.245Z,19010602,XBTUSD,3781,210027,3781.5,167787,3781.25,3781.5
9686136,2019-01-06T02:00:37.350Z,19010602,XBTUSD,3781,210027,3781.5,224465,3781.25,3781.5
9686150,2019-01-06T02:00:37.537Z,19010602,XBTUSD,3781,210051,3781.5,242659,3781.25,3781.5
9686160,2019-01-06T02:00:37.668Z,19010602,XBTUSD,3781,259526,3781.5,242702,3781.25,3781.5
9686190,2019-01-06T02:00:38.563Z,19010602,XBTUSD,3781,242760,3781.5,358077,3781.25,3781.5
9686218,2019-01-06T02:00:38.656Z,19010602,XBTUSD,3781,262760,3781.5,361227,3781.25,3781.5
9686232,2019-01-06T02:00:38.781Z,19010602,XBTUSD,3781,268960,3781.5,365357,3781.25,3781.5
9686247,2019-01-06T02:00:38.908Z,19010602,XBTUSD,3781,288693,3781.5,294518,3781.25,3781.5
9686257,2019-01-06T02:00:38.994Z,19010602,XBTUSD,3781,349415,3781.5,297243,3781.25,3781.5
9686261,2019-01-06T02:00:41.707Z,19010602,XBTUSD,3781,350104,3781.5,296643,3781.25,3781.5
9686279,2019-01-06T02:00:42.152Z,19010602,XBTUSD,3781,350104,3781.5,301353,3781.25,3781.5
9686289,2019-01-06T02:00:42.339Z,19010602,XBTUSD,3781,360710,3781.5,349003,3781.25,3781.5
9686313,2019-01-06T02:00:42.722Z,19010602,XBTUSD,3781,386442,3781.5,322477,3781.25,3781.5
9686327,2019-01-06T02:00:42.826Z,19010602,XBTUSD,3781,440635,3781.5,321429,3781.25,3781.5
9686338,2019-01-06T02:00:43.005Z,19010602,XBTUSD,3781,455951,3781.5,311664,3781.25,3781.5
9686347,2019-01-06T02:00:43.123Z,19010602,XBTUSD,3781,455963,3781.5,289843,3781.25,3781.5
9686394,2019-01-06T02:00:43.406Z,19010602,XBTUSD,3781,397383,3781.5,286868,3781.25,3781.5
9686403,2019-01-06T02:00:43.498Z,19010602,XBTUSD,3781,424170,3781.5,276692,3781.25,3781.5
9686416,2019-01-06T02:00:43.610Z,19010602,XBTUSD,3781,414763,3781.5,251686,3781.25,3781.5
9686423,2019-01-06T02:00:43.661Z,19010602,XBTUSD,3781,404763,3781.5,241204,3781.25,3781.5
9686433,2019-01-06T02:00:43.984Z,19010602,XBTUSD,3781,413883,3781.5,40088,3781.25,3781.5
9686473,2019-01-06T02:00:44.169Z,19010602,XBTUSD,3781,398290,3781.5,40277,3781.25,3781.5
9686481,2019-01-06T02:00:44.351Z,19010602,XBTUSD,3781,401914,3781.5,40277,3781.25,3781.5
9686492,2019-01-06T02:00:44.472Z,19010602,XBTUSD,3781,437121,3781.5,42296,3781.25,3781.5
9686503,2019-01-06T02:00:44.668Z,19010602,XBTUSD,3781,487393,3781.5,133690,3781.25,3781.5
9686559,2019-01-06T02:00:44.886Z,19010602,XBTUSD,3781,518454,3781.5,231690,3781.25,3781.5
9686568,2019-01-06T02:00:44.992Z,19010602,XBTUSD,3781,624188,3781.5,231690,3781.25,3781.5
9686121,2019-01-06T02:00:37.052Z,19010602,XBTUSD,3781,212027,3781.5,148291,3781.25,3781.5
9686134,2019-01-06T02:00:37.295Z,19010602,XBTUSD,3781,210027,3781.5,219356,3781.25,3781.5
9686141,2019-01-06T02:00:37.444Z,19010602,XBTUSD,3781,210051,3781.5,235953,3781.25,3781.5
9686155,2019-01-06T02:00:37.600Z,19010602,XBTUSD,3781,230051,3781.5,242702,3781.25,3781.5
9686164,2019-01-06T02:00:37.769Z,19010602,XBTUSD,3781,253526,3781.5,320285,3781.25,3781.5
9686186,2019-01-06T02:00:37.957Z,19010602,XBTUSD,3781,244283,3781.5,316763,3781.25,3781.5
9686224,2019-01-06T02:00:38.697Z,19010602,XBTUSD,3781,262760,3781.5,361817,3781.25,3781.5
9686235,2019-01-06T02:00:38.806Z,19010602,XBTUSD,3781,268960,3781.5,369947,3781.25,3781.5
9686244,2019-01-06T02:00:38.890Z,19010602,XBTUSD,3781,288693,3781.5,369617,3781.25,3781.5
9686254,2019-01-06T02:00:38.964Z,19010602,XBTUSD,3781,349411,3781.5,295593,3781.25,3781.5
9686287,2019-01-06T02:00:42.290Z,19010602,XBTUSD,3781,345686,3781.5,349003,3781.25,3781.5
9686296,2019-01-06T02:00:42.450Z,19010602,XBTUSD,3781,385710,3781.5,322466,3781.25,3781.5
9686315,2019-01-06T02:00:42.745Z,19010602,XBTUSD,3781,386444,3781.5,322327,3781.25,3781.5
9686320,2019-01-06T02:00:42.775Z,19010602,XBTUSD,3781,386444,3781.5,321874,3781.25,3781.5
9686334,2019-01-06T02:00:42.948Z,19010602,XBTUSD,3781,440751,3781.5,311664,3781.25,3781.5
9686340,2019-01-06T02:00:43.022Z,19010602,XBTUSD,3781,455951,3781.5,309859,3781.25,3781.5
9686393,2019-01-06T02:00:43.401Z,19010602,XBTUSD,3781,397263,3781.5,286868,3781.25,3781.5
9686405,2019-01-06T02:00:43.514Z,19010602,XBTUSD,3781,424170,3781.5,272986,3781.25,3781.5
9686412,2019-01-06T02:00:43.582Z,19010602,XBTUSD,3781,420274,3781.5,258936,3781.25,3781.5
9686425,2019-01-06T02:00:43.818Z,19010602,XBTUSD,3781,404766,3781.5,60088,3781.25,3781.5
9686434,2019-01-06T02:00:43.996Z,19010602,XBTUSD,3781,414384,3781.5,40088,3781.25,3781.5
9686471,2019-01-06T02:00:44.162Z,19010602,XBTUSD,3781,398089,3781.5,40277,3781.25,3781.5
9686479,2019-01-06T02:00:44.336Z,19010602,XBTUSD,3781,401922,3781.5,40277,3781.25,3781.5
9686490,2019-01-06T02:00:44.430Z,19010602,XBTUSD,3781,411821,3781.5,42296,3781.25,3781.5
9686495,2019-01-06T02:00:44.528Z,19010602,XBTUSD,3781,487121,3781.5,132339,3781.25,3781.5
9686562,2019-01-06T02:00:44.957Z,19010602,XBTUSD,3781,538456,3781.5,231690,3781.25,3781.5
9686572,2019-01-06T02:00:45.037Z,19010602,XBTUSD,3781,630728,3781.5,231644,3781.25,3781.5
9686599,2019-01-06T02:00:48.340Z,19010602,XBTUSD,3781,630228,3781.5,241644,3781.25,3781.5
9686607,2019-01-06T02:00:49.492Z,19010602,XBTUSD,3781,488481,3781.5,241644,3781.25,3781.5
9686622,2019-01-06T02:00:49.530Z,19010602,XBTUSD,3781,488524,3781.5,141644,3781.25,3781.5
9686635,2019-01-06T02:00:49.709Z,19010602,XBTUSD,3781,475284,3781.5,151770,3781.25,3781.5
9686641,2019-01-06T02:00:49.832Z,19010602,XBTUSD,3781,476585,3781.5,161497,3781.25,3781.5
9686650,2019-01-06T02:00:50.027Z,19010602,XBTUSD,3781.5,82469,3782,148797,3781.75,3782
9686694,2019-01-06T02:00:50.621Z,19010602,XBTUSD,3781.5,77769,3783,91513,3782.25,3783
9686701,2019-01-06T02:00:51.011Z,19010602,XBTUSD,3781.5,57193,3782.5,1824,3782,3782.5
9686728,2019-01-06T02:00:51.130Z,19010602,XBTUSD,3782,17901,3783,86287,3782.5,3783
9686740,2019-01-06T02:00:51.187Z,19010602,XBTUSD,3782,9571,3783,86287,3782.5,3783
9686749,2019-01-06T02:00:51.315Z,19010602,XBTUSD,3782,17846,3783,85692,3782.5,3783
9686793,2019-01-06T02:00:52.088Z,19010602,XBTUSD,3782,105367,3782.5,70945,3782.25,3782.5
9686804,2019-01-06T02:00:52.140Z,19010602,XBTUSD,3782,190783,3782.5,70970,3782.25,3782.5
9686808,2019-01-06T02:00:52.204Z,19010602,XBTUSD,3782,218749,3782.5,70970,3782.25,3782.5
9686835,2019-01-06T02:00:53.050Z,19010602,XBTUSD,3781,4025,3781.5,61321,3781.25,3781.5
9686880,2019-01-06T02:00:53.505Z,19010602,XBTUSD,3781,4087,3781.5,183386,3781.25,3781.5
9686225,2019-01-06T02:00:38.700Z,19010602,XBTUSD,3781,262760,3781.5,361907,3781.25,3781.5
9686236,2019-01-06T02:00:38.818Z,19010602,XBTUSD,3781,272968,3781.5,369947,3781.25,3781.5
9686241,2019-01-06T02:00:38.867Z,19010602,XBTUSD,3781,282326,3781.5,369632,3781.25,3781.5
9686256,2019-01-06T02:00:38.986Z,19010602,XBTUSD,3781,349415,3781.5,297393,3781.25,3781.5
9686282,2019-01-06T02:00:42.205Z,19010602,XBTUSD,3781,346686,3781.5,301203,3781.25,3781.5
9686294,2019-01-06T02:00:42.429Z,19010602,XBTUSD,3781,385710,3781.5,363656,3781.25,3781.5
9686312,2019-01-06T02:00:42.697Z,19010602,XBTUSD,3781,385442,3781.5,322477,3781.25,3781.5
9686321,2019-01-06T02:00:42.793Z,19010602,XBTUSD,3781,441520,3781.5,321874,3781.25,3781.5
9686332,2019-01-06T02:00:42.912Z,19010602,XBTUSD,3781,440633,3781.5,311664,3781.25,3781.5
9686341,2019-01-06T02:00:43.032Z,19010602,XBTUSD,3781,455951,3781.5,308059,3781.25,3781.5
9686352,2019-01-06T02:00:43.351Z,19010602,XBTUSD,3781,397263,3781.5,285868,3781.25,3781.5
9686399,2019-01-06T02:00:43.447Z,19010602,XBTUSD,3781,424169,3781.5,286868,3781.25,3781.5
9686411,2019-01-06T02:00:43.558Z,19010602,XBTUSD,3781,420274,3781.5,260736,3781.25,3781.5
9686419,2019-01-06T02:00:43.625Z,19010602,XBTUSD,3781,414763,3781.5,246984,3781.25,3781.5
9686429,2019-01-06T02:00:43.901Z,19010602,XBTUSD,3781,414051,3781.5,60088,3781.25,3781.5
9686440,2019-01-06T02:00:44.104Z,19010602,XBTUSD,3781,453065,3781.5,40088,3781.25,3781.5
9686478,2019-01-06T02:00:44.324Z,19010602,XBTUSD,3781,401921,3781.5,40277,3781.25,3781.5
9686489,2019-01-06T02:00:44.417Z,19010602,XBTUSD,3781,411321,3781.5,42296,3781.25,3781.5
9686500,2019-01-06T02:00:44.620Z,19010602,XBTUSD,3781,487126,3781.5,132556,3781.25,3781.5
9686558,2019-01-06T02:00:44.880Z,19010602,XBTUSD,3781,511153,3781.5,231690,3781.25,3781.5
9686569,2019-01-06T02:00:44.995Z,19010602,XBTUSD,3781,629188,3781.5,231690,3781.25,3781.5
9686606,2019-01-06T02:00:49.500Z,19010602,XBTUSD,3781,488481,3781.5,151644,3781.25,3781.5
9686628,2019-01-06T02:00:49.613Z,19010602,XBTUSD,3781,477784,3781.5,144744,3781.25,3781.5
9686638,2019-01-06T02:00:49.786Z,19010602,XBTUSD,3781,475450,3781.5,161486,3781.25,3781.5
9686648,2019-01-06T02:00:49.984Z,19010602,XBTUSD,3781,473377,3782,148897,3781.5,3782
9686706,2019-01-06T02:00:51.063Z,19010602,XBTUSD,3782,16524,3782.5,1824,3782.25,3782.5
9686710,2019-01-06T02:00:51.063Z,19010602,XBTUSD,3782,23612,3782.5,1824,3782.25,3782.5
9686727,2019-01-06T02:00:51.107Z,19010602,XBTUSD,3782,21395,3783,86287,3782.5,3783
9686738,2019-01-06T02:00:51.182Z,19010602,XBTUSD,3782,12470,3783,86287,3782.5,3783
9686751,2019-01-06T02:00:51.402Z,19010602,XBTUSD,3782,22846,3782.5,625,3782.25,3782.5
9686789,2019-01-06T02:00:52.041Z,19010602,XBTUSD,3782,104962,3782.5,70945,3782.25,3782.5
9686801,2019-01-06T02:00:52.127Z,19010602,XBTUSD,3782,155782,3782.5,70945,3782.25,3782.5
9686810,2019-01-06T02:00:52.402Z,19010602,XBTUSD,3782,219859,3782.5,70996,3782.25,3782.5
9686832,2019-01-06T02:00:52.928Z,19010602,XBTUSD,3781,4050,3781.5,25000,3781.25,3781.5
9686881,2019-01-06T02:00:53.529Z,19010602,XBTUSD,3781,4098,3781.5,183386,3781.25,3781.5
9686930,2019-01-06T02:00:54.858Z,19010602,XBTUSD,3781,7129,3781.5,43818,3781.25,3781.5
9686945,2019-01-06T02:00:55.913Z,19010602,XBTUSD,3780.5,140388,3781,163032,3780.75,3781
9686955,2019-01-06T02:00:56.043Z,19010602,XBTUSD,3780.5,129338,3781,188152,3780.75,3781
9686986,2019-01-06T02:00:56.280Z,19010602,XBTUSD,3780,538459,3780.5,278158,3780.25,3780.5
9686996,2019-01-06T02:00:56.326Z,19010602,XBTUSD,3780,538459,3780.5,608142,3780.25,3780.5
9687006,2019-01-06T02:00:56.389Z,19010602,XBTUSD,3780,538459,3780.5,896046,3780.25,3780.5
9686226,2019-01-06T02:00:38.726Z,19010602,XBTUSD,3781,262760,3781.5,363707,3781.25,3781.5
9686229,2019-01-06T02:00:38.747Z,19010602,XBTUSD,3781,262760,3781.5,363707,3781.25,3781.5
9686240,2019-01-06T02:00:38.857Z,19010602,XBTUSD,3781,282326,3781.5,369707,3781.25,3781.5
9686250,2019-01-06T02:00:38.923Z,19010602,XBTUSD,3781,313375,3781.5,299526,3781.25,3781.5
9686258,2019-01-06T02:00:39.033Z,19010602,XBTUSD,3781,349443,3781.5,297243,3781.25,3781.5
9686283,2019-01-06T02:00:42.214Z,19010602,XBTUSD,3781,346686,3781.5,303203,3781.25,3781.5
9686311,2019-01-06T02:00:42.648Z,19010602,XBTUSD,3781,385441,3781.5,322477,3781.25,3781.5
9686322,2019-01-06T02:00:42.796Z,19010602,XBTUSD,3781,441520,3781.5,321859,3781.25,3781.5
9686331,2019-01-06T02:00:42.893Z,19010602,XBTUSD,3781,439633,3781.5,311664,3781.25,3781.5
9686345,2019-01-06T02:00:43.101Z,19010602,XBTUSD,3781,455962,3781.5,294951,3781.25,3781.5
9686350,2019-01-06T02:00:43.292Z,19010602,XBTUSD,3781,387263,3781.5,289868,3781.25,3781.5
9686401,2019-01-06T02:00:43.485Z,19010602,XBTUSD,3781,424170,3781.5,284671,3781.25,3781.5
9686409,2019-01-06T02:00:43.535Z,19010602,XBTUSD,3781,420159,3781.5,262986,3781.25,3781.5
9686417,2019-01-06T02:00:43.612Z,19010602,XBTUSD,3781,414763,3781.5,250755,3781.25,3781.5
9686431,2019-01-06T02:00:43.924Z,19010602,XBTUSD,3781,414083,3781.5,60088,3781.25,3781.5
9686435,2019-01-06T02:00:44.031Z,19010602,XBTUSD,3781,454384,3781.5,40088,3781.25,3781.5
9686474,2019-01-06T02:00:44.183Z,19010602,XBTUSD,3781,398291,3781.5,40277,3781.25,3781.5
9686482,2019-01-06T02:00:44.357Z,19010602,XBTUSD,3781,401914,3781.5,40314,3781.25,3781.5
9686488,2019-01-06T02:00:44.414Z,19010602,XBTUSD,3781,410319,3781.5,42296,3781.25,3781.5
9686502,2019-01-06T02:00:44.659Z,19010602,XBTUSD,3781,487393,3781.5,132556,3781.25,3781.5
9686555,2019-01-06T02:00:44.871Z,19010602,XBTUSD,3781,501853,3781.5,216690,3781.25,3781.5
9686570,2019-01-06T02:00:45.001Z,19010602,XBTUSD,3781,629188,3781.5,231644,3781.25,3781.5
9686627,2019-01-06T02:00:49.582Z,19010602,XBTUSD,3781,477304,3781.5,144744,3781.25,3781.5
9686637,2019-01-06T02:00:49.783Z,19010602,XBTUSD,3781,475450,3781.5,155906,3781.25,3781.5
9686640,2019-01-06T02:00:49.815Z,19010602,XBTUSD,3781,475583,3781.5,161497,3781.25,3781.5
9686695,2019-01-06T02:00:50.707Z,19010602,XBTUSD,3781.5,77693,3783,91513,3782.25,3783
9686700,2019-01-06T02:00:51.002Z,19010602,XBTUSD,3781.5,57193,3782.5,2324,3782,3782.5
9686734,2019-01-06T02:00:51.144Z,19010602,XBTUSD,3782,13614,3783,86287,3782.5,3783
9686737,2019-01-06T02:00:51.180Z,19010602,XBTUSD,3782,13818,3783,86287,3782.5,3783
9686750,2019-01-06T02:00:51.345Z,19010602,XBTUSD,3782,22846,3783,85692,3782.5,3783
9686782,2019-01-06T02:00:51.701Z,19010602,XBTUSD,3782,22846,3782.5,470,3782.25,3782.5
9686790,2019-01-06T02:00:52.067Z,19010602,XBTUSD,3782,104977,3782.5,70945,3782.25,3782.5
9686800,2019-01-06T02:00:52.116Z,19010602,XBTUSD,3782,135782,3782.5,70945,3782.25,3782.5
9686811,2019-01-06T02:00:52.493Z,19010602,XBTUSD,3780.5,141148,3782.5,70996,3781.5,3782.5
9686831,2019-01-06T02:00:52.847Z,19010602,XBTUSD,3781,50,3781.5,25000,3781.25,3781.5
9686836,2019-01-06T02:00:53.050Z,19010602,XBTUSD,3781,4005,3781.5,61321,3781.25,3781.5
9686882,2019-01-06T02:00:53.589Z,19010602,XBTUSD,3781,14098,3781.5,183386,3781.25,3781.5
9686943,2019-01-06T02:00:55.891Z,19010602,XBTUSD,3780.5,140388,3781,135032,3780.75,3781
9686952,2019-01-06T02:00:55.978Z,19010602,XBTUSD,3780.5,147328,3781,188141,3780.75,3781
9686960,2019-01-06T02:00:56.247Z,19010602,XBTUSD,3780,538459,3780.5,18610,3780.25,3780.5
9686982,2019-01-06T02:00:56.264Z,19010602,XBTUSD,3780,538459,3780.5,149765,3780.25,3780.5
9686988,2019-01-06T02:00:56.288Z,19010602,XBTUSD,3780,538459,3780.5,345462,3780.25,3780.5
9687001,2019-01-06T02:00:56.350Z,19010602,XBTUSD,3780,538459,3780.5,743580,3780.25,3780.5
9687017,2019-01-06T02:00:56.484Z,19010602,XBTUSD,3780,538459,3780.5,1217713,3780.25,3780.5
9686231,2019-01-06T02:00:38.777Z,19010602,XBTUSD,3781,268960,3781.5,363557,3781.25,3781.5
9686243,2019-01-06T02:00:38.885Z,19010602,XBTUSD,3781,288693,3781.5,369632,3781.25,3781.5
9686253,2019-01-06T02:00:38.957Z,19010602,XBTUSD,3781,349411,3781.5,295743,3781.25,3781.5
9686288,2019-01-06T02:00:42.336Z,19010602,XBTUSD,3781,360810,3781.5,349003,3781.25,3781.5
9686292,2019-01-06T02:00:42.368Z,19010602,XBTUSD,3781,386710,3781.5,349003,3781.25,3781.5
9686317,2019-01-06T02:00:42.762Z,19010602,XBTUSD,3781,386444,3781.5,322077,3781.25,3781.5
9686326,2019-01-06T02:00:42.824Z,19010602,XBTUSD,3781,440635,3781.5,321519,3781.25,3781.5
9686336,2019-01-06T02:00:42.965Z,19010602,XBTUSD,3781,446951,3781.5,311664,3781.25,3781.5
9686348,2019-01-06T02:00:43.161Z,19010602,XBTUSD,3781,455963,3781.5,289868,3781.25,3781.5
9686400,2019-01-06T02:00:43.451Z,19010602,XBTUSD,3781,424170,3781.5,286868,3781.25,3781.5
9686407,2019-01-06T02:00:43.531Z,19010602,XBTUSD,3781,418159,3781.5,272986,3781.25,3781.5
9686421,2019-01-06T02:00:43.638Z,19010602,XBTUSD,3781,414763,3781.5,242633,3781.25,3781.5
9686428,2019-01-06T02:00:43.887Z,19010602,XBTUSD,3781,414041,3781.5,60088,3781.25,3781.5
9686436,2019-01-06T02:00:44.073Z,19010602,XBTUSD,3781,454543,3781.5,40088,3781.25,3781.5
9686484,2019-01-06T02:00:44.361Z,19010602,XBTUSD,3781,403915,3781.5,40314,3781.25,3781.5
9686493,2019-01-06T02:00:44.514Z,19010602,XBTUSD,3781,437121,3781.5,132296,3781.25,3781.5
9686504,2019-01-06T02:00:44.693Z,19010602,XBTUSD,3781,485890,3781.5,133690,3781.25,3781.5
9686554,2019-01-06T02:00:44.841Z,19010602,XBTUSD,3781,501853,3781.5,133690,3781.25,3781.5
9686561,2019-01-06T02:00:44.942Z,19010602,XBTUSD,3781,538455,3781.5,231690,3781.25,3781.5
9686608,2019-01-06T02:00:49.420Z,19010602,XBTUSD,3781,478481,3781.5,241644,3781.25,3781.5
9686621,2019-01-06T02:00:49.524Z,19010602,XBTUSD,3781,488481,3781.5,141644,3781.25,3781.5
9686634,2019-01-06T02:00:49.705Z,19010602,XBTUSD,3781,475284,3781.5,151730,3781.25,3781.5
9686644,2019-01-06T02:00:49.917Z,19010602,XBTUSD,3781,476885,3781.5,154881,3781.25,3781.5
9686649,2019-01-06T02:00:49.987Z,19010602,XBTUSD,3781,473377,3782,148797,3781.5,3782
9686697,2019-01-06T02:00:50.766Z,19010602,XBTUSD,3781.5,57693,3782,249,3781.75,3782
9686709,2019-01-06T02:00:51.063Z,19010602,XBTUSD,3782,21372,3782.5,1824,3782.25,3782.5
9686735,2019-01-06T02:00:51.144Z,19010602,XBTUSD,3782,16014,3783,86287,3782.5,3783
9686745,2019-01-06T02:00:51.243Z,19010602,XBTUSD,3782,7885,3783,86287,3782.5,3783
9686792,2019-01-06T02:00:52.077Z,19010602,XBTUSD,3782,105277,3782.5,70945,3782.25,3782.5
9686799,2019-01-06T02:00:52.112Z,19010602,XBTUSD,3782,125782,3782.5,70945,3782.25,3782.5
9686829,2019-01-06T02:00:52.623Z,19010602,XBTUSD,3780.5,141148,3782,2614,3781.25,3782
9686838,2019-01-06T02:00:53.209Z,19010602,XBTUSD,3781,4005,3781.5,186420,3781.25,3781.5
9686883,2019-01-06T02:00:53.643Z,19010602,XBTUSD,3781,14098,3781.5,183886,3781.25,3781.5
9686932,2019-01-06T02:00:54.890Z,19010602,XBTUSD,3781,6659,3781.5,43848,3781.25,3781.5
9686949,2019-01-06T02:00:55.948Z,19010602,XBTUSD,3780.5,140419,3781,188032,3780.75,3781
9686961,2019-01-06T02:00:56.250Z,19010602,XBTUSD,3780,538459,3780.5,40620,3780.25,3780.5
9686979,2019-01-06T02:00:56.255Z,19010602,XBTUSD,3780,538459,3780.5,58853,3780.25,3780.5
9686991,2019-01-06T02:00:56.300Z,19010602,XBTUSD,3780,538459,3780.5,449301,3780.25,3780.5
9687004,2019-01-06T02:00:56.371Z,19010602,XBTUSD,3780,538459,3780.5,834941,3780.25,3780.5
9687014,2019-01-06T02:00:56.457Z,19010602,XBTUSD,3780,538459,3780.5,1140706,3780.25,3780.5
9687027,2019-01-06T02:00:56.770Z,19010602,XBTUSD,3780,538491,3780.5,1366914,3780.25,3780.5
9686285,2019-01-06T02:00:42.237Z,19010602,XBTUSD,3781,346686,3781.5,329003,3781.25,3781.5
9686295,2019-01-06T02:00:42.448Z,19010602,XBTUSD,3781,385710,3781.5,322342,3781.25,3781.5
9686309,2019-01-06T02:00:42.549Z,19010602,XBTUSD,3781,385710,3781.5,322477,3781.25,3781.5
9686324,2019-01-06T02:00:42.808Z,19010602,XBTUSD,3781,440635,3781.5,321709,3781.25,3781.5
9686333,2019-01-06T02:00:42.942Z,19010602,XBTUSD,3781,439749,3781.5,311664,3781.25,3781.5
9686339,2019-01-06T02:00:43.015Z,19010602,XBTUSD,3781,455951,3781.5,309864,3781.25,3781.5
9686398,2019-01-06T02:00:43.445Z,19010602,XBTUSD,3781,422169,3781.5,286868,3781.25,3781.5
9686410,2019-01-06T02:00:43.537Z,19010602,XBTUSD,3781,420159,3781.5,260736,3781.25,3781.5
9686418,2019-01-06T02:00:43.616Z,19010602,XBTUSD,3781,414763,3781.5,249213,3781.25,3781.5
9686427,2019-01-06T02:00:43.861Z,19010602,XBTUSD,3781,414038,3781.5,60088,3781.25,3781.5
9686439,2019-01-06T02:00:44.089Z,19010602,XBTUSD,3781,453054,3781.5,40088,3781.25,3781.5
9686477,2019-01-06T02:00:44.238Z,19010602,XBTUSD,3781,398411,3781.5,40277,3781.25,3781.5
9686486,2019-01-06T02:00:44.397Z,19010602,XBTUSD,3781,404007,3781.5,42296,3781.25,3781.5
9686497,2019-01-06T02:00:44.575Z,19010602,XBTUSD,3781,487124,3781.5,132528,3781.25,3781.5
9686560,2019-01-06T02:00:44.917Z,19010602,XBTUSD,3781,518455,3781.5,231690,3781.25,3781.5
9686565,2019-01-06T02:00:44.983Z,19010602,XBTUSD,3781,548339,3781.5,231690,3781.25,3781.5
9686596,2019-01-06T02:00:45.769Z,19010602,XBTUSD,3781,630228,3781.5,231644,3781.25,3781.5
9686624,2019-01-06T02:00:49.561Z,19010602,XBTUSD,3781,484506,3781.5,141644,3781.25,3781.5
9686630,2019-01-06T02:00:49.666Z,19010602,XBTUSD,3781,477784,3781.5,154790,3781.25,3781.5
9686643,2019-01-06T02:00:49.908Z,19010602,XBTUSD,3781,476885,3781.5,157361,3781.25,3781.5
9686693,2019-01-06T02:00:50.555Z,19010602,XBTUSD,3781.5,77769,3782,148797,3781.75,3782
9686703,2019-01-06T02:00:51.051Z,19010602,XBTUSD,3782,7217,3782.5,1824,3782.25,3782.5
9686736,2019-01-06T02:00:51.157Z,19010602,XBTUSD,3782,14814,3783,86287,3782.5,3783
9686748,2019-01-06T02:00:51.309Z,19010602,XBTUSD,3782,17846,3783,75492,3782.5,3783
9686787,2019-01-06T02:00:51.897Z,19010602,XBTUSD,3782,104772,3782.5,70945,3782.25,3782.5
9686795,2019-01-06T02:00:52.096Z,19010602,XBTUSD,3782,105607,3782.5,70945,3782.25,3782.5
9686806,2019-01-06T02:00:52.162Z,19010602,XBTUSD,3782,210783,3782.5,70970,3782.25,3782.5
9686837,2019-01-06T02:00:53.090Z,19010602,XBTUSD,3781,4005,3781.5,66321,3781.25,3781.5
9686886,2019-01-06T02:00:53.847Z,19010602,XBTUSD,3781,14129,3781.5,193846,3781.25,3781.5
9686928,2019-01-06T02:00:54.758Z,19010602,XBTUSD,3781,14129,3781.5,193818,3781.25,3781.5
9686947,2019-01-06T02:00:55.920Z,19010602,XBTUSD,3780.5,140388,3781,183032,3780.75,3781
9686954,2019-01-06T02:00:56.041Z,19010602,XBTUSD,3780.5,147328,3781,188152,3780.75,3781
9686980,2019-01-06T02:00:56.258Z,19010602,XBTUSD,3780,538459,3780.5,89153,3780.25,3780.5
9686993,2019-01-06T02:00:56.312Z,19010602,XBTUSD,3780,538459,3780.5,516168,3780.25,3780.5
9686998,2019-01-06T02:00:56.336Z,19010602,XBTUSD,3780,538459,3780.5,674933,3780.25,3780.5
9687008,2019-01-06T02:00:56.402Z,19010602,XBTUSD,3780,538459,3780.5,957660,3780.25,3780.5
9687018,2019-01-06T02:00:56.497Z,19010602,XBTUSD,3780,538459,3780.5,1226312,3780.25,3780.5
9687023,2019-01-06T02:00:56.689Z,19010602,XBTUSD,3780,538459,3780.5,1366524,3780.25,3780.5
9687064,2019-01-06T02:00:57.089Z,19010602,XBTUSD,3780,509291,3780.5,1455229,3780.25,3780.5
9687069,2019-01-06T02:00:57.145Z,19010602,XBTUSD,3780,431891,3780.5,1455229,3780.25,3780.5
9687079,2019-01-06T02:00:57.343Z,19010602,XBTUSD,3780,371891,3780.5,1455229,3780.25,3780.5
9686281,2019-01-06T02:00:42.186Z,19010602,XBTUSD,3781,348686,3781.5,301203,3781.25,3781.5
9686290,2019-01-06T02:00:42.356Z,19010602,XBTUSD,3781,385709,3781.5,349003,3781.25,3781.5
9686314,2019-01-06T02:00:42.731Z,19010602,XBTUSD,3781,386444,3781.5,322477,3781.25,3781.5
9686323,2019-01-06T02:00:42.803Z,19010602,XBTUSD,3781,441520,3781.5,321709,3781.25,3781.5
9686330,2019-01-06T02:00:42.853Z,19010602,XBTUSD,3781,439633,3781.5,311618,3781.25,3781.5
9686342,2019-01-06T02:00:43.065Z,19010602,XBTUSD,3781,455952,3781.5,308059,3781.25,3781.5
9686351,2019-01-06T02:00:43.312Z,19010602,XBTUSD,3781,387263,3781.5,285868,3781.25,3781.5
9686397,2019-01-06T02:00:43.440Z,19010602,XBTUSD,3781,418169,3781.5,286868,3781.25,3781.5
9686408,2019-01-06T02:00:43.533Z,19010602,XBTUSD,3781,420159,3781.5,272986,3781.25,3781.5
9686420,2019-01-06T02:00:43.637Z,19010602,XBTUSD,3781,414763,3781.5,243984,3781.25,3781.5
9686430,2019-01-06T02:00:43.903Z,19010602,XBTUSD,3781,414056,3781.5,60088,3781.25,3781.5
9686438,2019-01-06T02:00:44.087Z,19010602,XBTUSD,3781,454567,3781.5,40088,3781.25,3781.5
9686470,2019-01-06T02:00:44.156Z,19010602,XBTUSD,3781,453165,3781.5,40277,3781.25,3781.5
9686480,2019-01-06T02:00:44.339Z,19010602,XBTUSD,3781,401925,3781.5,40277,3781.25,3781.5
