id,timestamp,hour,symbol,side,size,price,tickDirection,trdMatchID,volTime,tickTime
2764297,2019-01-06T02:00:04.369Z,19010602,XBTUSD,Buy,26,3788,ZeroPlusTick,3b9c74c5-e322-4151-d923-0b536593596d,26,1
2764330,2019-01-06T02:00:05.325Z,19010602,XBTUSD,Buy,10,3788,PlusTick,93554ff3-b90c-e752-51a7-ff79ce725ba8,36,2
2764332,2019-01-06T02:00:05.505Z,19010602,XBTUSD,Buy,9640,3788,ZeroPlusTick,b1bc72a6-3398-d3e2-c3b5-6f16bd487b23,9676,3
2764336,2019-01-06T02:00:05.656Z,19010602,XBTUSD,Buy,60,3788,ZeroPlusTick,8350b475-1d22-1db2-2dad-4aa06e75d3c2,9736,4
2764411,2019-01-06T02:00:09.233Z,19010602,XBTUSD,Buy,3943,3788,PlusTick,38080036-0221-9329-e2de-c1dbb07b9cc9,13679,5
2764414,2019-01-06T02:00:09.233Z,19010602,XBTUSD,Buy,10,3788,ZeroPlusTick,dce9e664-4c5c-4914-fbdf-dc9ac9b9ad4f,13689,6
2764430,2019-01-06T02:00:10.110Z,19010602,XBTUSD,Sell,2000,3787.5,ZeroMinusTick,6281d80e-f47e-fda9-c987-2411ae87a8a7,15689,7
2764358,2019-01-06T02:00:06.956Z,19010602,XBTUSD,Sell,400,3787.5,ZeroMinusTick,f6234146-a8a7-fdad-605e-66d40cecfbdf,16089,8
2764399,2019-01-06T02:00:08.714Z,19010602,XBTUSD,Sell,10,3787.5,ZeroMinusTick,e6889008-7de2-b6cc-a91a-7a5b05c98498,16099,9
2764407,2019-01-06T02:00:08.876Z,19010602,XBTUSD,Buy,47,3788,PlusTick,10abc68d-8def-2be4-0b99-9c153b17b21d,16146,10
2764413,2019-01-06T02:00:09.233Z,19010602,XBTUSD,Buy,28,3788,ZeroPlusTick,104d79e8-2682-38f3-0a25-1bc5df724691,16174,11
2764433,2019-01-06T02:00:10.110Z,19010602,XBTUSD,Sell,2000,3787.5,ZeroMinusTick,c16ed7d2-b376-bf74-5b28-46c90a9f912f,18174,12
2764446,2019-01-06T02:00:13.384Z,19010602,XBTUSD,Buy,500,3788,ZeroPlusTick,c67dd992-699f-e380-5ba9-f1df38fa8db2,18674,13
2764468,2019-01-06T02:00:14.013Z,19010602,XBTUSD,Buy,1136,3788,ZeroPlusTick,7fd88e57-e06a-0202-76e1-36243ad6483b,19810,14
2764537,2019-01-06T02:00:15.864Z,19010602,XBTUSD,Buy,63,3788,ZeroPlusTick,9a71b2a9-57d9-07c8-63d4-985aa1ac2e19,19873,15
2764403,2019-01-06T02:00:08.714Z,19010602,XBTUSD,Sell,5457,3787.5,ZeroMinusTick,f54a87a6-09a7-006b-66bd-f040c041ccde,25330,16
2764419,2019-01-06T02:00:09.233Z,19010602,XBTUSD,Buy,2606,3788,ZeroPlusTick,ba48c2ce-3ea7-8f30-594b-49cfbf0f5530,27936,17
2764443,2019-01-06T02:00:13.384Z,19010602,XBTUSD,Buy,189,3788,ZeroPlusTick,1a88dea8-dbc9-e7aa-d11b-0168c10ed198,28125,18
2764467,2019-01-06T02:00:14.013Z,19010602,XBTUSD,Buy,1367,3788,ZeroPlusTick,a75a4c80-d500-00cb-7699-5f8b1a397a0c,29492,19
2764504,2019-01-06T02:00:14.872Z,19010602,XBTUSD,Buy,67,3788,ZeroPlusTick,56583e0d-8620-20de-23e6-9822de85a52d,29559,20
2764507,2019-01-06T02:00:14.954Z,19010602,XBTUSD,Sell,25,3787.5,MinusTick,28d2fae7-d7a4-ab4d-e886-ff8dc6c567d9,29584,21
2764557,2019-01-06T02:00:16.374Z,19010602,XBTUSD,Buy,620,3788,ZeroPlusTick,34a463aa-3bba-86cd-8981-130cf623bb17,30204,22
2764605,2019-01-06T02:00:19.345Z,19010602,XBTUSD,Sell,10,3787.5,MinusTick,f4db2e62-c79b-8657-9954-587d9970771a,30214,23
2764345,2019-01-06T02:00:06.018Z,19010602,XBTUSD,Sell,1297,3787.5,MinusTick,c38e6a52-2727-54cf-660d-f177a11ecd36,31511,24
2764361,2019-01-06T02:00:07.097Z,19010602,XBTUSD,Buy,1746,3788,ZeroPlusTick,3f39fbac-4926-f1a2-89fc-6dc6536b9f0e,33257,25
2764401,2019-01-06T02:00:08.714Z,19010602,XBTUSD,Sell,10000,3787.5,ZeroMinusTick,a4edce9b-cf33-f7e5-f50b-329acbc83be0,43257,26
2764418,2019-01-06T02:00:09.233Z,19010602,XBTUSD,Buy,189,3788,ZeroPlusTick,714aeb26-ce3c-112f-d268-edf3533ec176,43446,27
2764441,2019-01-06T02:00:13.325Z,19010602,XBTUSD,Buy,1,3788,PlusTick,c8fca44c-34da-a705-adad-bb6cfecfe3cb,43447,28
2764464,2019-01-06T02:00:14.013Z,19010602,XBTUSD,Buy,1500,3788,ZeroPlusTick,ee3c9663-1c20-219c-7cc1-b6d19167b8bb,44947,29
2764503,2019-01-06T02:00:14.872Z,19010602,XBTUSD,Buy,433,3788,ZeroPlusTick,40728b2e-fc4e-c962-21b6-b2ae0106bbfe,45380,30
2764508,2019-01-06T02:00:14.954Z,19010602,XBTUSD,Sell,100,3787.5,ZeroMinusTick,ed16586b-622e-bb01-ec50-41227ddea39d,45480,31
2764548,2019-01-06T02:00:16.374Z,19010602,XBTUSD,Buy,21,3788,PlusTick,6a14f819-c070-1957-9bc1-e7d76701e0ae,45501,32
2764558,2019-01-06T02:00:16.374Z,19010602,XBTUSD,Buy,620,3788,ZeroPlusTick,74a483f2-2026-1d35-2bd7-b2a1e809f88f,46121,33
2764567,2019-01-06T02:00:16.866Z,19010602,XBTUSD,Sell,11,3787.5,MinusTick,69e4eef4-da24-25e3-dc5e-5784dfd6d1b7,46132,34
2764568,2019-01-06T02:00:16.903Z,19010602,XBTUSD,Buy,361,3788,PlusTick,76bd734e-f49c-b00e-49f8-7132ebb7a248,46493,35
2764363,2019-01-06T02:00:07.190Z,19010602,XBTUSD,Buy,10,3788,ZeroPlusTick,5286f3db-668a-4e50-c448-114c437b46f0,46503,36
2764398,2019-01-06T02:00:08.714Z,19010602,XBTUSD,Sell,33,3787.5,ZeroMinusTick,3584e4a4-e2f0-0af4-ef36-1d15d9c68f82,46536,37
2764410,2019-01-06T02:00:09.140Z,19010602,XBTUSD,Sell,30000,3787.5,MinusTick,b3eac000-6c52-7562-368a-6932830b9bf4,76536,38
2764428,2019-01-06T02:00:10.110Z,19010602,XBTUSD,Sell,5757,3787.5,MinusTick,9f00a67c-04e1-98a6-6b69-a81a3d71e2cc,82293,39
2764447,2019-01-06T02:00:13.384Z,19010602,XBTUSD,Buy,1424,3788,ZeroPlusTick,03b0280a-a917-210f-28cb-44caff726c3e,83717,40
2764469,2019-01-06T02:00:14.013Z,19010602,XBTUSD,Buy,10,3788,ZeroPlusTick,0c0cf5e4-9746-edd9-7f5c-5c3313b5ab4b,83727,41
2764552,2019-01-06T02:00:16.374Z,19010602,XBTUSD,Buy,620,3788,ZeroPlusTick,5947a82b-80a9-2ec4-980b-7e6f0e5e5809,84347,42
2764560,2019-01-06T02:00:16.374Z,19010602,XBTUSD,Buy,1889,3788,ZeroPlusTick,6423dd8f-c794-306e-e8f1-d7825c3157d8,86236,43
2764570,2019-01-06T02:00:16.903Z,19010602,XBTUSD,Buy,89,3788,ZeroPlusTick,2250f365-2a80-4db9-229f-178ad329f6fb,86325,44
2764650,2019-01-06T02:00:22.468Z,19010602,XBTUSD,Sell,1000,3787.5,ZeroMinusTick,74d2fca0-1eaf-e83a-2d27-f80329bcf341,87325,45
2764703,2019-01-06T02:00:28.066Z,19010602,XBTUSD,Sell,100,3787.5,ZeroMinusTick,dab33d74-34ee-9129-a5d9-0bdefc62f559,87425,46
2764708,2019-01-06T02:00:29.031Z,19010602,XBTUSD,Sell,2000,3787.5,ZeroMinusTick,16f7dd93-2e3b-504e-3d56-397251b18e15,89425,47
2764719,2019-01-06T02:00:29.031Z,19010602,XBTUSD,Sell,11,3787.5,ZeroMinusTick,0780425a-9827-81a1-aa12-d300005ca661,89436,48
2764733,2019-01-06T02:00:29.031Z,19010602,XBTUSD,Sell,11,3787.5,ZeroMinusTick,25524bc5-34d1-aa41-cfae-05fe25741725,89447,49
2764742,2019-01-06T02:00:29.031Z,19010602,XBTUSD,Sell,115,3787.5,ZeroMinusTick,bb9c2435-555e-d941-9ce3-fb2fa8e21803,89562,50
2764760,2019-01-06T02:00:29.087Z,19010602,XBTUSD,Sell,10,3787.5,ZeroMinusTick,76cb3c1a-d4f4-31cd-21b2-e5c78ef3ac40,89572,51
2764773,2019-01-06T02:00:29.087Z,19010602,XBTUSD,Sell,1000,3787.5,ZeroMinusTick,fc7c87db-8c01-bc7c-14e6-f264ac5e9fcd,90572,52
2764402,2019-01-06T02:00:08.714Z,19010602,XBTUSD,Sell,7500,3787.5,ZeroMinusTick,b8442e7f-a600-5b88-c0aa-11652ddce450,98072,53
2764445,2019-01-06T02:00:13.384Z,19010602,XBTUSD,Buy,189,3788,ZeroPlusTick,1af78ecd-6572-4658-6ea1-aa08cba5865f,98261,54
2764465,2019-01-06T02:00:14.013Z,19010602,XBTUSD,Buy,3400,3788,ZeroPlusTick,7438c4f4-b278-480e-2173-9be57621a164,101661,55
2764512,2019-01-06T02:00:15.241Z,19010602,XBTUSD,Buy,47,3788,PlusTick,7451b217-ef3c-7539-0f7b-5b6e6c9fbc93,101708,56
2764551,2019-01-06T02:00:16.374Z,19010602,XBTUSD,Buy,620,3788,ZeroPlusTick,9200fa2d-5543-9cd8-b848-ebb1fe1b93a3,102328,57
2764629,2019-01-06T02:00:21.314Z,19010602,XBTUSD,Buy,500,3788,PlusTick,903204ad-0c73-60c1-a349-f9b189b4367c,102828,58
2764630,2019-01-06T02:00:21.367Z,19010602,XBTUSD,Sell,70,3787.5,MinusTick,a9c87beb-8bed-bc05-8c74-f29efef47e54,102898,59
2764656,2019-01-06T02:00:23.148Z,19010602,XBTUSD,Buy,200,3788,PlusTick,cd12fb34-770c-3610-5a74-09248cfbd6e0,103098,60
2764667,2019-01-06T02:00:24.669Z,19010602,XBTUSD,Buy,500,3788,ZeroPlusTick,3f5876d0-6ffa-2334-ecb4-f38788561490,103598,61
2764668,2019-01-06T02:00:24.859Z,19010602,XBTUSD,Sell,50,3787.5,MinusTick,f05eef75-fb5a-cc04-832a-33faed339f51,103648,62
2764711,2019-01-06T02:00:29.031Z,19010602,XBTUSD,Sell,12901,3787.5,ZeroMinusTick,1507597d-5b15-b5e6-6290-f2b67df066ab,116549,63
2764722,2019-01-06T02:00:29.031Z,19010602,XBTUSD,Sell,5000,3787.5,ZeroMinusTick,28dd7cc5-1132-3be3-0e88-99d22066eff0,121549,64
2764729,2019-01-06T02:00:29.031Z,19010602,XBTUSD,Sell,3000,3787.5,ZeroMinusTick,bba165df-a6be-42d4-4b24-16adcd0dc2d5,124549,65
2764741,2019-01-06T02:00:29.031Z,19010602,XBTUSD,Sell,100,3787.5,ZeroMinusTick,58fc8a1e-2308-90a7-3f62-4acbecefdf5f,124649,66
2764751,2019-01-06T02:00:29.031Z,19010602,XBTUSD,Sell,4311,3787.5,ZeroMinusTick,c02f2dcf-b876-93cc-9d76-290dab1f38e9,128960,67
2764762,2019-01-06T02:00:29.087Z,19010602,XBTUSD,Sell,10,3787.5,ZeroMinusTick,9b709963-04d6-067a-2d18-a5a4d816829c,128970,68
2764777,2019-01-06T02:00:29.087Z,19010602,XBTUSD,Sell,200,3787.5,ZeroMinusTick,5348d784-8868-bcad-5dee-0b4dc507842b,129170,69
2764784,2019-01-06T02:00:29.087Z,19010602,XBTUSD,Sell,3787,3787.5,ZeroMinusTick,9f39aa0d-e590-8399-63f5-70aebbe888e2,132957,70
2764798,2019-01-06T02:00:29.087Z,19010602,XBTUSD,Sell,512,3787,ZeroMinusTick,d50bf24c-b415-d1f9-8003-2032f61d0c1c,133469,71
2764298,2019-01-06T02:00:04.396Z,19010602,XBTUSD,Buy,500,3788,ZeroPlusTick,cc5024eb-3e0b-c7eb-918d-432966e67c21,133969,72
2764306,2019-01-06T02:00:04.703Z,19010602,XBTUSD,Sell,50,3787.5,MinusTick,4e3b31ab-cdf1-3cdc-59ae-2d753914b1db,134019,73
2764308,2019-01-06T02:00:04.841Z,19010602,XBTUSD,Sell,50,3787.5,ZeroMinusTick,10d31b8e-9392-76cc-e839-8f8cc2b0fd89,134069,74
2764359,2019-01-06T02:00:06.986Z,19010602,XBTUSD,Buy,200,3788,PlusTick,33bb2eef-a194-7e6d-baab-9a4ff2aeee83,134269,75
2764366,2019-01-06T02:00:07.528Z,19010602,XBTUSD,Buy,47,3788,ZeroPlusTick,b72eef6a-08df-4bd5-54ef-15e881ffee78,134316,76
2764416,2019-01-06T02:00:09.233Z,19010602,XBTUSD,Buy,3000,3788,ZeroPlusTick,431cedd9-3e32-9cfb-23af-ea6dbc5ae942,137316,77
2764431,2019-01-06T02:00:10.110Z,19010602,XBTUSD,Sell,2000,3787.5,ZeroMinusTick,ab1f934d-b4cc-dedf-f238-d0ddd92f9878,139316,78
2764442,2019-01-06T02:00:13.384Z,19010602,XBTUSD,Buy,663,3788,ZeroPlusTick,d6f9011b-6bb2-9cba-0e48-37596189d3f0,139979,79
2764471,2019-01-06T02:00:14.013Z,19010602,XBTUSD,Buy,1800,3788,ZeroPlusTick,c1cf7347-37f8-bb2e-3fd4-0183dcd1c565,141779,80
2764510,2019-01-06T02:00:14.954Z,19010602,XBTUSD,Sell,90,3787.5,ZeroMinusTick,73fa5f12-26bc-047a-a974-01567dde3d1b,141869,81
2764529,2019-01-06T02:00:15.333Z,19010602,XBTUSD,Buy,1314,3788,ZeroPlusTick,80b1ab1d-399c-16a0-9098-c219e837e00a,143183,82
2764536,2019-01-06T02:00:15.864Z,19010602,XBTUSD,Buy,1,3788,ZeroPlusTick,fdb22880-ca41-959a-49fc-687fe1dedb18,143184,83
2764539,2019-01-06T02:00:15.945Z,19010602,XBTUSD,Sell,1,3787.5,MinusTick,7780451a-54e4-b8bf-8875-4931362917b3,143185,84
2764554,2019-01-06T02:00:16.374Z,19010602,XBTUSD,Buy,620,3788,ZeroPlusTick,4920f3ef-0650-e79d-beae-1a3b5aa5bd36,143805,85
2764631,2019-01-06T02:00:21.367Z,19010602,XBTUSD,Sell,15,3787.5,ZeroMinusTick,622357e1-ea1d-588c-d85e-358fb7bbe8db,143820,86
2764701,2019-01-06T02:00:28.066Z,19010602,XBTUSD,Sell,90,3787.5,ZeroMinusTick,75c6f30e-8f32-ead3-321d-689383d9326d,143910,87
2764707,2019-01-06T02:00:29.031Z,19010602,XBTUSD,Sell,14490,3787.5,ZeroMinusTick,870250c9-47c0-eef5-e180-2d301f01309d,158400,88
2764717,2019-01-06T02:00:29.031Z,19010602,XBTUSD,Sell,124,3787.5,ZeroMinusTick,6b8147b3-b3bb-18a2-7bbd-f960fd0b9131,158524,89
2764727,2019-01-06T02:00:29.031Z,19010602,XBTUSD,Sell,10,3787.5,ZeroMinusTick,92151de7-72e2-e273-8cf5-112af1415812,158534,90
2764737,2019-01-06T02:00:29.031Z,19010602,XBTUSD,Sell,18,3787.5,ZeroMinusTick,12f96cd6-9adf-64bf-8840-f838ea97af49,158552,91
2764747,2019-01-06T02:00:29.031Z,19010602,XBTUSD,Sell,100000,3787.5,ZeroMinusTick,e9b99f65-850c-f97d-a07a-74f47015a3ca,258552,92
2764757,2019-01-06T02:00:29.087Z,19010602,XBTUSD,Sell,29,3787.5,ZeroMinusTick,0bba07d3-2f32-b6c1-c9bb-b04a98b2760f,258581,93
2764767,2019-01-06T02:00:29.087Z,19010602,XBTUSD,Sell,10,3787.5,ZeroMinusTick,d221f15d-ba30-7941-6a1f-9f1f82da268d,258591,94
2764375,2019-01-06T02:00:08.035Z,19010602,XBTUSD,Sell,170,3787.5,MinusTick,9c5657f6-c5b8-0e61-59b3-b4398f949421,258761,95
2764400,2019-01-06T02:00:08.714Z,19010602,XBTUSD,Sell,2000,3787.5,ZeroMinusTick,e236be01-d629-f7ec-f3a5-4a226d590636,260761,96
2764417,2019-01-06T02:00:09.233Z,19010602,XBTUSD,Buy,50,3788,ZeroPlusTick,daf292bf-0b99-a0d8-2318-b045f946630f,260811,97
2764432,2019-01-06T02:00:10.110Z,19010602,XBTUSD,Sell,2000,3787.5,ZeroMinusTick,74597873-64b9-3f20-d15f-faea3b4aba12,262811,98
2764438,2019-01-06T02:00:10.835Z,19010602,XBTUSD,Sell,30,3787.5,ZeroMinusTick,db5a83d9-2468-97f8-347c-a160da2444be,262841,99
2764444,2019-01-06T02:00:13.384Z,19010602,XBTUSD,Buy,35,3788,ZeroPlusTick,f4696478-4dd8-38f7-29c3-e129386ebe48,262876,100
2764466,2019-01-06T02:00:14.013Z,19010602,XBTUSD,Buy,10000,3788,ZeroPlusTick,0bf7b3d7-136f-d361-ca2b-3849a20927bf,272876,101
2764528,2019-01-06T02:00:15.333Z,19010602,XBTUSD,Buy,1686,3788,ZeroPlusTick,8b7c7274-8830-8931-b57c-e1a2e4833a7a,274562,102
2764535,2019-01-06T02:00:15.864Z,19010602,XBTUSD,Buy,936,3788,ZeroPlusTick,edbaaabc-5859-a250-d72e-df9cba85f3f4,275498,103
2764549,2019-01-06T02:00:16.374Z,19010602,XBTUSD,Buy,90,3788,ZeroPlusTick,5dcfaa33-723b-6033-94f8-852f9336886a,275588,104
2764559,2019-01-06T02:00:16.374Z,19010602,XBTUSD,Buy,620,3788,ZeroPlusTick,99c3eee7-88f8-d451-3810-c952c3a59a32,276208,105
2764569,2019-01-06T02:00:16.903Z,19010602,XBTUSD,Buy,50,3788,ZeroPlusTick,a1ffe606-d31a-4f5d-265a-4bb93e976564,276258,106
2764699,2019-01-06T02:00:28.066Z,19010602,XBTUSD,Sell,2000,3787.5,ZeroMinusTick,ac7d414b-7362-67f4-7458-b2584a77e00a,278258,107
2764709,2019-01-06T02:00:29.031Z,19010602,XBTUSD,Sell,13059,3787.5,ZeroMinusTick,ffa6adf7-631a-1df2-ce7e-9b299ffb27c9,291317,108
2764725,2019-01-06T02:00:29.031Z,19010602,XBTUSD,Sell,5000,3787.5,ZeroMinusTick,103b3550-66ed-f9e8-1824-5fcbb418625d,296317,109
2764728,2019-01-06T02:00:29.031Z,19010602,XBTUSD,Sell,11,3787.5,ZeroMinusTick,c1c4d31d-6c54-e4f5-ca1f-562b5042fbb0,296328,110
2764738,2019-01-06T02:00:29.031Z,19010602,XBTUSD,Sell,10,3787.5,ZeroMinusTick,d986eac8-89a3-8a31-d9b5-f062ba5662b0,296338,111
2764748,2019-01-06T02:00:29.031Z,19010602,XBTUSD,Sell,10,3787.5,ZeroMinusTick,ae74c056-4310-0f07-fc86-1786371b6af3,296348,112
2764764,2019-01-06T02:00:29.087Z,19010602,XBTUSD,Sell,10,3787.5,ZeroMinusTick,cf06bf0a-bcd6-ee2a-9e84-ae815ae09528,296358,113
2764775,2019-01-06T02:00:29.087Z,19010602,XBTUSD,Sell,11,3787.5,ZeroMinusTick,f1de6cea-4cbe-e04e-fb7c-1ddeb4e46396,296369,114
2764788,2019-01-06T02:00:29.087Z,19010602,XBTUSD,Sell,4000,3787.5,ZeroMinusTick,6dbec2ea-7d54-61b1-5dc9-36d544723537,300369,115
2764791,2019-01-06T02:00:29.087Z,19010602,XBTUSD,Sell,1440,3787.5,ZeroMinusTick,4ff44032-962d-c4cd-fa85-bcc1a5462eaa,301809,116
2764801,2019-01-06T02:00:29.087Z,19010602,XBTUSD,Sell,124,3787,ZeroMinusTick,0e8d1529-1500-e432-4eeb-b13665dc4e1b,301933,117
2764811,2019-01-06T02:00:29.087Z,19010602,XBTUSD,Sell,10,3787,ZeroMinusTick,7a044050-81d6-044d-8a4f-e9030ad203d6,301943,118
2764813,2019-01-06T02:00:29.087Z,19010602,XBTUSD,Sell,44,3787,ZeroMinusTick,cae0a09d-09a8-0de3-8d36-3fc937c8eb7a,301987,119
2764825,2019-01-06T02:00:29.087Z,19010602,XBTUSD,Sell,20,3787,ZeroMinusTick,5ccf1cce-c4f4-068c-334e-ba422aa5474d,302007,120
2764415,2019-01-06T02:00:09.233Z,19010602,XBTUSD,Buy,100,3788,ZeroPlusTick,54425055-47e5-c22a-6722-b2d929292082,302107,121
2764429,2019-01-06T02:00:10.110Z,19010602,XBTUSD,Sell,2000,3787.5,ZeroMinusTick,042ebb37-5a98-467f-c344-26b3c8f86122,304107,122
2764470,2019-01-06T02:00:14.013Z,19010602,XBTUSD,Buy,1,3788,ZeroPlusTick,57e11c56-eb66-2b3c-54a9-360e84fe1756,304108,123
2764511,2019-01-06T02:00:14.954Z,19010602,XBTUSD,Sell,46,3787.5,ZeroMinusTick,1ad589ac-3bf1-8ee3-f7be-91967179d6d1,304154,124
2764555,2019-01-06T02:00:16.374Z,19010602,XBTUSD,Buy,620,3788,ZeroPlusTick,1e78dce4-caea-1cbd-1dbc-95d18cf7ca30,304774,125
2764590,2019-01-06T02:00:18.536Z,19010602,XBTUSD,Sell,12,3787.5,MinusTick,c941ec1d-e7b9-5671-4154-27ed5f4ded74,304786,126
2764702,2019-01-06T02:00:28.066Z,19010602,XBTUSD,Sell,150,3787.5,ZeroMinusTick,f4d2a93c-fddf-ea2e-0067-3200856df94e,304936,127
2764713,2019-01-06T02:00:29.031Z,19010602,XBTUSD,Sell,36864,3787.5,ZeroMinusTick,ecd1eb53-f733-f41f-d800-6b8ac661e907,341800,128
2764721,2019-01-06T02:00:29.031Z,19010602,XBTUSD,Sell,396,3787.5,ZeroMinusTick,8fd27192-bd0b-5f0b-e592-936cc988b53e,342196,129
2764731,2019-01-06T02:00:29.031Z,19010602,XBTUSD,Sell,42,3787.5,ZeroMinusTick,334313c4-3c28-d657-350d-61d59da95546,342238,130
2764740,2019-01-06T02:00:29.031Z,19010602,XBTUSD,Sell,10,3787.5,ZeroMinusTick,b5d0fac6-2fd9-e75b-02f2-fd1146689de4,342248,131
2764752,2019-01-06T02:00:29.031Z,19010602,XBTUSD,Sell,3884,3787.5,ZeroMinusTick,04c8642f-f2a1-9333-8ffe-07f22ad3f651,346132,132
2764758,2019-01-06T02:00:29.087Z,19010602,XBTUSD,Sell,1976,3787.5,ZeroMinusTick,139388e1-fd58-8009-7525-b96401cb3d65,348108,133
2764768,2019-01-06T02:00:29.087Z,19010602,XBTUSD,Sell,10,3787.5,ZeroMinusTick,40dd6c56-03e0-eb81-b40f-23aac75da4c1,348118,134
2764778,2019-01-06T02:00:29.087Z,19010602,XBTUSD,Sell,1216,3787.5,ZeroMinusTick,088d9a44-a244-b6db-5ce5-58a499e70864,349334,135
2764783,2019-01-06T02:00:29.087Z,19010602,XBTUSD,Sell,601,3787.5,ZeroMinusTick,6759fbc1-c02e-c7f3-8e34-0b5a374d07a8,349935,136
2764799,2019-01-06T02:00:29.087Z,19010602,XBTUSD,Sell,10,3787,ZeroMinusTick,d6a1335d-1a1f-bdf9-9300-17f37b684f31,349945,137
2764802,2019-01-06T02:00:29.087Z,19010602,XBTUSD,Sell,11,3787,ZeroMinusTick,30bed831-88cb-ff00-bcfe-b5f4a63acc2e,349956,138
2764812,2019-01-06T02:00:29.087Z,19010602,XBTUSD,Sell,10,3787,ZeroMinusTick,f8746f79-3097-40b7-207f-c06d86a31f6b,349966,139
2764822,2019-01-06T02:00:29.087Z,19010602,XBTUSD,Sell,10,3787,ZeroMinusTick,41badd4b-b732-f1bc-5816-a4396e19d94e,349976,140
2764827,2019-01-06T02:00:29.087Z,19010602,XBTUSD,Sell,22,3787,ZeroMinusTick,719ce496-8f0d-c152-a881-47d63978cd01,349998,141
2764837,2019-01-06T02:00:29.087Z,19010602,XBTUSD,Sell,15,3787,ZeroMinusTick,a0513e7c-175a-b0dd-9b87-45332edb5b54,350013,142
2764849,2019-01-06T02:00:29.087Z,19010602,XBTUSD,Sell,110,3787,ZeroMinusTick,8d760ad8-85aa-c2ae-1fc8-7047853285af,350123,143
2764859,2019-01-06T02:00:29.087Z,19010602,XBTUSD,Sell,5,3786.5,ZeroMinusTick,0df53283-9631-1a1f-2ec6-acabfe8f173b,350128,144
2764868,2019-01-06T02:00:29.087Z,19010602,XBTUSD,Sell,42,3786.5,ZeroMinusTick,3d247947-f52b-e2ee-84c4-0343528dfcb2,350170,145
2764888,2019-01-06T02:00:29.895Z,19010602,XBTUSD,Sell,10,3787.5,ZeroMinusTick,40417855-7817-18e5-6c37-0ea732e0f9e5,350180,146
2764895,2019-01-06T02:00:29.895Z,19010602,XBTUSD,Sell,11,3787,ZeroMinusTick,5e39b4bb-ccaa-675f-8137-217b39cd5a46,350191,147
2764905,2019-01-06T02:00:29.895Z,19010602,XBTUSD,Sell,60,3786,ZeroMinusTick,59e3d0ae-d56f-9129-016f-16ff07157817,350251,148
2764913,2019-01-06T02:00:29.895Z,19010602,XBTUSD,Sell,5,3786,ZeroMinusTick,1ae98b0b-e535-181e-96b5-5bdeadd14c74,350256,149
2764922,2019-01-06T02:00:29.895Z,19010602,XBTUSD,Sell,13,3786,ZeroMinusTick,6e4e048a-ad98-90de-9a19-ea960f468603,350269,150
2764937,2019-01-06T02:00:29.895Z,19010602,XBTUSD,Sell,360,3786,ZeroMinusTick,fba6fc67-6deb-bc83-ec8d-c4026922b4ac,350629,151
2764963,2019-01-06T02:00:31.323Z,19010602,XBTUSD,Sell,25,3785.5,ZeroMinusTick,091e14a2-ad04-7a0f-50cc-785448baf32d,350654,152
2764412,2019-01-06T02:00:09.233Z,19010602,XBTUSD,Buy,74,3788,ZeroPlusTick,3704f2ec-297d-fcc0-f853-056de02feaf3,350728,153
2764434,2019-01-06T02:00:10.110Z,19010602,XBTUSD,Sell,223,3787.5,ZeroMinusTick,357a0384-3eda-10f0-f048-07c1f1a64aa3,350951,154
2764463,2019-01-06T02:00:14.013Z,19010602,XBTUSD,Buy,10,3788,ZeroPlusTick,d3a4fa11-354f-674a-d56b-637e510693b0,350961,155
2764550,2019-01-06T02:00:16.374Z,19010602,XBTUSD,Buy,620,3788,ZeroPlusTick,3684964c-dd23-9e05-60c7-0259d997fda4,351581,156
2764700,2019-01-06T02:00:28.066Z,19010602,XBTUSD,Sell,90,3787.5,ZeroMinusTick,6b9be9a7-33f4-b3f4-9f6c-226cc2aefb03,351671,157
2764712,2019-01-06T02:00:29.031Z,19010602,XBTUSD,Sell,75,3787.5,ZeroMinusTick,b77c0914-3d45-61a8-5173-16ab544201eb,351746,158
2764724,2019-01-06T02:00:29.031Z,19010602,XBTUSD,Sell,1426,3787.5,ZeroMinusTick,69c17312-2637-febf-ffd4-96a9d558d35a,353172,159
2764736,2019-01-06T02:00:29.031Z,19010602,XBTUSD,Sell,300,3787.5,ZeroMinusTick,218825fc-66c5-6a82-43b9-b6ab276d3717,353472,160
2764746,2019-01-06T02:00:29.031Z,19010602,XBTUSD,Sell,500,3787.5,ZeroMinusTick,e6a581d3-48d9-dfbc-10c4-c65eade0c1a9,353972,161
2764754,2019-01-06T02:00:29.087Z,19010602,XBTUSD,Sell,17668,3787.5,ZeroMinusTick,a6fc2456-9b5d-5eb7-d4e7-2546f5839dfc,371640,162
2764765,2019-01-06T02:00:29.087Z,19010602,XBTUSD,Sell,10,3787.5,ZeroMinusTick,8cdc44be-5e71-c860-f35d-5c9d13ed5481,371650,163
2764770,2019-01-06T02:00:29.087Z,19010602,XBTUSD,Sell,17,3787.5,ZeroMinusTick,43936104-9497-e46f-b2fe-fc26416d7afc,371667,164
2764786,2019-01-06T02:00:29.087Z,19010602,XBTUSD,Sell,500,3787.5,ZeroMinusTick,031a6d41-4833-b83a-a5bd-60baa56f7f92,372167,165
2764792,2019-01-06T02:00:29.087Z,19010602,XBTUSD,Sell,5,3787.5,ZeroMinusTick,5c56271a-2738-ff09-e84d-5898ecd7bb01,372172,166
2764809,2019-01-06T02:00:29.087Z,19010602,XBTUSD,Sell,10,3787,ZeroMinusTick,ccc7c13c-cc6a-94ea-a05e-f998556f7452,372182,167
2764817,2019-01-06T02:00:29.087Z,19010602,XBTUSD,Sell,10,3787,ZeroMinusTick,4bbf17af-666a-64fd-6a58-c89059baf870,372192,168
2764831,2019-01-06T02:00:29.087Z,19010602,XBTUSD,Sell,15148,3787,ZeroMinusTick,70de27d8-273e-06ba-4853-642692c7f467,387340,169
2764841,2019-01-06T02:00:29.087Z,19010602,XBTUSD,Sell,12,3787,ZeroMinusTick,6989960e-6cb5-71bb-7d5f-9379e43607f7,387352,170
2764850,2019-01-06T02:00:29.087Z,19010602,XBTUSD,Sell,300,3786.5,MinusTick,875ed9f5-1082-0349-f61e-ea2c99142a35,387652,171
2764860,2019-01-06T02:00:29.087Z,19010602,XBTUSD,Sell,10,3786.5,ZeroMinusTick,cea9468d-ec8b-0b73-6370-34af5e57395d,387662,172
2764869,2019-01-06T02:00:29.087Z,19010602,XBTUSD,Sell,10000,3786.5,ZeroMinusTick,99cb294f-a09c-c8ec-ebe9-afca74865817,397662,173
2764879,2019-01-06T02:00:29.836Z,19010602,XBTUSD,Sell,124,3787.5,MinusTick,fb0a434f-fe55-9c5c-6456-b2e8de6e3fc5,397786,174
2764880,2019-01-06T02:00:29.842Z,19010602,XBTUSD,Sell,512,3787.5,ZeroMinusTick,801d2769-0854-2c43-9a7a-5d8834830964,398298,175
2764881,2019-01-06T02:00:29.895Z,19010602,XBTUSD,Sell,10058,3787.5,ZeroMinusTick,a92b0fae-bce3-e74e-bd9e-efae9c87895c,408356,176
2764891,2019-01-06T02:00:29.895Z,19010602,XBTUSD,Sell,11484,3787.5,ZeroMinusTick,57f97b3b-24d6-c7a0-bb07-2c0341c7be67,419840,177
2764899,2019-01-06T02:00:29.895Z,19010602,XBTUSD,Sell,28,3786.5,ZeroMinusTick,b8b6f3fd-0999-7f17-ff7a-58a2b8535923,419868,178
2764909,2019-01-06T02:00:29.895Z,19010602,XBTUSD,Sell,3000,3786,ZeroMinusTick,b0735c12-794d-3d7c-966b-604f27b875d4,422868,179
2764919,2019-01-06T02:00:29.895Z,19010602,XBTUSD,Sell,10,3786,ZeroMinusTick,ba46cbe1-ef0f-fe54-1d68-8d3b707bc7ec,422878,180
2764929,2019-01-06T02:00:29.895Z,19010602,XBTUSD,Sell,4500,3786,ZeroMinusTick,349c4ba8-e20d-df4a-874d-6684002812d8,427378,181
2764940,2019-01-06T02:00:29.895Z,19010602,XBTUSD,Sell,11,3786,ZeroMinusTick,286593d0-54ad-ecc3-083e-74911bc21957,427389,182
2764965,2019-01-06T02:00:31.323Z,19010602,XBTUSD,Sell,1,3785.5,ZeroMinusTick,482f7b51-0394-c617-ec1f-2d4e67aade6d,427390,183
2764971,2019-01-06T02:00:31.323Z,19010602,XBTUSD,Sell,100,3785.5,ZeroMinusTick,e2980913-8fa6-f16b-ad50-96e0cfb169ba,427490,184
2764980,2019-01-06T02:00:31.323Z,19010602,XBTUSD,Sell,3,3785.5,ZeroMinusTick,307c6499-2d1b-5a30-2cee-71cb367d9f1c,427493,185
2764993,2019-01-06T02:00:31.323Z,19010602,XBTUSD,Sell,30,3785.5,ZeroMinusTick,dbd465b2-6588-4751-0678-c1aa564b02c7,427523,186
2765000,2019-01-06T02:00:31.323Z,19010602,XBTUSD,Sell,30,3785.5,ZeroMinusTick,09b84f33-ee21-4df1-ece0-866511db148c,427553,187
2764448,2019-01-06T02:00:13.393Z,19010602,XBTUSD,Sell,400,3787.5,MinusTick,5cc82269-6fc5-3b64-b743-81876a69735c,427953,188
2764462,2019-01-06T02:00:14.013Z,19010602,XBTUSD,Buy,776,3788,PlusTick,01f7fee6-26af-deaa-b763-5b774b63b684,428729,189
2764509,2019-01-06T02:00:14.954Z,19010602,XBTUSD,Sell,150,3787.5,ZeroMinusTick,49cb2d6b-ebb9-619e-4593-3ec2a016c5e4,428879,190
2764556,2019-01-06T02:00:16.374Z,19010602,XBTUSD,Buy,620,3788,ZeroPlusTick,6ad71419-1d91-baa4-3a82-6f3efbb57368,429499,191
2764715,2019-01-06T02:00:29.031Z,19010602,XBTUSD,Sell,480,3787.5,ZeroMinusTick,e17ff95b-3292-6145-bf7e-ab38d7fd4695,429979,192
2764726,2019-01-06T02:00:29.031Z,19010602,XBTUSD,Sell,6,3787.5,ZeroMinusTick,2afaebdf-e8af-103c-35ad-e020e0cec29d,429985,193
2764735,2019-01-06T02:00:29.031Z,19010602,XBTUSD,Sell,500,3787.5,ZeroMinusTick,4cb22e87-dc90-8fc8-b89d-e8fe49c14a7e,430485,194
2764739,2019-01-06T02:00:29.031Z,19010602,XBTUSD,Sell,10,3787.5,ZeroMinusTick,122801b0-7289-e823-a12a-719d107e9a37,430495,195
2764750,2019-01-06T02:00:29.031Z,19010602,XBTUSD,Sell,675,3787.5,ZeroMinusTick,4999c591-6a20-bbc8-3a47-edd6072770e8,431170,196
2764761,2019-01-06T02:00:29.087Z,19010602,XBTUSD,Sell,582,3787.5,ZeroMinusTick,4c214fb7-a572-e2c3-b5fa-19df0cf6c0ff,431752,197
2764771,2019-01-06T02:00:29.087Z,19010602,XBTUSD,Sell,15,3787.5,ZeroMinusTick,44300744-42cb-4b65-e19d-23e223147ea9,431767,198
2764780,2019-01-06T02:00:29.087Z,19010602,XBTUSD,Sell,7575,3787.5,ZeroMinusTick,8485deca-47ed-6799-dbb4-af4d9ba750a3,439342,199
2764790,2019-01-06T02:00:29.087Z,19010602,XBTUSD,Sell,71,3787.5,ZeroMinusTick,09161268-4d72-2b38-1dcc-587474d6c757,439413,200
2764800,2019-01-06T02:00:29.087Z,19010602,XBTUSD,Sell,28,3787,ZeroMinusTick,98488832-325c-9955-908f-424852565bf3,439441,201
2764805,2019-01-06T02:00:29.087Z,19010602,XBTUSD,Sell,10000,3787,ZeroMinusTick,ef714846-5000-138a-4b18-70798619d31c,449441,202
2764815,2019-01-06T02:00:29.087Z,19010602,XBTUSD,Sell,10,3787,ZeroMinusTick,0be5ffa3-24c8-48bc-28a2-0a1678d35014,449451,203
2764824,2019-01-06T02:00:29.087Z,19010602,XBTUSD,Sell,10,3787,ZeroMinusTick,26d88ccd-a61f-bb5d-3e83-a6151100f675,449461,204
2764834,2019-01-06T02:00:29.087Z,19010602,XBTUSD,Sell,10,3787,ZeroMinusTick,ecebd3b7-df4d-8165-7c90-9b992324d569,449471,205
2764843,2019-01-06T02:00:29.087Z,19010602,XBTUSD,Sell,10,3787,ZeroMinusTick,b5a4a99d-9d02-833c-4dec-abdac7e64502,449481,206
2764855,2019-01-06T02:00:29.087Z,19010602,XBTUSD,Sell,28,3786.5,ZeroMinusTick,96f5bdfc-d0fb-361c-73d4-b880191b625b,449509,207
2764864,2019-01-06T02:00:29.087Z,19010602,XBTUSD,Sell,10,3786.5,ZeroMinusTick,1e54043b-2b81-8281-8a36-9c5f9aea0a40,449519,208
2764875,2019-01-06T02:00:29.496Z,19010602,XBTUSD,Sell,459,3787.5,PlusTick,aa935eda-addc-b87e-9e6c-a6f4fc6191ff,449978,209
2764876,2019-01-06T02:00:29.741Z,19010602,XBTUSD,Sell,192,3787.5,ZeroPlusTick,30c28613-e10d-8e9a-a611-414fb0ebd868,450170,210
2764883,2019-01-06T02:00:29.895Z,19010602,XBTUSD,Sell,5000,3787.5,ZeroMinusTick,dfc49079-0bb0-38f9-823b-8afcfa542fc1,455170,211
2764892,2019-01-06T02:00:29.895Z,19010602,XBTUSD,Sell,34,3787.5,ZeroMinusTick,6f0cb86e-6a73-fd23-8a10-3a51d3061705,455204,212
2764906,2019-01-06T02:00:29.895Z,19010602,XBTUSD,Sell,5000,3786,ZeroMinusTick,ad9a1db0-d6a9-2299-5bc1-4a52157dbcb6,460204,213
2764915,2019-01-06T02:00:29.895Z,19010602,XBTUSD,Sell,1966,3786,ZeroMinusTick,d5d3485e-3aab-b137-4e98-c89c671b72ed,462170,214
2764925,2019-01-06T02:00:29.895Z,19010602,XBTUSD,Sell,10,3786,ZeroMinusTick,8f27124c-cea5-8d75-3d2f-beb19a9e3d09,462180,215
2764936,2019-01-06T02:00:29.895Z,19010602,XBTUSD,Sell,20,3786,ZeroMinusTick,0f6d62d6-9c41-a786-b446-6ea345621334,462200,216
2764943,2019-01-06T02:00:29.895Z,19010602,XBTUSD,Sell,50,3786,ZeroMinusTick,e5903781-b912-1014-9c97-7483e40de535,462250,217
2764952,2019-01-06T02:00:31.202Z,19010602,XBTUSD,Sell,1000,3785.5,ZeroMinusTick,0f237676-cb53-c769-11bb-729553326da7,463250,218
2764959,2019-01-06T02:00:31.323Z,19010602,XBTUSD,Sell,11,3785.5,ZeroMinusTick,89b70d21-3415-7d46-a90a-ea4ba390bdea,463261,219
2764968,2019-01-06T02:00:31.323Z,19010602,XBTUSD,Sell,200,3785.5,ZeroMinusTick,3f5fd57d-0c38-c0cf-e9e5-bb7c349ee4cd,463461,220
2764985,2019-01-06T02:00:31.323Z,19010602,XBTUSD,Sell,30,3785.5,ZeroMinusTick,80e11716-9aa4-4b8c-0fca-39c7e56b8415,463491,221
2764997,2019-01-06T02:00:31.323Z,19010602,XBTUSD,Sell,19,3785.5,ZeroMinusTick,62b65b95-6606-d79d-f815-6f0142af915f,463510,222
2765002,2019-01-06T02:00:31.323Z,19010602,XBTUSD,Sell,50,3785.5,ZeroMinusTick,a5af551b-5e3a-9964-9e21-2c6268c5cb3c,463560,223
2765010,2019-01-06T02:00:31.323Z,19010602,XBTUSD,Sell,11,3785,ZeroMinusTick,c8245437-da70-e744-3aea-f5511e2d5b94,463571,224
2765021,2019-01-06T02:00:31.323Z,19010602,XBTUSD,Sell,1900,3785,ZeroMinusTick,4abc0439-1016-dedb-b778-372e3fc99660,465471,225
2764553,2019-01-06T02:00:16.374Z,19010602,XBTUSD,Buy,620,3788,ZeroPlusTick,8f3bfd93-85d0-0a08-eb97-953fb5f4a6e8,466091,226
2764604,2019-01-06T02:00:19.287Z,19010602,XBTUSD,Buy,500,3788,PlusTick,a8dc16c8-f626-38e8-7bad-d62f23e3c581,466591,227
2764632,2019-01-06T02:00:21.367Z,19010602,XBTUSD,Sell,215,3787.5,ZeroMinusTick,3ccdf002-4ebe-7db0-be04-edb4a5a3c3e8,466806,228
2764651,2019-01-06T02:00:22.740Z,19010602,XBTUSD,Sell,458,3787.5,ZeroMinusTick,f859715b-1630-964a-9623-1b2b15302608,467264,229
2764672,2019-01-06T02:00:25.569Z,19010602,XBTUSD,Sell,600,3787.5,ZeroMinusTick,87fc2257-191a-e2e6-2c43-d803eb0cd695,467864,230
2764697,2019-01-06T02:00:27.964Z,19010602,XBTUSD,Sell,476,3787.5,ZeroMinusTick,9242db1e-6af8-7936-68af-0979ba846bd3,468340,231
2764698,2019-01-06T02:00:28.066Z,19010602,XBTUSD,Sell,1201,3787.5,ZeroMinusTick,f90bf211-34d5-32d6-89db-a1045e4bddee,469541,232
2764714,2019-01-06T02:00:29.031Z,19010602,XBTUSD,Sell,36,3787.5,ZeroMinusTick,1bb2a69c-4a25-8ca4-0b14-c995ae4f43dc,469577,233
2764720,2019-01-06T02:00:29.031Z,19010602,XBTUSD,Sell,4866,3787.5,ZeroMinusTick,20c58d6d-4473-ea75-64d3-c63ae886babd,474443,234
2764732,2019-01-06T02:00:29.031Z,19010602,XBTUSD,Sell,300,3787.5,ZeroMinusTick,b0f23b21-9525-e0f8-38bf-9e26d21b3243,474743,235
2764743,2019-01-06T02:00:29.031Z,19010602,XBTUSD,Sell,16,3787.5,ZeroMinusTick,0303e9df-3101-4fe8-24c6-b53693c349c3,474759,236
2764749,2019-01-06T02:00:29.031Z,19010602,XBTUSD,Sell,10,3787.5,ZeroMinusTick,43b01dc2-696e-3477-3967-d49123f63253,474769,237
2764766,2019-01-06T02:00:29.087Z,19010602,XBTUSD,Sell,20,3787.5,ZeroMinusTick,bd6138a4-2d7a-ec23-e896-6fd80ebaca49,474789,238
2764774,2019-01-06T02:00:29.087Z,19010602,XBTUSD,Sell,100,3787.5,ZeroMinusTick,f1dc28ff-500b-659b-afa5-5c1ccba365b9,474889,239
2764787,2019-01-06T02:00:29.087Z,19010602,XBTUSD,Sell,26,3787.5,ZeroMinusTick,a63539ef-8a46-0481-dcd5-96b11f104d7f,474915,240
2764797,2019-01-06T02:00:29.087Z,19010602,XBTUSD,Sell,480,3787,ZeroMinusTick,7380357a-faa3-9508-67bd-0d9a39872c84,475395,241
2764810,2019-01-06T02:00:29.087Z,19010602,XBTUSD,Sell,11,3787,ZeroMinusTick,8d22df67-a478-fa38-bd94-2239324a16af,475406,242
2764819,2019-01-06T02:00:29.087Z,19010602,XBTUSD,Sell,10,3787,ZeroMinusTick,74a8d2c4-1177-a24b-9409-7994f4964b20,475416,243
2764832,2019-01-06T02:00:29.087Z,19010602,XBTUSD,Sell,30,3787,ZeroMinusTick,7f60bcf8-8018-bfff-81c2-a6e10a155a7d,475446,244
2764836,2019-01-06T02:00:29.087Z,19010602,XBTUSD,Sell,10,3787,ZeroMinusTick,fe768036-eaba-9ec1-ce85-8c68b657a40e,475456,245
2764852,2019-01-06T02:00:29.087Z,19010602,XBTUSD,Sell,480,3786.5,ZeroMinusTick,4694b619-8ca8-0817-791c-c9001b2a6f6f,475936,246
2764862,2019-01-06T02:00:29.087Z,19010602,XBTUSD,Sell,11,3786.5,ZeroMinusTick,57abd47f-0864-b320-8fa1-876129b2d102,475947,247
2764866,2019-01-06T02:00:29.087Z,19010602,XBTUSD,Sell,50,3786.5,ZeroMinusTick,9799be0d-0d74-779d-3ffc-8f8d8f2d7ad8,475997,248
2764884,2019-01-06T02:00:29.895Z,19010602,XBTUSD,Sell,20000,3787.5,ZeroMinusTick,78fabc3a-d62c-1644-abcb-286ec073d0d4,495997,249
2764897,2019-01-06T02:00:29.895Z,19010602,XBTUSD,Sell,28,3787,ZeroMinusTick,37a3180f-cc26-78bc-9414-bbd5e8f00344,496025,250
2764908,2019-01-06T02:00:29.895Z,19010602,XBTUSD,Sell,2000,3786,ZeroMinusTick,8c7c869d-436d-0a12-2599-f65e9217135d,498025,251
2764912,2019-01-06T02:00:29.895Z,19010602,XBTUSD,Sell,10,3786,ZeroMinusTick,e85c54d0-02a1-44da-24f6-683b78efc858,498035,252
2764928,2019-01-06T02:00:29.895Z,19010602,XBTUSD,Sell,11,3786,ZeroMinusTick,3b7af9f6-d56c-0487-2262-f52b8414a723,498046,253
2764933,2019-01-06T02:00:29.895Z,19010602,XBTUSD,Sell,11,3786,ZeroMinusTick,2179bef7-6e06-210d-a537-4a7e5483c273,498057,254
2764942,2019-01-06T02:00:29.895Z,19010602,XBTUSD,Sell,80,3786,ZeroMinusTick,c66c6139-4f55-ac44-9060-ea0a6ea4b740,498137,255
2764962,2019-01-06T02:00:31.323Z,19010602,XBTUSD,Sell,11,3785.5,ZeroMinusTick,ab29e9bf-28e3-f1da-f1f7-1ac9b39f2b97,498148,256
2764972,2019-01-06T02:00:31.323Z,19010602,XBTUSD,Sell,170,3785.5,ZeroMinusTick,d840c103-5684-5183-aff0-576e0835c27b,498318,257
2764979,2019-01-06T02:00:31.323Z,19010602,XBTUSD,Sell,2,3785.5,ZeroMinusTick,6ff7a9a5-47c9-428d-2594-856dd8a03c0b,498320,258
2764992,2019-01-06T02:00:31.323Z,19010602,XBTUSD,Sell,10,3785.5,ZeroMinusTick,fa3750ae-d61b-66bf-4046-2a43a57b3298,498330,259
2765004,2019-01-06T02:00:31.323Z,19010602,XBTUSD,Sell,3,3785.5,ZeroMinusTick,9ec6749c-a25e-55b9-2d15-1e2c0e06da60,498333,260
2765018,2019-01-06T02:00:31.323Z,19010602,XBTUSD,Sell,222,3785,ZeroMinusTick,825cc1e7-2284-940d-08b0-7054ca5699a9,498555,261
2765031,2019-01-06T02:00:31.323Z,19010602,XBTUSD,Sell,15,3785,ZeroMinusTick,4e6cfe2c-cc31-1bbe-7f75-74425d7fd1ec,498570,262
2765041,2019-01-06T02:00:31.323Z,19010602,XBTUSD,Sell,500,3785,ZeroMinusTick,c44c00ff-4f9b-1df5-c537-bd683876cacf,499070,263
2765050,2019-01-06T02:00:31.323Z,19010602,XBTUSD,Sell,25,3785,ZeroMinusTick,430f832e-642d-fe25-718b-6b8fc7855118,499095,264
2765063,2019-01-06T02:00:31.323Z,19010602,XBTUSD,Sell,35,3785,ZeroMinusTick,72153383-ebe3-35f5-5381-bfac895aa9d4,499130,265
2765075,2019-01-06T02:00:31.323Z,19010602,XBTUSD,Sell,433,3784.5,ZeroMinusTick,0bb5838d-4ad1-19ca-d9d4-14444b13359e,499563,266
2765086,2019-01-06T02:00:31.323Z,19010602,XBTUSD,Sell,50,3784.5,ZeroMinusTick,3d36acdf-3fdb-3e09-95cc-9b28c7e8cadc,499613,267
2764704,2019-01-06T02:00:28.066Z,19010602,XBTUSD,Sell,2369,3787.5,ZeroMinusTick,8712be32-60cf-ade2-1613-9465d5339269,501982,268
2764716,2019-01-06T02:00:29.031Z,19010602,XBTUSD,Sell,4911,3787.5,ZeroMinusTick,ff3fadb9-68ff-29cc-1352-8e35161e694a,506893,269
2764718,2019-01-06T02:00:29.031Z,19010602,XBTUSD,Sell,109,3787.5,ZeroMinusTick,1b212d1b-bbbd-6b91-8775-37e44cd896dc,507002,270
2764734,2019-01-06T02:00:29.031Z,19010602,XBTUSD,Sell,300,3787.5,ZeroMinusTick,9399bab5-d64f-363e-0ea1-a94a4d3e69d2,507302,271
2764744,2019-01-06T02:00:29.031Z,19010602,XBTUSD,Sell,10,3787.5,ZeroMinusTick,5b86cd47-2714-3e31-171b-ef3ab9c6ceb7,507312,272
2764755,2019-01-06T02:00:29.087Z,19010602,XBTUSD,Sell,50,3787.5,ZeroMinusTick,3c7af613-febe-661e-f244-19e315ec6646,507362,273
2764763,2019-01-06T02:00:29.087Z,19010602,XBTUSD,Sell,20,3787.5,ZeroMinusTick,243a32ae-8609-cbea-d8ad-86df1d666892,507382,274
2764772,2019-01-06T02:00:29.087Z,19010602,XBTUSD,Sell,10,3787.5,ZeroMinusTick,4d083ee4-98ab-0add-c731-dac951271ae7,507392,275
2764782,2019-01-06T02:00:29.087Z,19010602,XBTUSD,Sell,10,3787.5,ZeroMinusTick,39308c21-e6df-2496-1ee9-b0e7de4ae15b,507402,276
2764794,2019-01-06T02:00:29.087Z,19010602,XBTUSD,Sell,40,3787.5,ZeroMinusTick,716d9c83-f527-85cb-9f98-ca93a936a8b0,507442,277
2764806,2019-01-06T02:00:29.087Z,19010602,XBTUSD,Sell,121,3787,ZeroMinusTick,8ca40cc7-c2ba-2e74-d195-26f79b2a1f00,507563,278
2764821,2019-01-06T02:00:29.087Z,19010602,XBTUSD,Sell,10,3787,ZeroMinusTick,696e6f43-246b-be26-9371-f8e95dcd928c,507573,279
2764829,2019-01-06T02:00:29.087Z,19010602,XBTUSD,Sell,11,3787,ZeroMinusTick,4c282819-6487-38e4-51b2-28297f0425e2,507584,280
2764840,2019-01-06T02:00:29.087Z,19010602,XBTUSD,Sell,168,3787,ZeroMinusTick,828938e9-37b2-1c84-f4e0-0b73323509aa,507752,281
2764847,2019-01-06T02:00:29.087Z,19010602,XBTUSD,Sell,10,3787,ZeroMinusTick,11fc5016-7a72-3e7c-5b67-04e2e14db939,507762,282
2764858,2019-01-06T02:00:29.087Z,19010602,XBTUSD,Sell,1000,3786.5,ZeroMinusTick,b7259c38-01ed-1465-ab60-23d588385f54,508762,283
2764870,2019-01-06T02:00:29.087Z,19010602,XBTUSD,Sell,500,3786.5,ZeroMinusTick,7ffc6e85-9dc6-49a7-6944-35f85d4d1afc,509262,284
2764887,2019-01-06T02:00:29.895Z,19010602,XBTUSD,Sell,7843,3787.5,ZeroMinusTick,23430679-c4be-3c86-b047-e11265bb029a,517105,285
2764896,2019-01-06T02:00:29.895Z,19010602,XBTUSD,Sell,11,3787,ZeroMinusTick,0ec75fc0-bd40-a67e-bc1f-9abe88649b14,517116,286
2764907,2019-01-06T02:00:29.895Z,19010602,XBTUSD,Sell,10,3786,ZeroMinusTick,ab0987e1-cbe9-73d7-1794-638d66d12427,517126,287
2764916,2019-01-06T02:00:29.895Z,19010602,XBTUSD,Sell,28,3786,ZeroMinusTick,05e432dc-16a7-73f6-8079-6141e425cfeb,517154,288
2764924,2019-01-06T02:00:29.895Z,19010602,XBTUSD,Sell,14,3786,ZeroMinusTick,fd305ef4-4ba1-9d43-e4f6-3e958cab923c,517168,289
2764932,2019-01-06T02:00:29.895Z,19010602,XBTUSD,Sell,11,3786,ZeroMinusTick,ed674f90-5f51-4ddc-3b84-fcfcc98aa1ff,517179,290
2764946,2019-01-06T02:00:29.895Z,19010602,XBTUSD,Sell,15144,3786,ZeroMinusTick,397fa31b-9275-2526-91cc-c4849ab3e8c9,532323,291
2764953,2019-01-06T02:00:31.202Z,19010602,XBTUSD,Sell,150,3785.5,ZeroMinusTick,519f0250-22fd-444f-6192-06f0d6892cff,532473,292
2764957,2019-01-06T02:00:31.323Z,19010602,XBTUSD,Sell,36,3785.5,ZeroMinusTick,4b1f499a-db70-84d9-082f-2cce7f01bfca,532509,293
2764974,2019-01-06T02:00:31.323Z,19010602,XBTUSD,Sell,100,3785.5,ZeroMinusTick,61dcd114-d19c-fb9f-d763-b1d94228d733,532609,294
2764982,2019-01-06T02:00:31.323Z,19010602,XBTUSD,Sell,49,3785.5,ZeroMinusTick,1c9fae05-387a-cf7a-33ad-1bd2813359a2,532658,295
2764989,2019-01-06T02:00:31.323Z,19010602,XBTUSD,Sell,10,3785.5,ZeroMinusTick,b42f3c74-d62f-3a7d-fa83-5b3e43a7f709,532668,296
2764999,2019-01-06T02:00:31.323Z,19010602,XBTUSD,Sell,200,3785.5,ZeroMinusTick,cccde4d5-824f-7359-269d-d3d8b69500d1,532868,297
2765009,2019-01-06T02:00:31.323Z,19010602,XBTUSD,Sell,11,3785,ZeroMinusTick,34516550-4ab4-2fce-6da9-a02e94f1ef93,532879,298
2765013,2019-01-06T02:00:31.323Z,19010602,XBTUSD,Sell,11,3785,ZeroMinusTick,a5cf964f-2a22-c741-2862-8417e2a53f0a,532890,299
2765023,2019-01-06T02:00:31.323Z,19010602,XBTUSD,Sell,15,3785,ZeroMinusTick,8fe4f210-acb3-ae8e-866c-ed6e39bfb11f,532905,300
2765033,2019-01-06T02:00:31.323Z,19010602,XBTUSD,Sell,11,3785,ZeroMinusTick,718c7fbe-86f7-789c-7224-ad189cd339c7,532916,301
2765042,2019-01-06T02:00:31.323Z,19010602,XBTUSD,Sell,1100,3785,ZeroMinusTick,d150ef14-c887-3e7b-b234-3d78eb488ae6,534016,302
2765051,2019-01-06T02:00:31.323Z,19010602,XBTUSD,Sell,300,3785,ZeroMinusTick,7c5e20da-7e93-d784-53a5-3ae77284b9c1,534316,303
2765062,2019-01-06T02:00:31.323Z,19010602,XBTUSD,Sell,120,3785,ZeroMinusTick,20fa1d69-720d-b8b4-53a4-c3daa10feccf,534436,304
2765074,2019-01-06T02:00:31.323Z,19010602,XBTUSD,Sell,194,3784.5,ZeroMinusTick,731238c4-1773-8400-4146-d4e4ecd93e1b,534630,305
2765081,2019-01-06T02:00:31.323Z,19010602,XBTUSD,Sell,32,3784.5,ZeroMinusTick,4980c5ab-364e-9445-1c58-992a3b4601b0,534662,306
2765110,2019-01-06T02:00:32.051Z,19010602,XBTUSD,Sell,58,3784,ZeroMinusTick,e4181bc9-fa2e-b1be-f610-0a38c79dac07,534720,307
2765129,2019-01-06T02:00:32.868Z,19010602,XBTUSD,Sell,400,3784,ZeroMinusTick,b8853bbf-1a2c-89f1-da08-108d3d6cd063,535120,308
2765139,2019-01-06T02:00:32.868Z,19010602,XBTUSD,Sell,2,3784,ZeroMinusTick,fba73e9a-ae59-d373-83c8-8d8891932b93,535122,309
2765164,2019-01-06T02:00:33.214Z,19010602,XBTUSD,Sell,480,3783.5,ZeroMinusTick,47439363-5c70-7112-3a57-8558fc3cf428,535602,310
2765177,2019-01-06T02:00:33.214Z,19010602,XBTUSD,Sell,433,3783.5,ZeroMinusTick,965f213c-ec02-40a8-018c-2b241d078c64,536035,311
2765182,2019-01-06T02:00:33.214Z,19010602,XBTUSD,Sell,50,3783.5,ZeroMinusTick,fe034e32-eace-48c2-38a6-e84b547ac00f,536085,312
2765204,2019-01-06T02:00:33.485Z,19010602,XBTUSD,Sell,1113,3783,ZeroMinusTick,4571289a-6a6a-6c06-3c5c-42b9fa57b11f,537198,313
2765217,2019-01-06T02:00:33.485Z,19010602,XBTUSD,Sell,507,3783,ZeroMinusTick,db7f2141-f5fc-b99f-ad2d-9eb78ad9e789,537705,314
2765224,2019-01-06T02:00:33.485Z,19010602,XBTUSD,Sell,102,3783,ZeroMinusTick,f45c9bff-4adc-0347-a72c-6b60b1daf2e3,537807,315
2765238,2019-01-06T02:00:33.793Z,19010602,XBTUSD,Sell,53,3783,ZeroMinusTick,8231ba6f-3722-dbd0-c9c8-d91835bed2b6,537860,316
2765241,2019-01-06T02:00:33.855Z,19010602,XBTUSD,Sell,185,3783,ZeroMinusTick,4b61c434-2bf0-d96b-28ea-c569765ea36e,538045,317
2764710,2019-01-06T02:00:29.031Z,19010602,XBTUSD,Sell,4000,3787.5,ZeroMinusTick,833e7788-0ca0-475a-eb5c-1a44657797c1,542045,318
2764723,2019-01-06T02:00:29.031Z,19010602,XBTUSD,Sell,35,3787.5,ZeroMinusTick,5ecfd3b8-6c9d-7406-b4f2-d74d7c3bd3e0,542080,319
2764730,2019-01-06T02:00:29.031Z,19010602,XBTUSD,Sell,26,3787.5,ZeroMinusTick,0868352e-4ab6-523c-b24f-b3f7b1c5716a,542106,320
2764745,2019-01-06T02:00:29.031Z,19010602,XBTUSD,Sell,32,3787.5,ZeroMinusTick,40b7bc64-94fa-cb78-94f8-16f4126b29c1,542138,321
2764756,2019-01-06T02:00:29.087Z,19010602,XBTUSD,Sell,31,3787.5,ZeroMinusTick,7f97f1bf-8752-8f71-ccdd-ed6f6a2e4478,542169,322
2764759,2019-01-06T02:00:29.087Z,19010602,XBTUSD,Sell,17,3787.5,ZeroMinusTick,99c0d60e-913d-e2ae-3618-10e3c9653684,542186,323
2764769,2019-01-06T02:00:29.087Z,19010602,XBTUSD,Sell,59,3787.5,ZeroMinusTick,80bc3d0c-c101-41c2-1686-90435beba423,542245,324
2764779,2019-01-06T02:00:29.087Z,19010602,XBTUSD,Sell,89,3787.5,ZeroMinusTick,ce74fde3-fc13-320b-d546-1e380d669fea,542334,325
2764789,2019-01-06T02:00:29.087Z,19010602,XBTUSD,Sell,10,3787.5,ZeroMinusTick,8e8403ed-c25f-5f05-081d-aa29cd5cc2b9,542344,326
2764795,2019-01-06T02:00:29.087Z,19010602,XBTUSD,Sell,11,3787,MinusTick,bb744648-73ab-5d68-ff25-ea46c7c8d9f0,542355,327
2764804,2019-01-06T02:00:29.087Z,19010602,XBTUSD,Sell,1000,3787,ZeroMinusTick,afac5a0e-7b03-9a89-dee7-4218542ab160,543355,328
2764816,2019-01-06T02:00:29.087Z,19010602,XBTUSD,Sell,10,3787,ZeroMinusTick,09123f61-e552-4c5e-848a-07a40478106c,543365,329
2764826,2019-01-06T02:00:29.087Z,19010602,XBTUSD,Sell,50,3787,ZeroMinusTick,9a2ec3c7-7dd9-92ca-dc31-91a67cf8be53,543415,330
2764839,2019-01-06T02:00:29.087Z,19010602,XBTUSD,Sell,10,3787,ZeroMinusTick,3411a0f7-8ecc-7b9e-19c5-22bcfea558a3,543425,331
2764848,2019-01-06T02:00:29.087Z,19010602,XBTUSD,Sell,10,3787,ZeroMinusTick,b3f8603c-53bf-f0e3-3ec0-7e9fec3b42cb,543435,332
2764856,2019-01-06T02:00:29.087Z,19010602,XBTUSD,Sell,3,3786.5,ZeroMinusTick,2a88cee3-9110-0a83-b6f8-9bdf6c817e30,543438,333
2764872,2019-01-06T02:00:29.087Z,19010602,XBTUSD,Sell,10,3786,ZeroMinusTick,fbb6092e-9513-e773-d20e-b793011370c7,543448,334
2764889,2019-01-06T02:00:29.895Z,19010602,XBTUSD,Sell,34,3787.5,ZeroMinusTick,d8ca5dc1-13b1-df20-a6bf-8b5882788e93,543482,335
2764900,2019-01-06T02:00:29.895Z,19010602,XBTUSD,Sell,11,3786.5,ZeroMinusTick,489b15eb-7e4d-8d4f-06d6-7175289b39e8,543493,336
2764910,2019-01-06T02:00:29.895Z,19010602,XBTUSD,Sell,29,3786,ZeroMinusTick,bc53c320-54c5-d497-3fb9-6f98e2532c4b,543522,337
2764920,2019-01-06T02:00:29.895Z,19010602,XBTUSD,Sell,25,3786,ZeroMinusTick,984f362f-6791-b742-0cb0-b167af733b3d,543547,338
2764930,2019-01-06T02:00:29.895Z,19010602,XBTUSD,Sell,11,3786,ZeroMinusTick,4b95110a-6c34-dc2a-c112-ea59b6b02799,543558,339
2764939,2019-01-06T02:00:29.895Z,19010602,XBTUSD,Sell,11,3786,ZeroMinusTick,7e804b6b-5ccd-678b-0a78-c559877770f0,543569,340
2764955,2019-01-06T02:00:31.202Z,19010602,XBTUSD,Sell,3371,3785.5,ZeroMinusTick,0a7e27ec-d21f-e712-3e80-f6351d10908c,546940,341
2764956,2019-01-06T02:00:31.323Z,19010602,XBTUSD,Sell,517,3785.5,ZeroMinusTick,afa36c48-cf32-b2a5-a5a7-dc3e848fb4e5,547457,342
2764966,2019-01-06T02:00:31.323Z,19010602,XBTUSD,Sell,11,3785.5,ZeroMinusTick,f472271c-0dd3-f9b9-a2a1-02679708bac8,547468,343
2764976,2019-01-06T02:00:31.323Z,19010602,XBTUSD,Sell,433,3785.5,ZeroMinusTick,168b7c7b-ff86-8b79-e30f-ab4f042eb321,547901,344
2764981,2019-01-06T02:00:31.323Z,19010602,XBTUSD,Sell,1,3785.5,ZeroMinusTick,4a26fa9f-8455-af4d-c4db-05a7bc5cdf7c,547902,345
2764991,2019-01-06T02:00:31.323Z,19010602,XBTUSD,Sell,10,3785.5,ZeroMinusTick,9cec623d-24bf-28c5-3cd4-08803fef7f72,547912,346
2765005,2019-01-06T02:00:31.323Z,19010602,XBTUSD,Sell,35,3785.5,ZeroMinusTick,31be4d72-f9d6-3768-0c78-09efcb067a55,547947,347
2765017,2019-01-06T02:00:31.323Z,19010602,XBTUSD,Sell,125,3785,ZeroMinusTick,3ff61bed-5e65-69eb-02a5-d123773885c5,548072,348
2765027,2019-01-06T02:00:31.323Z,19010602,XBTUSD,Sell,15,3785,ZeroMinusTick,4cb06495-a703-050a-9cfe-5340c039b217,548087,349
2765036,2019-01-06T02:00:31.323Z,19010602,XBTUSD,Sell,50,3785,ZeroMinusTick,ac4489f1-6094-068f-dcb0-b69180955474,548137,350
2765046,2019-01-06T02:00:31.323Z,19010602,XBTUSD,Sell,433,3785,ZeroMinusTick,2a522b81-833f-c49c-81c1-41d5c1cf1760,548570,351
2765058,2019-01-06T02:00:31.323Z,19010602,XBTUSD,Sell,35,3785,ZeroMinusTick,8dbd0f0f-37f9-c922-3f1f-f05c23420f32,548605,352
2765067,2019-01-06T02:00:31.323Z,19010602,XBTUSD,Sell,36,3784.5,ZeroMinusTick,5f0e8a5c-ebaf-adc6-623f-2801f1ca7b69,548641,353
2765076,2019-01-06T02:00:31.323Z,19010602,XBTUSD,Sell,500,3784.5,ZeroMinusTick,e6c324da-2c21-0212-8e9b-e0fd7c79082b,549141,354
2765087,2019-01-06T02:00:31.323Z,19010602,XBTUSD,Sell,12,3784.5,ZeroMinusTick,6060c145-ef9d-b5a8-28cf-9629e0d7b1cd,549153,355
2765108,2019-01-06T02:00:32.051Z,19010602,XBTUSD,Sell,11,3784,ZeroMinusTick,759f24e9-9f13-0d0a-7cc7-d9f22344acb0,549164,356
2765132,2019-01-06T02:00:32.868Z,19010602,XBTUSD,Sell,100,3784,ZeroMinusTick,1fd4dcb6-6807-cecb-c3fa-a4def8b03b04,549264,357
2765142,2019-01-06T02:00:32.868Z,19010602,XBTUSD,Sell,200,3784,ZeroMinusTick,96629d6e-120c-740d-b4cc-fa02903321e0,549464,358
2765162,2019-01-06T02:00:33.214Z,19010602,XBTUSD,Sell,11,3783.5,MinusTick,c7bd1971-04d6-ccd3-5f2d-78de7862b136,549475,359
2765173,2019-01-06T02:00:33.214Z,19010602,XBTUSD,Sell,100,3783.5,ZeroMinusTick,0d699f52-5ea3-1075-3ade-2b32fe7aac05,549575,360
2765187,2019-01-06T02:00:33.214Z,19010602,XBTUSD,Sell,37,3783.5,ZeroMinusTick,973ab88c-a1de-a43f-67a8-a5a955079388,549612,361
2765192,2019-01-06T02:00:33.214Z,19010602,XBTUSD,Sell,11,3783,ZeroMinusTick,54a7b3a8-e385-236c-e516-856956ea8d54,549623,362
2765198,2019-01-06T02:00:33.485Z,19010602,XBTUSD,Sell,150,3783,ZeroMinusTick,bd5b749f-6b62-8534-a21c-80b4a8592026,549773,363
2765203,2019-01-06T02:00:33.485Z,19010602,XBTUSD,Sell,100,3783,ZeroMinusTick,e5e7b112-8233-7e67-51e4-395d758dc286,549873,364
2765218,2019-01-06T02:00:33.485Z,19010602,XBTUSD,Sell,1835,3783,ZeroMinusTick,abc353e7-2f23-d5de-6e0e-dab70aa01d86,551708,365
2765223,2019-01-06T02:00:33.485Z,19010602,XBTUSD,Sell,50,3783,ZeroMinusTick,770c328b-fc7a-bdaf-2c5a-0ab387573c72,551758,366
2765246,2019-01-06T02:00:33.855Z,19010602,XBTUSD,Sell,28,3782.5,ZeroMinusTick,024bac12-4810-91da-1adb-01409898b44b,551786,367
2765282,2019-01-06T02:00:34.040Z,19010602,XBTUSD,Sell,424,3782.5,ZeroMinusTick,003adbf1-f344-8dc6-de0d-4348501c7cc3,552210,368
2764776,2019-01-06T02:00:29.087Z,19010602,XBTUSD,Sell,10,3787.5,ZeroMinusTick,93d2e6db-c03e-2be6-d655-ae131c683574,552220,369
2764781,2019-01-06T02:00:29.087Z,19010602,XBTUSD,Sell,10,3787.5,ZeroMinusTick,1cf4a227-c81e-92bd-8c91-3df734ccf422,552230,370
2764796,2019-01-06T02:00:29.087Z,19010602,XBTUSD,Sell,124,3787,ZeroMinusTick,9f320101-d582-4681-772e-47661f330b2c,552354,371
2764808,2019-01-06T02:00:29.087Z,19010602,XBTUSD,Sell,11,3787,ZeroMinusTick,e8d3e33c-6db9-e6f4-43fa-aef4ddb983c5,552365,372
2764818,2019-01-06T02:00:29.087Z,19010602,XBTUSD,Sell,10,3787,ZeroMinusTick,18aa6427-aeea-bea7-1719-26c3a56135c9,552375,373
2764830,2019-01-06T02:00:29.087Z,19010602,XBTUSD,Sell,30,3787,ZeroMinusTick,aa5264a8-5c52-95d0-74fb-1abcde62533c,552405,374
2764842,2019-01-06T02:00:29.087Z,19010602,XBTUSD,Sell,11,3787,ZeroMinusTick,7a997386-3361-8460-177c-fc21e22bcee6,552416,375
2764846,2019-01-06T02:00:29.087Z,19010602,XBTUSD,Sell,10,3787,ZeroMinusTick,c22b7884-d2e4-4a09-a4f9-14ba181a7197,552426,376
2764861,2019-01-06T02:00:29.087Z,19010602,XBTUSD,Sell,30,3786.5,ZeroMinusTick,3e2036af-5f1f-bc71-8bd0-f2c80d366acb,552456,377
2764871,2019-01-06T02:00:29.087Z,19010602,XBTUSD,Sell,480,3786,MinusTick,daadad92-5f05-2b07-70d7-617379f4d4e6,552936,378
2764890,2019-01-06T02:00:29.895Z,19010602,XBTUSD,Sell,14718,3787.5,ZeroMinusTick,43693097-0958-ec55-b915-1553fe771514,567654,379
2764901,2019-01-06T02:00:29.895Z,19010602,XBTUSD,Sell,10,3786.5,ZeroMinusTick,48a7a091-1d21-9f3d-0275-5d08b825e8e0,567664,380
2764911,2019-01-06T02:00:29.895Z,19010602,XBTUSD,Sell,69,3786,ZeroMinusTick,813509eb-5a15-18a1-d256-6d177d939546,567733,381
2764921,2019-01-06T02:00:29.895Z,19010602,XBTUSD,Sell,734,3786,ZeroMinusTick,0a31b187-e62e-235a-5899-e6f461082e05,568467,382
2764931,2019-01-06T02:00:29.895Z,19010602,XBTUSD,Sell,124,3786,ZeroMinusTick,0602b7f3-6976-733c-5eb7-a604e521306a,568591,383
2764941,2019-01-06T02:00:29.895Z,19010602,XBTUSD,Sell,20,3786,ZeroMinusTick,791b4e1b-20e1-2044-8b21-870045bbcd4d,568611,384
2764964,2019-01-06T02:00:31.323Z,19010602,XBTUSD,Sell,11,3785.5,ZeroMinusTick,9d1e51b8-3ab2-2443-8896-bd31736b65dc,568622,385
2764970,2019-01-06T02:00:31.323Z,19010602,XBTUSD,Sell,100,3785.5,ZeroMinusTick,95e574bb-c18e-1853-5ea1-96fe954865fa,568722,386
2764984,2019-01-06T02:00:31.323Z,19010602,XBTUSD,Sell,30,3785.5,ZeroMinusTick,d6271f2f-0bf9-c214-60e0-27be66a2b4f9,568752,387
2764994,2019-01-06T02:00:31.323Z,19010602,XBTUSD,Sell,52,3785.5,ZeroMinusTick,d72f2420-e1d1-07df-7329-007c959fcf59,568804,388
2765006,2019-01-06T02:00:31.323Z,19010602,XBTUSD,Sell,35,3785.5,ZeroMinusTick,69c2e135-ad78-81d9-7539-4de4b513466e,568839,389
2765016,2019-01-06T02:00:31.323Z,19010602,XBTUSD,Sell,20,3785,ZeroMinusTick,16888c3f-bab8-095e-80bb-8ac5bccaa5da,568859,390
2765025,2019-01-06T02:00:31.323Z,19010602,XBTUSD,Sell,15,3785,ZeroMinusTick,0d47c2bf-f4ea-a444-c337-70d378ffa8df,568874,391
2765038,2019-01-06T02:00:31.323Z,19010602,XBTUSD,Sell,35,3785,ZeroMinusTick,dcb56ff1-482a-fbc5-7318-24ec8d21728a,568909,392
2765049,2019-01-06T02:00:31.323Z,19010602,XBTUSD,Sell,100,3785,ZeroMinusTick,ff5dff2f-0d4e-1a21-e10b-bd4ec05131ae,569009,393
2765064,2019-01-06T02:00:31.323Z,19010602,XBTUSD,Sell,121,3785,ZeroMinusTick,55e4c3aa-6db1-f131-c67e-2d6c9bf2a1ca,569130,394
2765073,2019-01-06T02:00:31.323Z,19010602,XBTUSD,Sell,5000,3784.5,ZeroMinusTick,da5a361b-3922-72a4-c460-1ba2a6ded609,574130,395
2765082,2019-01-06T02:00:31.323Z,19010602,XBTUSD,Sell,37,3784.5,ZeroMinusTick,a32c70d8-3a98-3829-627a-10e26f34d0cf,574167,396
2765131,2019-01-06T02:00:32.868Z,19010602,XBTUSD,Sell,50,3784,ZeroMinusTick,486bdae3-2055-6425-7777-8c1691f68414,574217,397
2765143,2019-01-06T02:00:32.868Z,19010602,XBTUSD,Sell,154,3784,ZeroMinusTick,39b5367f-f945-940b-9625-774718d65746,574371,398
2765159,2019-01-06T02:00:33.214Z,19010602,XBTUSD,Sell,189,3784,ZeroMinusTick,f45efb21-016d-e97a-6470-bc8c309571be,574560,399
2765169,2019-01-06T02:00:33.214Z,19010602,XBTUSD,Sell,125,3783.5,ZeroMinusTick,181b9651-3618-c164-515c-2f11f6051db5,574685,400
2765171,2019-01-06T02:00:33.214Z,19010602,XBTUSD,Sell,22,3783.5,ZeroMinusTick,3704b6a1-c988-5dcf-f8b5-5db811d31e63,574707,401
2765181,2019-01-06T02:00:33.214Z,19010602,XBTUSD,Sell,1000,3783.5,ZeroMinusTick,b979ab59-5eae-da0e-ce52-ffe94464f771,575707,402
2765191,2019-01-06T02:00:33.214Z,19010602,XBTUSD,Sell,36,3783,ZeroMinusTick,f8c6b387-a113-5fda-f65e-834d44f6eaf5,575743,403
2765201,2019-01-06T02:00:33.485Z,19010602,XBTUSD,Sell,11,3783,ZeroMinusTick,178113d5-f3af-931a-6491-7d0e93f74350,575754,404
2765209,2019-01-06T02:00:33.485Z,19010602,XBTUSD,Sell,10000,3783,ZeroMinusTick,0612b15a-d18b-eac9-43dc-22a4564dd8e3,585754,405
2765221,2019-01-06T02:00:33.485Z,19010602,XBTUSD,Sell,50,3783,ZeroMinusTick,8623c2a0-c0d8-f266-c145-f1b3d8cdeb97,585804,406
2765229,2019-01-06T02:00:33.485Z,19010602,XBTUSD,Sell,6,3783,ZeroMinusTick,a6875d37-3e03-9015-a21c-4bf7843feca9,585810,407
2765237,2019-01-06T02:00:33.793Z,19010602,XBTUSD,Sell,39,3783,ZeroMinusTick,9c03d230-30e4-118e-fd6f-83f0bc6bdea5,585849,408
2765239,2019-01-06T02:00:33.835Z,19010602,XBTUSD,Buy,79,3783.5,PlusTick,8c8c1f8c-f644-e5ee-7af7-f71a10c51286,585928,409
2765240,2019-01-06T02:00:33.855Z,19010602,XBTUSD,Sell,11,3783,MinusTick,55aee1ab-bce9-d82c-a1a2-8d45821821f0,585939,410
2765250,2019-01-06T02:00:33.855Z,19010602,XBTUSD,Sell,4000,3782.5,ZeroMinusTick,f11fec62-2f21-0fad-7641-f4a2fdc1b377,589939,411
2765277,2019-01-06T02:00:34.040Z,19010602,XBTUSD,Sell,438,3782.5,ZeroMinusTick,1447a6e8-debc-e754-e5cc-fc456fd941a4,590377,412
2765292,2019-01-06T02:00:34.062Z,19010602,XBTUSD,Sell,1,3782.5,ZeroMinusTick,d72dc7de-4c28-f67a-576c-914c41b0d63c,590378,413
2765297,2019-01-06T02:00:34.062Z,19010602,XBTUSD,Sell,11,3782,ZeroMinusTick,5a4a7cc9-62f2-cdab-0b9f-bd3802f86ff6,590389,414
2765307,2019-01-06T02:00:34.062Z,19010602,XBTUSD,Sell,990,3782,ZeroMinusTick,3e8bf930-d2a8-5480-de53-14febe1797be,591379,415
2765321,2019-01-06T02:00:34.121Z,19010602,XBTUSD,Sell,374,3782,ZeroMinusTick,5d97984d-18de-6d87-1221-7a07a07e6ffd,591753,416
2764785,2019-01-06T02:00:29.087Z,19010602,XBTUSD,Sell,120,3787.5,ZeroMinusTick,d51f2ecc-7c70-a71e-7e17-adf545ea3f25,591873,417
2764793,2019-01-06T02:00:29.087Z,19010602,XBTUSD,Sell,1000,3787.5,ZeroMinusTick,2517a33b-de94-d526-bb3f-01df5335501d,592873,418
2764803,2019-01-06T02:00:29.087Z,19010602,XBTUSD,Sell,100,3787,ZeroMinusTick,d7fdb67b-4b2d-0c38-28ef-b502f0b8db0b,592973,419
2764820,2019-01-06T02:00:29.087Z,19010602,XBTUSD,Sell,10,3787,ZeroMinusTick,e1e684c2-c5d5-5b1a-f9ea-0d6d86be3319,592983,420
2764828,2019-01-06T02:00:29.087Z,19010602,XBTUSD,Sell,37,3787,ZeroMinusTick,6c4bf585-c53a-81c2-4750-79a254905921,593020,421
2764838,2019-01-06T02:00:29.087Z,19010602,XBTUSD,Sell,10,3787,ZeroMinusTick,9e373fe6-93d1-6c0f-36bf-2e956fbe9118,593030,422
2764851,2019-01-06T02:00:29.087Z,19010602,XBTUSD,Sell,11,3786.5,ZeroMinusTick,514e9087-f8a4-0db8-0273-cd19efa9e84c,593041,423
2764857,2019-01-06T02:00:29.087Z,19010602,XBTUSD,Sell,33,3786.5,ZeroMinusTick,0f3ed141-3ca2-14aa-cb2b-5427ff5d65c1,593074,424
2764867,2019-01-06T02:00:29.087Z,19010602,XBTUSD,Sell,100,3786.5,ZeroMinusTick,f89be4b9-039a-a1f8-c61d-e5f22d9c2dfc,593174,425
2764878,2019-01-06T02:00:29.758Z,19010602,XBTUSD,Buy,439,3788,PlusTick,e7e5efbc-d432-4342-6519-0f48869b8823,593613,426
2764882,2019-01-06T02:00:29.895Z,19010602,XBTUSD,Sell,480,3787.5,ZeroMinusTick,5934df66-0fd7-aad5-105d-c17c11b0b033,594093,427
2764893,2019-01-06T02:00:29.895Z,19010602,XBTUSD,Sell,50,3787.5,ZeroMinusTick,7bd84134-4f4a-8801-250e-423ef99defa9,594143,428
2764904,2019-01-06T02:00:29.895Z,19010602,XBTUSD,Sell,37,3786,ZeroMinusTick,406b5025-5c10-3b68-3562-3f050e33a3d1,594180,429
2764918,2019-01-06T02:00:29.895Z,19010602,XBTUSD,Sell,11,3786,ZeroMinusTick,d79dcf10-6832-79a6-da5b-1c61f85d64f2,594191,430
2764923,2019-01-06T02:00:29.895Z,19010602,XBTUSD,Sell,10,3786,ZeroMinusTick,b8051827-be2c-d58a-f2f0-6ad7e983ca48,594201,431
2764938,2019-01-06T02:00:29.895Z,19010602,XBTUSD,Sell,4000,3786,ZeroMinusTick,cb9d6317-e3da-07a9-46a4-1051feb5e99e,598201,432
2764961,2019-01-06T02:00:31.323Z,19010602,XBTUSD,Sell,11,3785.5,ZeroMinusTick,3fc4b7b0-1799-ecd5-1657-7be1ec641f24,598212,433
2764973,2019-01-06T02:00:31.323Z,19010602,XBTUSD,Sell,100,3785.5,ZeroMinusTick,9b04d020-01e1-20bb-9397-a2d2bccd00ee,598312,434
2764983,2019-01-06T02:00:31.323Z,19010602,XBTUSD,Sell,30,3785.5,ZeroMinusTick,e28d061d-c530-0ba3-8842-e21fe507ab8f,598342,435
2764996,2019-01-06T02:00:31.323Z,19010602,XBTUSD,Sell,20,3785.5,ZeroMinusTick,b4fcaf5d-ce62-1117-c879-d23aa3d9254d,598362,436
2765007,2019-01-06T02:00:31.323Z,19010602,XBTUSD,Sell,13133,3785.5,ZeroMinusTick,58b67f1b-e910-4cf5-e530-ae6b35eabd94,611495,437
2765015,2019-01-06T02:00:31.323Z,19010602,XBTUSD,Sell,11,3785,ZeroMinusTick,92f019db-ee3d-3d56-73b0-9d2af2a60bfb,611506,438
2765028,2019-01-06T02:00:31.323Z,19010602,XBTUSD,Sell,15,3785,ZeroMinusTick,eed14bfc-3cbe-20b8-6814-7113c00437f1,611521,439
2765040,2019-01-06T02:00:31.323Z,19010602,XBTUSD,Sell,10,3785,ZeroMinusTick,6d0e8a80-a166-749d-461c-161d1016d8a6,611531,440
2765054,2019-01-06T02:00:31.323Z,19010602,XBTUSD,Sell,20,3785,ZeroMinusTick,4b8798d6-16de-88a2-0890-d5a27f6f0cf5,611551,441
2765065,2019-01-06T02:00:31.323Z,19010602,XBTUSD,Sell,17,3784.5,MinusTick,41550ee9-f2ac-0be9-0a4f-fa48a09e0012,611568,442
2765069,2019-01-06T02:00:31.323Z,19010602,XBTUSD,Sell,125,3784.5,ZeroMinusTick,b2075892-ab22-3bc3-8d99-c0959593e1d9,611693,443
2765079,2019-01-06T02:00:31.323Z,19010602,XBTUSD,Sell,100,3784.5,ZeroMinusTick,77d3be07-91ad-862f-641d-54e2ecb6422f,611793,444
2765089,2019-01-06T02:00:31.323Z,19010602,XBTUSD,Sell,6601,3784.5,ZeroMinusTick,84a51200-a4ea-a9a2-b558-5bc702771450,618394,445
2765092,2019-01-06T02:00:31.511Z,19010602,XBTUSD,Sell,400,3784.5,ZeroMinusTick,e9cdb8c6-ec2a-4d10-4e2a-ae6f2a9890b7,618794,446
2765109,2019-01-06T02:00:32.051Z,19010602,XBTUSD,Sell,125,3784,ZeroMinusTick,ba1389bf-d718-da02-9b92-763742390221,618919,447
2765124,2019-01-06T02:00:32.868Z,19010602,XBTUSD,Sell,3180,3784,MinusTick,9fbf576c-ac65-8dde-6102-f2d43d60ccf4,622099,448
2765134,2019-01-06T02:00:32.868Z,19010602,XBTUSD,Sell,1000,3784,ZeroMinusTick,78604d27-c80e-ffdb-ff68-c2c1bf8dab14,623099,449
2765144,2019-01-06T02:00:32.868Z,19010602,XBTUSD,Sell,116,3784,ZeroMinusTick,d281fff1-6d38-44d9-b893-66e5ff8865f1,623215,450
2765161,2019-01-06T02:00:33.214Z,19010602,XBTUSD,Sell,39,3784,ZeroMinusTick,e11f1b4c-cd87-6d95-d186-a3c49c6c25ab,623254,451
2765170,2019-01-06T02:00:33.214Z,19010602,XBTUSD,Sell,11,3783.5,ZeroMinusTick,3b3a96a2-1356-b075-ee27-e7a004a62231,623265,452
2765180,2019-01-06T02:00:33.214Z,19010602,XBTUSD,Sell,196,3783.5,ZeroMinusTick,437a0033-b1c3-0803-e4ae-0ddbff340a2a,623461,453
2765184,2019-01-06T02:00:33.214Z,19010602,XBTUSD,Sell,2000,3783.5,ZeroMinusTick,b8254e91-ae3a-a88e-bcf4-df54ddf2f08f,625461,454
2765206,2019-01-06T02:00:33.485Z,19010602,XBTUSD,Sell,1000,3783,ZeroMinusTick,ab9e29ee-e077-16ca-94e1-5ec92c178de9,626461,455
2765215,2019-01-06T02:00:33.485Z,19010602,XBTUSD,Sell,196,3783,ZeroMinusTick,2590f432-f431-0d44-d77b-1356e88a2e24,626657,456
2765226,2019-01-06T02:00:33.485Z,19010602,XBTUSD,Sell,1558,3783,ZeroMinusTick,c0937109-86e7-b682-7426-f901d7fbdd28,628215,457
2765236,2019-01-06T02:00:33.793Z,19010602,XBTUSD,Sell,189,3783,ZeroMinusTick,a82073cc-0f38-ade1-a8a7-4953e5633fb8,628404,458
2765242,2019-01-06T02:00:33.855Z,19010602,XBTUSD,Sell,92,3782.5,MinusTick,3009854c-f218-f670-26fa-10e0b9964826,628496,459
2765281,2019-01-06T02:00:34.040Z,19010602,XBTUSD,Sell,100,3782.5,ZeroMinusTick,f086d983-2ae1-ff6c-2ffe-f76e8786cbb0,628596,460
2765285,2019-01-06T02:00:34.062Z,19010602,XBTUSD,Sell,1576,3782.5,ZeroMinusTick,d0a87f4f-4ca9-8033-1dde-584c8f8525ed,630172,461
2765295,2019-01-06T02:00:34.062Z,19010602,XBTUSD,Sell,1,3782,ZeroMinusTick,f2395757-574f-48e8-1aa5-ccf6eac9b37c,630173,462
2765305,2019-01-06T02:00:34.062Z,19010602,XBTUSD,Sell,2000,3782,ZeroMinusTick,5a2ae926-f90c-9c05-722f-ef22300331c7,632173,463
2764807,2019-01-06T02:00:29.087Z,19010602,XBTUSD,Sell,11,3787,ZeroMinusTick,96db2208-93ae-0476-3ffc-3aaca23d5c86,632184,464
2764814,2019-01-06T02:00:29.087Z,19010602,XBTUSD,Sell,11,3787,ZeroMinusTick,2baae90b-6d26-e837-cdfe-e0749db8690f,632195,465
2764823,2019-01-06T02:00:29.087Z,19010602,XBTUSD,Sell,12,3787,ZeroMinusTick,830c8587-ecc1-0792-2f25-5121f3ad998c,632207,466
2764833,2019-01-06T02:00:29.087Z,19010602,XBTUSD,Sell,10,3787,ZeroMinusTick,8c843489-87b9-0acd-9708-7f06252cc18d,632217,467
2764845,2019-01-06T02:00:29.087Z,19010602,XBTUSD,Sell,10,3787,ZeroMinusTick,cbc8acab-285b-859c-a6a3-6463e9a04f5c,632227,468
2764854,2019-01-06T02:00:29.087Z,19010602,XBTUSD,Sell,10,3786.5,ZeroMinusTick,edbd9c44-4f37-4f2b-da16-1b5a51cf813d,632237,469
2764863,2019-01-06T02:00:29.087Z,19010602,XBTUSD,Sell,76,3786.5,ZeroMinusTick,2f0fbdee-9fc9-1b3d-db7f-bfc6d00dcf16,632313,470
2764874,2019-01-06T02:00:29.087Z,19010602,XBTUSD,Sell,15405,3786,ZeroMinusTick,7d1ee481-08de-90b0-df9a-55b4ab9c762a,647718,471
2764885,2019-01-06T02:00:29.895Z,19010602,XBTUSD,Sell,10000,3787.5,ZeroMinusTick,f0e37387-cafa-37b6-bad9-f7f8012b1874,657718,472
2764898,2019-01-06T02:00:29.895Z,19010602,XBTUSD,Sell,120,3786.5,MinusTick,26becc0d-0a12-0a8f-5a93-e25214ad626f,657838,473
2764902,2019-01-06T02:00:29.895Z,19010602,XBTUSD,Sell,9595,3786,MinusTick,a339dfc3-4c9f-5545-949f-5bae00826fda,667433,474
2764914,2019-01-06T02:00:29.895Z,19010602,XBTUSD,Sell,10,3786,ZeroMinusTick,ef059af0-476e-c490-d1e1-1d2899d58f15,667443,475
2764926,2019-01-06T02:00:29.895Z,19010602,XBTUSD,Sell,14,3786,ZeroMinusTick,19b9497e-5fd9-27e1-861a-3b90942935d7,667457,476
2764935,2019-01-06T02:00:29.895Z,19010602,XBTUSD,Sell,10,3786,ZeroMinusTick,7a35a2a7-522b-dffb-5004-061de6448bd5,667467,477
2764945,2019-01-06T02:00:29.895Z,19010602,XBTUSD,Sell,10,3786,ZeroMinusTick,05f28aac-3e09-23c9-d919-af905a6c3d39,667477,478
2764954,2019-01-06T02:00:31.202Z,19010602,XBTUSD,Sell,480,3785.5,ZeroMinusTick,14bf71f0-1b54-4abe-ebde-fc338902b47d,667957,479
2764958,2019-01-06T02:00:31.323Z,19010602,XBTUSD,Sell,3,3785.5,ZeroMinusTick,9b3ea40c-d9f2-a3e1-014b-fc4203f9a4b8,667960,480
2764975,2019-01-06T02:00:31.323Z,19010602,XBTUSD,Sell,194,3785.5,ZeroMinusTick,0cbcfcad-ce16-9a39-06a8-4fa2232ce522,668154,481
2764978,2019-01-06T02:00:31.323Z,19010602,XBTUSD,Sell,8,3785.5,ZeroMinusTick,51e103e8-cbb7-cf2c-522f-c8531b684ff6,668162,482
2764988,2019-01-06T02:00:31.323Z,19010602,XBTUSD,Sell,21,3785.5,ZeroMinusTick,4afce76f-f349-50ee-3bd3-effdbf38751d,668183,483
2764998,2019-01-06T02:00:31.323Z,19010602,XBTUSD,Sell,14,3785.5,ZeroMinusTick,a8d648c3-a234-70ce-95f9-181a04cb4ca8,668197,484
2765008,2019-01-06T02:00:31.323Z,19010602,XBTUSD,Sell,11,3785,MinusTick,fdbb438e-632d-625d-9274-72bd17666f08,668208,485
2765019,2019-01-06T02:00:31.323Z,19010602,XBTUSD,Sell,11,3785,ZeroMinusTick,798b62cf-a6c3-dd8e-2eae-a15d1c38a047,668219,486
2765029,2019-01-06T02:00:31.323Z,19010602,XBTUSD,Sell,15,3785,ZeroMinusTick,9b0186ea-bee3-0719-d01f-2bb88d0fc1c7,668234,487
2765039,2019-01-06T02:00:31.323Z,19010602,XBTUSD,Sell,450,3785,ZeroMinusTick,c710f76d-67b1-6858-cb9e-b00029520f7a,668684,488
2765052,2019-01-06T02:00:31.323Z,19010602,XBTUSD,Sell,5000,3785,ZeroMinusTick,08bd5007-e066-186d-eb99-f842b1774235,673684,489
2765061,2019-01-06T02:00:31.323Z,19010602,XBTUSD,Sell,50,3785,ZeroMinusTick,d61ae13b-6101-f28e-affb-09e31081537f,673734,490
2765070,2019-01-06T02:00:31.323Z,19010602,XBTUSD,Sell,11,3784.5,ZeroMinusTick,bc06c241-49ab-7a93-a97e-2242dbf92393,673745,491
2765085,2019-01-06T02:00:31.323Z,19010602,XBTUSD,Sell,44,3784.5,ZeroMinusTick,7f1d0da3-f231-1541-bacf-97ddd7d3a5f7,673789,492
2765113,2019-01-06T02:00:32.081Z,19010602,XBTUSD,Sell,800,3784,ZeroMinusTick,fb9307cb-6c15-b58b-6562-c48f72633386,674589,493
2765127,2019-01-06T02:00:32.868Z,19010602,XBTUSD,Sell,200,3784,ZeroMinusTick,e8bda844-81db-36a9-7812-e0edcad153f0,674789,494
2765137,2019-01-06T02:00:32.868Z,19010602,XBTUSD,Sell,1,3784,ZeroMinusTick,7389069c-4884-a897-402c-eb0b5578f068,674790,495
2765145,2019-01-06T02:00:32.868Z,19010602,XBTUSD,Sell,50,3784,ZeroMinusTick,42b2d453-40e6-202a-f5a4-6a76cdc93d49,674840,496
2765157,2019-01-06T02:00:33.214Z,19010602,XBTUSD,Sell,1549,3784,ZeroMinusTick,317f5b1b-3656-dc87-cfd7-aa885d225dfa,676389,497
2765167,2019-01-06T02:00:33.214Z,19010602,XBTUSD,Sell,134,3783.5,ZeroMinusTick,2a3ec445-c31e-d956-0300-5cd663dbb9dc,676523,498
2765179,2019-01-06T02:00:33.214Z,19010602,XBTUSD,Sell,200,3783.5,ZeroMinusTick,6ccf2601-965d-0f1f-d87b-cd2d34dd9a2a,676723,499
2765188,2019-01-06T02:00:33.214Z,19010602,XBTUSD,Sell,8,3783.5,ZeroMinusTick,d1b6fd13-5349-d0cf-26ce-964703e4c031,676731,500
2765197,2019-01-06T02:00:33.485Z,19010602,XBTUSD,Sell,20,3783,ZeroMinusTick,3c3f60f6-1b6c-4f52-ce3b-62bd1122a0fb,676751,501
2765207,2019-01-06T02:00:33.485Z,19010602,XBTUSD,Sell,25,3783,ZeroMinusTick,b5836c8c-edac-0bdc-3cfc-b9bf3e6a012f,676776,502
2765214,2019-01-06T02:00:33.485Z,19010602,XBTUSD,Sell,133,3783,ZeroMinusTick,cf8c6603-64dd-5cd8-ecad-a67f8e1e2235,676909,503
2765225,2019-01-06T02:00:33.485Z,19010602,XBTUSD,Sell,1558,3783,ZeroMinusTick,93c9a5d4-006c-4288-5df7-067bb9d85322,678467,504
2765231,2019-01-06T02:00:33.650Z,19010602,XBTUSD,Buy,10,3783.5,PlusTick,d29f4591-8760-748a-1540-865b13df1038,678477,505
2765234,2019-01-06T02:00:33.793Z,19010602,XBTUSD,Sell,88,3783,MinusTick,cd5b7b67-27ed-96fb-66df-e5ca02f5d895,678565,506
2765244,2019-01-06T02:00:33.855Z,19010602,XBTUSD,Sell,11,3782.5,ZeroMinusTick,0283d601-d7c0-eb81-2b31-6c7a6754953f,678576,507
2765278,2019-01-06T02:00:34.040Z,19010602,XBTUSD,Sell,1433,3782.5,ZeroMinusTick,f6842316-980c-0321-05a4-b84605a31794,680009,508
2765290,2019-01-06T02:00:34.062Z,19010602,XBTUSD,Sell,1,3782.5,ZeroMinusTick,af4ef0f7-4faf-1ef6-4c78-2a5ee68f10ca,680010,509
2764835,2019-01-06T02:00:29.087Z,19010602,XBTUSD,Sell,10,3787,ZeroMinusTick,9f04038f-9df5-ee93-54b0-4addb555ccb6,680020,510
2764844,2019-01-06T02:00:29.087Z,19010602,XBTUSD,Sell,30,3787,ZeroMinusTick,16c9a739-421a-c796-db77-24e8a65dd1cb,680050,511
2764853,2019-01-06T02:00:29.087Z,19010602,XBTUSD,Sell,124,3786.5,ZeroMinusTick,4292f824-30cc-94e8-2b17-8eb98537707e,680174,512
2764865,2019-01-06T02:00:29.087Z,19010602,XBTUSD,Sell,62,3786.5,ZeroMinusTick,1a7b091a-8fd4-d1e1-7fa8-683d119c0a2f,680236,513
2764873,2019-01-06T02:00:29.087Z,19010602,XBTUSD,Sell,300,3786,ZeroMinusTick,623a4320-d80f-fc5b-8913-8f8c2a958a4a,680536,514
2764886,2019-01-06T02:00:29.895Z,19010602,XBTUSD,Sell,4000,3787.5,ZeroMinusTick,1df249aa-dfa2-6e29-2f22-2d3e6cb5d4e7,684536,515
2764894,2019-01-06T02:00:29.895Z,19010602,XBTUSD,Sell,10,3787,MinusTick,b2772546-033f-09f5-d0a3-42b84e224b3d,684546,516
2764903,2019-01-06T02:00:29.895Z,19010602,XBTUSD,Sell,50000,3786,ZeroMinusTick,d4cbe169-f4cd-8178-3b4c-a338012dd52e,734546,517
2764917,2019-01-06T02:00:29.895Z,19010602,XBTUSD,Sell,10,3786,ZeroMinusTick,9f50c84c-18b6-0d83-a48d-a53b434d9a90,734556,518
2764927,2019-01-06T02:00:29.895Z,19010602,XBTUSD,Sell,11,3786,ZeroMinusTick,897d1966-3bbc-a769-ea16-177fd358084c,734567,519
2764934,2019-01-06T02:00:29.895Z,19010602,XBTUSD,Sell,11,3786,ZeroMinusTick,8811cfe1-92ce-334f-707e-4cabbc5bd92e,734578,520
2764944,2019-01-06T02:00:29.895Z,19010602,XBTUSD,Sell,100,3786,ZeroMinusTick,e4d81435-1023-9b23-9290-84e8412339b2,734678,521
2764951,2019-01-06T02:00:31.202Z,19010602,XBTUSD,Sell,10,3785.5,MinusTick,8a088e49-3ba4-a223-c876-f0e69bfb89cc,734688,522
2764960,2019-01-06T02:00:31.323Z,19010602,XBTUSD,Sell,125,3785.5,ZeroMinusTick,ddc757c2-c90a-192a-b58b-e2c1862971bd,734813,523
2764969,2019-01-06T02:00:31.323Z,19010602,XBTUSD,Sell,11,3785.5,ZeroMinusTick,65e7e0f8-0319-0488-7ee2-08963e420256,734824,524
2764986,2019-01-06T02:00:31.323Z,19010602,XBTUSD,Sell,5,3785.5,ZeroMinusTick,0f8d8683-524c-195e-5e6c-72f256a6d6c5,734829,525
2764990,2019-01-06T02:00:31.323Z,19010602,XBTUSD,Sell,17,3785.5,ZeroMinusTick,2fbb7c29-a086-7bc9-6905-d9eaca8ba8d4,734846,526
2765001,2019-01-06T02:00:31.323Z,19010602,XBTUSD,Sell,38,3785.5,ZeroMinusTick,165979ed-0b17-a5c5-e84d-a266d4cef0a7,734884,527
2765012,2019-01-06T02:00:31.323Z,19010602,XBTUSD,Sell,1,3785,ZeroMinusTick,cd65c047-66ff-2d9a-d5cf-eeb4b576966c,734885,528
2765022,2019-01-06T02:00:31.323Z,19010602,XBTUSD,Sell,15,3785,ZeroMinusTick,d73e9817-76a4-d463-22ba-433fcba3cbda,734900,529
2765032,2019-01-06T02:00:31.323Z,19010602,XBTUSD,Sell,40,3785,ZeroMinusTick,555b35d7-8beb-539a-85b6-717541a86712,734940,530
2765035,2019-01-06T02:00:31.323Z,19010602,XBTUSD,Sell,15,3785,ZeroMinusTick,fbca629a-2522-4b8d-5001-d97a6152b5c2,734955,531
2765045,2019-01-06T02:00:31.323Z,19010602,XBTUSD,Sell,194,3785,ZeroMinusTick,231ddb6c-c1cd-d8ee-501a-ffb3835152ca,735149,532
2765055,2019-01-06T02:00:31.323Z,19010602,XBTUSD,Sell,1000,3785,ZeroMinusTick,3fb9c69d-4f3c-71a0-91a5-59b7e073029e,736149,533
2765059,2019-01-06T02:00:31.323Z,19010602,XBTUSD,Sell,76,3785,ZeroMinusTick,8545942c-ba29-f1a4-38f9-fe4ff53c390c,736225,534
2765071,2019-01-06T02:00:31.323Z,19010602,XBTUSD,Sell,100,3784.5,ZeroMinusTick,3919a92e-70bc-5186-ed89-8bc1d11bc7dd,736325,535
2765083,2019-01-06T02:00:31.323Z,19010602,XBTUSD,Sell,39,3784.5,ZeroMinusTick,4dded5bb-7694-974f-eee5-e4fe261769f8,736364,536
2765107,2019-01-06T02:00:32.051Z,19010602,XBTUSD,Sell,480,3784,ZeroMinusTick,241e5ea7-8b5d-bcc3-b745-8566e1ecf74a,736844,537
2765125,2019-01-06T02:00:32.868Z,19010602,XBTUSD,Sell,16,3784,ZeroMinusTick,b7c1cb9f-9ead-5a44-94aa-0e03eff54d47,736860,538
2765136,2019-01-06T02:00:32.868Z,19010602,XBTUSD,Sell,5000,3784,ZeroMinusTick,f74af4ce-020c-564f-3761-045f7c6e6565,741860,539
2765147,2019-01-06T02:00:32.868Z,19010602,XBTUSD,Sell,451,3784,ZeroMinusTick,5835e072-81d1-5525-f6cc-aa606a8ac95a,742311,540
2765158,2019-01-06T02:00:33.214Z,19010602,XBTUSD,Sell,20,3784,ZeroMinusTick,56663c4d-5088-d7fa-1b95-c0fde01f3fa1,742331,541
2765168,2019-01-06T02:00:33.214Z,19010602,XBTUSD,Sell,16,3783.5,ZeroMinusTick,bad86d1a-dac0-b25a-a61b-ea61d83c23fc,742347,542
2765178,2019-01-06T02:00:33.214Z,19010602,XBTUSD,Sell,20,3783.5,ZeroMinusTick,844dd311-3453-4338-8a4d-89cdfa0ded7c,742367,543
2765185,2019-01-06T02:00:33.214Z,19010602,XBTUSD,Sell,120,3783.5,ZeroMinusTick,47965039-e4a2-02d3-8668-26cc9d7a9d92,742487,544
2765196,2019-01-06T02:00:33.485Z,19010602,XBTUSD,Sell,6908,3783,ZeroMinusTick,203c8211-c0b9-44b6-839c-c40bf4ed357a,749395,545
2765205,2019-01-06T02:00:33.485Z,19010602,XBTUSD,Sell,150,3783,ZeroMinusTick,75f31af8-b92a-8a74-ae32-8ef81c76fb13,749545,546
2765216,2019-01-06T02:00:33.485Z,19010602,XBTUSD,Sell,507,3783,ZeroMinusTick,83fa6ce7-1641-b4bf-ae9f-5f63408c1b9e,750052,547
2765228,2019-01-06T02:00:33.485Z,19010602,XBTUSD,Sell,434,3783,ZeroMinusTick,e6839e4b-ce2b-7935-9a28-492928d81b1d,750486,548
2765245,2019-01-06T02:00:33.855Z,19010602,XBTUSD,Sell,480,3782.5,ZeroMinusTick,b1972c29-7ee4-eac6-0905-334d924720ca,750966,549
2765284,2019-01-06T02:00:34.062Z,19010602,XBTUSD,Sell,424,3782.5,ZeroMinusTick,508bb9e2-ed9d-366b-534e-0bd95057fd71,751390,550
2765286,2019-01-06T02:00:34.062Z,19010602,XBTUSD,Sell,196,3782.5,ZeroMinusTick,b1133d3f-ffb1-cbc5-185f-ef7363789a6c,751586,551
2765300,2019-01-06T02:00:34.062Z,19010602,XBTUSD,Sell,221,3782,ZeroMinusTick,00bc35fc-f5ed-7a55-328e-4f3dfb5c9fc5,751807,552
2765310,2019-01-06T02:00:34.062Z,19010602,XBTUSD,Sell,3960,3782,ZeroMinusTick,ca42d37c-5e4c-c903-b8a3-dbe3798ef5a6,755767,553
2765317,2019-01-06T02:00:34.121Z,19010602,XBTUSD,Sell,20000,3782,ZeroMinusTick,c99d5121-d088-7398-56cc-f6497384e50b,775767,554
2765328,2019-01-06T02:00:34.121Z,19010602,XBTUSD,Sell,141,3782,ZeroMinusTick,eebc730a-c331-88fb-d412-acb0ebe76fc4,775908,555
2765341,2019-01-06T02:00:34.121Z,19010602,XBTUSD,Sell,54,3782,ZeroMinusTick,ca9cf826-f056-4ec3-10f6-f910e05c4d74,775962,556
2765358,2019-01-06T02:00:34.422Z,19010602,XBTUSD,Sell,3394,3781.5,ZeroMinusTick,ed4b0fff-3395-9612-caa6-678f1a84bbcb,779356,557
2764967,2019-01-06T02:00:31.323Z,19010602,XBTUSD,Sell,2,3785.5,ZeroMinusTick,9525652e-ec7e-a848-123c-14677cd430b0,779358,558
2764977,2019-01-06T02:00:31.323Z,19010602,XBTUSD,Sell,1000,3785.5,ZeroMinusTick,9d7d5caf-b33b-bebf-70bc-d9e765932a94,780358,559
2764987,2019-01-06T02:00:31.323Z,19010602,XBTUSD,Sell,16,3785.5,ZeroMinusTick,a39c890d-9fb2-cb0c-b576-e6769fc78d2b,780374,560
2764995,2019-01-06T02:00:31.323Z,19010602,XBTUSD,Sell,16,3785.5,ZeroMinusTick,f2a7da8b-74d3-132f-60fa-af4d13b85567,780390,561
2765003,2019-01-06T02:00:31.323Z,19010602,XBTUSD,Sell,247,3785.5,ZeroMinusTick,bb29a456-a862-8feb-f6cf-863ef85bd789,780637,562
2765014,2019-01-06T02:00:31.323Z,19010602,XBTUSD,Sell,36,3785,ZeroMinusTick,95bd1bb1-1f2a-dad9-c2d7-515e31841dba,780673,563
2765026,2019-01-06T02:00:31.323Z,19010602,XBTUSD,Sell,15,3785,ZeroMinusTick,d0b42db3-2aa7-9f4b-c9ea-4ad9b98202ea,780688,564
2765043,2019-01-06T02:00:31.323Z,19010602,XBTUSD,Sell,50,3785,ZeroMinusTick,e9196d72-d7e2-c1c0-4db4-b5df5da4f8fd,780738,565
2765053,2019-01-06T02:00:31.323Z,19010602,XBTUSD,Sell,1000,3785,ZeroMinusTick,96f7d91d-bf83-0c6c-b0a9-c2212f4b8535,781738,566
2765060,2019-01-06T02:00:31.323Z,19010602,XBTUSD,Sell,1787,3785,ZeroMinusTick,034f8140-ae93-ce0b-13d0-e1db7f60f1c5,783525,567
2765072,2019-01-06T02:00:31.323Z,19010602,XBTUSD,Sell,10000,3784.5,ZeroMinusTick,32fdcc53-43d3-c79b-7a9c-e403267c6430,793525,568
2765084,2019-01-06T02:00:31.323Z,19010602,XBTUSD,Sell,45,3784.5,ZeroMinusTick,07dfd982-8ba2-2247-b10a-c296f5e9b21d,793570,569
2765130,2019-01-06T02:00:32.868Z,19010602,XBTUSD,Sell,50,3784,ZeroMinusTick,7e83e33f-1aa9-691c-3d18-1bdb826f191e,793620,570
2765138,2019-01-06T02:00:32.868Z,19010602,XBTUSD,Sell,100,3784,ZeroMinusTick,b7e42911-3ca4-0355-91f9-e9976bd0858e,793720,571
2765163,2019-01-06T02:00:33.214Z,19010602,XBTUSD,Sell,11,3783.5,ZeroMinusTick,f6a1187c-ebfb-b284-eb27-02d3a100acf6,793731,572
2765175,2019-01-06T02:00:33.214Z,19010602,XBTUSD,Sell,100,3783.5,ZeroMinusTick,124a1e9d-9948-ead4-289a-9b4c7030ae13,793831,573
2765183,2019-01-06T02:00:33.214Z,19010602,XBTUSD,Sell,244,3783.5,ZeroMinusTick,e75f92a0-c943-c404-273f-f88ece786826,794075,574
2765194,2019-01-06T02:00:33.214Z,19010602,XBTUSD,Sell,3095,3783,ZeroMinusTick,b31cd8ec-8229-e6b8-828c-f0bb0680bd7d,797170,575
2765202,2019-01-06T02:00:33.485Z,19010602,XBTUSD,Sell,40,3783,ZeroMinusTick,deb7a7a3-5f6d-c53c-305a-1e190a6d964f,797210,576
2765211,2019-01-06T02:00:33.485Z,19010602,XBTUSD,Sell,254,3783,ZeroMinusTick,e907fc26-a349-f546-1c97-7b00f9f47a8a,797464,577
2765219,2019-01-06T02:00:33.485Z,19010602,XBTUSD,Sell,1000,3783,ZeroMinusTick,16c39bb9-d426-3a9c-d54f-7d1c3a3b6657,798464,578
2765249,2019-01-06T02:00:33.855Z,19010602,XBTUSD,Sell,11,3782.5,ZeroMinusTick,c8385012-f1ae-a1cb-e8a0-5d1f8ce803a0,798475,579
2765279,2019-01-06T02:00:34.040Z,19010602,XBTUSD,Sell,100,3782.5,ZeroMinusTick,9c7c53d5-86c5-9482-1980-0a471014c30c,798575,580
2765288,2019-01-06T02:00:34.062Z,19010602,XBTUSD,Sell,50,3782.5,ZeroMinusTick,413f27dd-a0a2-2dc4-5fa3-35435a3467cf,798625,581
2765299,2019-01-06T02:00:34.062Z,19010602,XBTUSD,Sell,150,3782,ZeroMinusTick,3cbd0ba1-d19a-9570-49bb-f55755a7ff22,798775,582
2765309,2019-01-06T02:00:34.062Z,19010602,XBTUSD,Sell,25,3782,ZeroMinusTick,a6328133-f66e-52da-c9fe-afc849b3ee3a,798800,583
2765320,2019-01-06T02:00:34.121Z,19010602,XBTUSD,Sell,196,3782,ZeroMinusTick,c66291aa-d933-4aed-f1a4-91538d7f545c,798996,584
2765326,2019-01-06T02:00:34.121Z,19010602,XBTUSD,Sell,47,3782,ZeroMinusTick,1abadd43-4344-ab85-0dda-6b29cfc44a78,799043,585
2765337,2019-01-06T02:00:34.121Z,19010602,XBTUSD,Sell,50,3782,ZeroMinusTick,cb1d9457-c216-07b3-cf30-468ff0e0b388,799093,586
2765357,2019-01-06T02:00:34.422Z,19010602,XBTUSD,Sell,984,3781.5,ZeroMinusTick,c8203884-621b-58bb-a163-ada1d52fa309,800077,587
2765359,2019-01-06T02:00:34.487Z,19010602,XBTUSD,Buy,500,3782,PlusTick,55193871-ef4b-e004-a51b-be3f6bd6ae07,800577,588
2765360,2019-01-06T02:00:34.539Z,19010602,XBTUSD,Sell,100,3781.5,MinusTick,70faa8bc-df13-1c3f-7974-e80c4581c2ee,800677,589
2765362,2019-01-06T02:00:34.826Z,19010602,XBTUSD,Sell,132,3781.5,ZeroMinusTick,9971d7e5-9c8f-116c-f3a7-a06461159682,800809,590
2765368,2019-01-06T02:00:35.567Z,19010602,XBTUSD,Sell,50,3781.5,ZeroMinusTick,a4b9c040-c000-f5db-fdee-032c44dd4f39,800859,591
2765378,2019-01-06T02:00:35.567Z,19010602,XBTUSD,Sell,50,3781.5,ZeroMinusTick,188a36c9-acbc-d452-ad23-75aae2a7b6e8,800909,592
2765381,2019-01-06T02:00:35.619Z,19010602,XBTUSD,Sell,1000,3781.5,ZeroMinusTick,c0b1d05d-ab28-df89-42a8-6231cbabf8ae,801909,593
2765401,2019-01-06T02:00:35.698Z,19010602,XBTUSD,Sell,24,3781.5,ZeroMinusTick,0ad105b8-7319-84bb-5a9f-f2901d6f09fd,801933,594
2765410,2019-01-06T02:00:35.698Z,19010602,XBTUSD,Sell,200,3781,ZeroMinusTick,25d1b1ef-26a1-eeec-51f9-d394923b3240,802133,595
2765447,2019-01-06T02:00:36.945Z,19010602,XBTUSD,Sell,2500,3781,ZeroMinusTick,1ef36b20-5d5a-77bf-d6ed-188ab1efd98f,804633,596
2765451,2019-01-06T02:00:37.052Z,19010602,XBTUSD,Sell,6000,3781,ZeroMinusTick,162a29f9-726b-b082-2fcb-bd2632763e7d,810633,597
2765510,2019-01-06T02:00:38.007Z,19010602,XBTUSD,Sell,1000,3781,ZeroMinusTick,c1892ff3-6ae1-ff62-f592-c5937928a5a3,811633,598
2765011,2019-01-06T02:00:31.323Z,19010602,XBTUSD,Sell,480,3785,ZeroMinusTick,b58d8e37-f4d2-eefc-2bcb-f4bc6079c14e,812113,599
2765020,2019-01-06T02:00:31.323Z,19010602,XBTUSD,Sell,5000,3785,ZeroMinusTick,97607195-9988-c003-57a0-0ddeb40a7265,817113,600
2765030,2019-01-06T02:00:31.323Z,19010602,XBTUSD,Sell,15,3785,ZeroMinusTick,cd720ce6-55f2-9a8b-1718-ef63bf13c7bb,817128,601
2765037,2019-01-06T02:00:31.323Z,19010602,XBTUSD,Sell,50,3785,ZeroMinusTick,93e8a648-ff08-b56d-91c9-38f8c8a5da8c,817178,602
2765048,2019-01-06T02:00:31.323Z,19010602,XBTUSD,Sell,2500,3785,ZeroMinusTick,e05cc978-4178-6da0-d273-d760a7beae02,819678,603
2765056,2019-01-06T02:00:31.323Z,19010602,XBTUSD,Sell,98,3785,ZeroMinusTick,79a33f56-a34b-f928-d661-c80ea62b25a7,819776,604
2765066,2019-01-06T02:00:31.323Z,19010602,XBTUSD,Sell,480,3784.5,ZeroMinusTick,b5672b8b-2112-ca4e-cccc-5b3fbaccc558,820256,605
2765077,2019-01-06T02:00:31.323Z,19010602,XBTUSD,Sell,1,3784.5,ZeroMinusTick,79097eb5-2e2d-f468-fab4-75b288f6313d,820257,606
2765088,2019-01-06T02:00:31.323Z,19010602,XBTUSD,Sell,129,3784.5,ZeroMinusTick,e5ee0e05-da80-c666-bd21-108a745c89da,820386,607
2765111,2019-01-06T02:00:32.081Z,19010602,XBTUSD,Sell,500,3784,ZeroMinusTick,2caaf1d7-b972-7167-8d9e-297792392b2a,820886,608
2765122,2019-01-06T02:00:32.407Z,19010602,XBTUSD,Sell,500,3784,ZeroMinusTick,9346ff0b-ec81-86ab-2235-bac04f0a0b0d,821386,609
2765123,2019-01-06T02:00:32.762Z,19010602,XBTUSD,Buy,3786,3784.5,PlusTick,30d1f816-87b5-556b-a4dd-d2e21b4dad64,825172,610
2765133,2019-01-06T02:00:32.868Z,19010602,XBTUSD,Sell,3037,3784,ZeroMinusTick,5f62cb69-4be8-a696-7434-c3650d5cf6c1,828209,611
2765135,2019-01-06T02:00:32.868Z,19010602,XBTUSD,Sell,194,3784,ZeroMinusTick,86a27017-ce94-99a8-0301-f943cf4b3c50,828403,612
2765146,2019-01-06T02:00:32.868Z,19010602,XBTUSD,Sell,171,3784,ZeroMinusTick,5e4bd19c-cd78-090b-c3e2-27ef1d50380d,828574,613
2765160,2019-01-06T02:00:33.214Z,19010602,XBTUSD,Sell,20,3784,ZeroMinusTick,deddbcfb-5932-896b-c04e-32b9d4292b52,828594,614
2765174,2019-01-06T02:00:33.214Z,19010602,XBTUSD,Sell,200,3783.5,ZeroMinusTick,6920d92f-98f8-34b3-6648-51db27c84fe9,828794,615
2765189,2019-01-06T02:00:33.214Z,19010602,XBTUSD,Sell,30,3783,MinusTick,8e4b2290-00af-025a-c0c4-205c102ce6fb,828824,616
2765199,2019-01-06T02:00:33.485Z,19010602,XBTUSD,Sell,1433,3783,ZeroMinusTick,5dfcf208-af63-c4e0-0046-6f7561fb5119,830257,617
2765212,2019-01-06T02:00:33.485Z,19010602,XBTUSD,Sell,5000,3783,ZeroMinusTick,50cd4f6c-484c-842a-e4be-3ded331400b6,835257,618
2765222,2019-01-06T02:00:33.485Z,19010602,XBTUSD,Sell,35,3783,ZeroMinusTick,a876e4e4-093d-3677-67a9-44c6f32a23d5,835292,619
2765248,2019-01-06T02:00:33.855Z,19010602,XBTUSD,Sell,11,3782.5,ZeroMinusTick,936563ee-f114-26b1-368d-0f8fa0ea1581,835303,620
2765283,2019-01-06T02:00:34.062Z,19010602,XBTUSD,Sell,24576,3782.5,ZeroMinusTick,8c1a7149-a4d1-8dcc-8a62-425fb4c075a5,859879,621
2765287,2019-01-06T02:00:34.062Z,19010602,XBTUSD,Sell,24,3782.5,ZeroMinusTick,0ecb906c-7069-53c4-c5ca-487385584737,859903,622
2765303,2019-01-06T02:00:34.062Z,19010602,XBTUSD,Sell,1000,3782,ZeroMinusTick,c7f407a7-e421-afcd-7b32-ff2abf719e86,860903,623
2765313,2019-01-06T02:00:34.062Z,19010602,XBTUSD,Sell,90,3782,ZeroMinusTick,f8e9e074-501a-6944-4359-ff602a3e2e5f,860993,624
2765325,2019-01-06T02:00:34.121Z,19010602,XBTUSD,Sell,47,3782,ZeroMinusTick,44191ff2-9088-b235-f013-97ae820039aa,861040,625
2765334,2019-01-06T02:00:34.121Z,19010602,XBTUSD,Sell,214,3782,ZeroMinusTick,5a859a77-454e-8df2-3078-4c0f7fc4ff8e,861254,626
2765344,2019-01-06T02:00:34.121Z,19010602,XBTUSD,Sell,28,3781.5,MinusTick,6bda44b8-fac2-9712-1d86-e1f79d0cc545,861282,627
2765355,2019-01-06T02:00:34.390Z,19010602,XBTUSD,Sell,11111,3781.5,ZeroMinusTick,61806263-e1e8-9607-926f-96b49609cd75,872393,628
2765356,2019-01-06T02:00:34.422Z,19010602,XBTUSD,Sell,25622,3781.5,ZeroMinusTick,6e7d796e-ea46-ddb0-9347-f6186aa3ab00,898015,629
2765370,2019-01-06T02:00:35.567Z,19010602,XBTUSD,Sell,500,3781.5,ZeroMinusTick,063d9645-78b8-a047-4286-e1874a33b073,898515,630
2765382,2019-01-06T02:00:35.619Z,19010602,XBTUSD,Sell,240,3781.5,ZeroMinusTick,216eb084-c696-f586-1f60-567519ad67cc,898755,631
2765399,2019-01-06T02:00:35.698Z,19010602,XBTUSD,Sell,196,3781.5,ZeroMinusTick,f1a19f03-19ad-c31c-4a1a-067eaba2af20,898951,632
2765409,2019-01-06T02:00:35.698Z,19010602,XBTUSD,Sell,40,3781,ZeroMinusTick,8024e3df-ad87-84ef-16be-6ffb2390a317,898991,633
2765428,2019-01-06T02:00:35.753Z,19010602,XBTUSD,Sell,560,3781,ZeroMinusTick,2900480d-4758-f128-3b00-5762af4cc75c,899551,634
2765443,2019-01-06T02:00:36.945Z,19010602,XBTUSD,Sell,3000,3781,ZeroMinusTick,c1c3fad8-3e1d-efde-244d-6c5a48fb0e54,902551,635
2765525,2019-01-06T02:00:38.836Z,19010602,XBTUSD,Sell,4318,3781,ZeroMinusTick,96a34490-7164-d3c2-3e76-ece9f602b21f,906869,636
2765526,2019-01-06T02:00:38.957Z,19010602,XBTUSD,Buy,3783,3781.5,PlusTick,43d9aa2e-a146-58f0-fc53-6a2e263a0e31,910652,637
2765024,2019-01-06T02:00:31.323Z,19010602,XBTUSD,Sell,15,3785,ZeroMinusTick,9e752cce-e529-ec61-ded5-195ee1947edf,910667,638
2765034,2019-01-06T02:00:31.323Z,19010602,XBTUSD,Sell,5000,3785,ZeroMinusTick,c2d24cd4-be22-8d43-4309-977c7b400a30,915667,639
2765044,2019-01-06T02:00:31.323Z,19010602,XBTUSD,Sell,5000,3785,ZeroMinusTick,95fce928-b4d9-d566-9f85-71147b775b2c,920667,640
2765047,2019-01-06T02:00:31.323Z,19010602,XBTUSD,Sell,160,3785,ZeroMinusTick,75e7bbd1-9f8b-e76b-425b-0ea8f9b69c0a,920827,641
2765057,2019-01-06T02:00:31.323Z,19010602,XBTUSD,Sell,50,3785,ZeroMinusTick,bf228366-ad21-041a-9bdd-7825afabe5ec,920877,642
2765068,2019-01-06T02:00:31.323Z,19010602,XBTUSD,Sell,11,3784.5,ZeroMinusTick,b8621a74-3d61-2a7a-2d2c-b8fcc536616c,920888,643
2765078,2019-01-06T02:00:31.323Z,19010602,XBTUSD,Sell,500,3784.5,ZeroMinusTick,346cc40d-f64b-e907-981e-55565d34533d,921388,644
2765080,2019-01-06T02:00:31.323Z,19010602,XBTUSD,Sell,29,3784.5,ZeroMinusTick,d2b9be01-ddaf-97b1-1996-eac71dee2703,921417,645
2765091,2019-01-06T02:00:31.501Z,19010602,XBTUSD,Sell,15000,3784.5,ZeroMinusTick,43e2e0c0-b839-2fab-a597-14136a91c573,936417,646
2765103,2019-01-06T02:00:31.879Z,19010602,XBTUSD,Buy,3000,3784.5,ZeroMinusTick,a7f5a7c3-cd79-0c82-8861-4a85f4cbb694,939417,647
2765106,2019-01-06T02:00:32.051Z,19010602,XBTUSD,Sell,36,3784,MinusTick,8b9851e6-b5de-6331-7540-8773bb5f3b6e,939453,648
2765112,2019-01-06T02:00:32.081Z,19010602,XBTUSD,Sell,875,3784,ZeroMinusTick,6f7c705a-235e-d36e-1d1f-8f57ebc02b98,940328,649
2765128,2019-01-06T02:00:32.868Z,19010602,XBTUSD,Sell,200,3784,ZeroMinusTick,32d03ac8-3ef5-5b47-8ed0-46e5bb43f691,940528,650
2765141,2019-01-06T02:00:32.868Z,19010602,XBTUSD,Sell,196,3784,ZeroMinusTick,4899ed53-a0b7-55c3-194c-341d3fd084a8,940724,651
2765166,2019-01-06T02:00:33.214Z,19010602,XBTUSD,Sell,11,3783.5,ZeroMinusTick,1eae3055-3ad9-8408-f2ed-32ee49c34fd7,940735,652
2765176,2019-01-06T02:00:33.214Z,19010602,XBTUSD,Sell,1160,3783.5,ZeroMinusTick,57ed951d-7d02-37fd-4036-3edcaf7444c4,941895,653
2765186,2019-01-06T02:00:33.214Z,19010602,XBTUSD,Sell,154,3783.5,ZeroMinusTick,c55b8ee5-3dad-f259-44ea-c085d4fc7d0e,942049,654
2765193,2019-01-06T02:00:33.214Z,19010602,XBTUSD,Sell,125,3783,ZeroMinusTick,29c55b39-2c13-05e6-e73b-674874e70024,942174,655
2765200,2019-01-06T02:00:33.485Z,19010602,XBTUSD,Sell,11,3783,ZeroMinusTick,89277834-db15-8013-4cc1-191dc035410a,942185,656
2765210,2019-01-06T02:00:33.485Z,19010602,XBTUSD,Sell,433,3783,ZeroMinusTick,5feb2e50-ed9c-6543-b518-a8a1aa61ecf3,942618,657
2765220,2019-01-06T02:00:33.485Z,19010602,XBTUSD,Sell,134,3783,ZeroMinusTick,0d74e848-54e2-7598-1fd2-1d81d961e59a,942752,658
2765247,2019-01-06T02:00:33.855Z,19010602,XBTUSD,Sell,125,3782.5,ZeroMinusTick,ad7bef70-f91d-bbec-c895-6788bb86c967,942877,659
2765280,2019-01-06T02:00:34.040Z,19010602,XBTUSD,Sell,5,3782.5,ZeroMinusTick,2fc80e14-326e-f120-9b52-291eb4506681,942882,660
2765289,2019-01-06T02:00:34.062Z,19010602,XBTUSD,Sell,189,3782.5,ZeroMinusTick,ff242827-1158-6704-7935-56d400e4c179,943071,661
2765296,2019-01-06T02:00:34.062Z,19010602,XBTUSD,Sell,28,3782,ZeroMinusTick,7842a360-f5cc-3399-d11c-6ebc9b5f897f,943099,662
2765306,2019-01-06T02:00:34.062Z,19010602,XBTUSD,Sell,2000,3782,ZeroMinusTick,082ccd56-60f3-725a-175a-b96908b4e69f,945099,663
2765319,2019-01-06T02:00:34.121Z,19010602,XBTUSD,Sell,500,3782,ZeroMinusTick,876c7896-cd16-a574-df4b-8efcf3b50ab8,945599,664
2765331,2019-01-06T02:00:34.121Z,19010602,XBTUSD,Sell,140,3782,ZeroMinusTick,9a46b6e2-c352-5598-5442-c0cafbc8ae7e,945739,665
2765336,2019-01-06T02:00:34.121Z,19010602,XBTUSD,Sell,108,3782,ZeroMinusTick,41590d16-a9ea-2789-53a3-6f3d63fce5ef,945847,666
2765346,2019-01-06T02:00:34.121Z,19010602,XBTUSD,Sell,7267,3781.5,ZeroMinusTick,b52d6929-19c9-b249-5dba-5e714be22089,953114,667
2765374,2019-01-06T02:00:35.567Z,19010602,XBTUSD,Sell,150,3781.5,ZeroMinusTick,dd9864c9-306c-ac55-fc18-275577d4530d,953264,668
2765385,2019-01-06T02:00:35.619Z,19010602,XBTUSD,Sell,150,3781.5,ZeroMinusTick,b2793b7d-b7be-bee1-9cc4-92bd214d3960,953414,669
2765392,2019-01-06T02:00:35.698Z,19010602,XBTUSD,Sell,5088,3781.5,ZeroMinusTick,25ee91e3-7f9f-0f50-18d3-86c64eb31ffa,958502,670
2765407,2019-01-06T02:00:35.698Z,19010602,XBTUSD,Sell,11,3781,ZeroMinusTick,338a5747-db60-9e91-654c-0cc22a9810a9,958513,671
2765412,2019-01-06T02:00:35.698Z,19010602,XBTUSD,Sell,100,3781,ZeroMinusTick,adb610d1-047c-06e7-6c0b-6497d03b56da,958613,672
2765425,2019-01-06T02:00:35.753Z,19010602,XBTUSD,Sell,2774,3781,ZeroMinusTick,f9a7e8bf-c1ce-e44d-7290-c59e6988bd1a,961387,673
2765432,2019-01-06T02:00:35.844Z,19010602,XBTUSD,Sell,5000,3781,ZeroMinusTick,01adf0cc-c17b-6428-d4a1-9f443dac00ac,966387,674
2765433,2019-01-06T02:00:35.945Z,19010602,XBTUSD,Sell,160,3781,ZeroMinusTick,1e09a023-f70d-3329-b1e9-04aa2571e112,966547,675
2765434,2019-01-06T02:00:35.945Z,19010602,XBTUSD,Sell,160,3781,ZeroMinusTick,970bd31c-7afa-0084-4ea5-42342b4188d9,966707,676
2765440,2019-01-06T02:00:36.945Z,19010602,XBTUSD,Sell,8487,3781,ZeroMinusTick,811108f3-b5fb-7e65-5e2b-c6098286779b,975194,677
2765468,2019-01-06T02:00:37.837Z,19010602,XBTUSD,Buy,37,3781.5,ZeroPlusTick,7dd8de66-b5e2-f37b-0592-b2c0d43ded6e,975231,678
2765114,2019-01-06T02:00:32.081Z,19010602,XBTUSD,Sell,2325,3784,ZeroMinusTick,a65a040c-30d3-5879-e537-df4b914fead2,977556,679
2765126,2019-01-06T02:00:32.868Z,19010602,XBTUSD,Sell,11,3784,ZeroMinusTick,89634e90-5cd4-3638-16a0-8dbf33458a00,977567,680
2765140,2019-01-06T02:00:32.868Z,19010602,XBTUSD,Sell,121,3784,ZeroMinusTick,62faaad9-2733-be39-f5ea-b7099c78a20c,977688,681
2765165,2019-01-06T02:00:33.214Z,19010602,XBTUSD,Sell,36,3783.5,ZeroMinusTick,b50e033e-5027-5536-0a2d-d83becd93e2a,977724,682
2765172,2019-01-06T02:00:33.214Z,19010602,XBTUSD,Sell,27,3783.5,ZeroMinusTick,4acd4eef-189d-e73e-e2df-bd43c5ed013c,977751,683
2765190,2019-01-06T02:00:33.214Z,19010602,XBTUSD,Sell,480,3783,ZeroMinusTick,0a5b4de5-3a3b-adea-2177-4e12945060e6,978231,684
2765208,2019-01-06T02:00:33.485Z,19010602,XBTUSD,Sell,3,3783,ZeroMinusTick,a76c9043-5ebb-94d0-375f-d0f2a6fef80c,978234,685
2765213,2019-01-06T02:00:33.485Z,19010602,XBTUSD,Sell,9,3783,ZeroMinusTick,5e76d32b-ecb6-3610-42d2-df1eddf29c22,978243,686
2765227,2019-01-06T02:00:33.485Z,19010602,XBTUSD,Sell,235,3783,ZeroMinusTick,bf87c213-dbea-9f51-b86b-5cf5013ac690,978478,687
2765235,2019-01-06T02:00:33.793Z,19010602,XBTUSD,Sell,94,3783,ZeroMinusTick,fb590c68-bb03-73c1-2765-dc4236475c99,978572,688
2765243,2019-01-06T02:00:33.855Z,19010602,XBTUSD,Sell,500,3782.5,ZeroMinusTick,84f4edb1-a5aa-cd5f-b8b4-73ff5ef835ac,979072,689
2765251,2019-01-06T02:00:33.855Z,19010602,XBTUSD,Sell,1546,3782.5,ZeroMinusTick,0adf5724-67a4-351b-72c7-3d0dc7ac5ecd,980618,690
2765293,2019-01-06T02:00:34.062Z,19010602,XBTUSD,Sell,4000,3782.5,ZeroMinusTick,11f8f77e-b85b-a025-a23d-3fb6d1a71045,984618,691
2765302,2019-01-06T02:00:34.062Z,19010602,XBTUSD,Sell,750,3782,ZeroMinusTick,32e8f8e9-5e42-b7c7-26b1-0a5e1ad2c3a2,985368,692
2765312,2019-01-06T02:00:34.062Z,19010602,XBTUSD,Sell,15000,3782,ZeroMinusTick,f99c30ff-b738-f6f4-4dee-d968a395309b,1000368,693
2765318,2019-01-06T02:00:34.121Z,19010602,XBTUSD,Sell,2500,3782,ZeroMinusTick,0f0ea6da-11a3-cb14-2c9f-9a3289f2e56c,1002868,694
2765327,2019-01-06T02:00:34.121Z,19010602,XBTUSD,Sell,141,3782,ZeroMinusTick,9356b70d-fe75-ead3-276b-b69298463004,1003009,695
2765339,2019-01-06T02:00:34.121Z,19010602,XBTUSD,Sell,47,3782,ZeroMinusTick,b6bd8996-3c34-e110-dbee-34d1c894d917,1003056,696
2765371,2019-01-06T02:00:35.567Z,19010602,XBTUSD,Sell,480,3781.5,ZeroMinusTick,0068d6bf-168e-0850-7087-7fbf061a3c28,1003536,697
2765386,2019-01-06T02:00:35.619Z,19010602,XBTUSD,Sell,17,3781.5,ZeroMinusTick,505651f2-2fee-8029-6460-318eabb882f9,1003553,698
2765393,2019-01-06T02:00:35.698Z,19010602,XBTUSD,Sell,2000,3781.5,ZeroMinusTick,5a96b376-5fc9-83ec-fb10-b0f4bf279ae1,1005553,699
2765405,2019-01-06T02:00:35.698Z,19010602,XBTUSD,Sell,4720,3781.5,ZeroMinusTick,240154cd-5e4b-587a-b041-eb21b3bb675e,1010273,700
2765416,2019-01-06T02:00:35.698Z,19010602,XBTUSD,Sell,1226,3781,ZeroMinusTick,c3bee9ef-e91b-f476-35a3-69913a862bf7,1011499,701
2765445,2019-01-06T02:00:36.945Z,19010602,XBTUSD,Sell,554,3781,ZeroMinusTick,d7ac5ee4-85de-78f6-0817-0a189e9f2307,1012053,702
2765452,2019-01-06T02:00:37.052Z,19010602,XBTUSD,Sell,160,3781,ZeroMinusTick,3bbc2a89-b724-0a2c-e3b6-7afd0543e1af,1012213,703
2765453,2019-01-06T02:00:37.052Z,19010602,XBTUSD,Sell,1000,3781,ZeroMinusTick,735a4df8-f1ef-5c7b-27fa-cde41618ab6d,1013213,704
2765466,2019-01-06T02:00:37.369Z,19010602,XBTUSD,Buy,1,3781.5,PlusTick,28dbddf9-dca5-4efd-f138-f051dede542a,1013214,705
2765558,2019-01-06T02:00:42.186Z,19010602,XBTUSD,Sell,200,3781,ZeroMinusTick,6a3cc4ce-f0ff-d325-97ab-2ea87b2f34f0,1013414,706
2765573,2019-01-06T02:00:42.837Z,19010602,XBTUSD,Buy,5419,3781.5,PlusTick,d08b4a17-c4c2-15ae-a69b-c0435e3df32b,1018833,707
2765580,2019-01-06T02:00:42.957Z,19010602,XBTUSD,Sell,740,3781,ZeroMinusTick,ff25d6f7-68b4-7446-efda-62b13cf6f008,1019573,708
2765590,2019-01-06T02:00:43.292Z,19010602,XBTUSD,Sell,60000,3781,ZeroMinusTick,3801cb97-f1b8-d1c5-a5b1-59085bd418ec,1079573,709
2765600,2019-01-06T02:00:43.292Z,19010602,XBTUSD,Sell,3256,3781,ZeroMinusTick,9d120bdc-1cdb-0adc-dc25-3a5cee38eaef,1082829,710
2765619,2019-01-06T02:00:43.818Z,19010602,XBTUSD,Buy,38365,3781.5,ZeroPlusTick,bd83d15d-5efc-5f27-8eb5-e3cab0d550fd,1121194,711
2765632,2019-01-06T02:00:43.818Z,19010602,XBTUSD,Buy,1760,3781.5,ZeroPlusTick,9f569dbd-a1b4-d85c-1a90-8effbc559de5,1122954,712
2765672,2019-01-06T02:00:45.769Z,19010602,XBTUSD,Sell,500,3781,ZeroMinusTick,ef2cd71f-6c8c-9d56-1776-5be8c1572eae,1123454,713
2765731,2019-01-06T02:00:49.307Z,19010602,XBTUSD,Sell,300,3781,ZeroMinusTick,e585fcc8-0e8f-f1ac-26ad-39f02aa7eff8,1123754,714
2765741,2019-01-06T02:00:49.307Z,19010602,XBTUSD,Sell,196,3781,ZeroMinusTick,41669d8c-61f1-3325-6510-3d41dcff0127,1123950,715
2765751,2019-01-06T02:00:49.307Z,19010602,XBTUSD,Sell,205,3781,ZeroMinusTick,98c26d95-ce96-d11d-d2a9-041f0ba77609,1124155,716
2765294,2019-01-06T02:00:34.062Z,19010602,XBTUSD,Sell,480,3782,MinusTick,3da85eba-276f-8377-6594-dc1d171ca742,1124635,717
2765298,2019-01-06T02:00:34.062Z,19010602,XBTUSD,Sell,125,3782,ZeroMinusTick,4e3888a3-7e30-cb1d-d7aa-83c4813a895a,1124760,718
2765308,2019-01-06T02:00:34.062Z,19010602,XBTUSD,Sell,1759,3782,ZeroMinusTick,697642ab-55bd-95c9-1589-b8de90c82e4b,1126519,719
2765322,2019-01-06T02:00:34.121Z,19010602,XBTUSD,Sell,374,3782,ZeroMinusTick,155bbe66-5757-e492-342e-79b93dc07d75,1126893,720
2765333,2019-01-06T02:00:34.121Z,19010602,XBTUSD,Sell,214,3782,ZeroMinusTick,29f8cb52-72cb-35a8-c803-71fc61163b79,1127107,721
2765345,2019-01-06T02:00:34.121Z,19010602,XBTUSD,Sell,100,3781.5,ZeroMinusTick,e603a1f9-571f-641a-4296-d59f3b09406d,1127207,722
2765347,2019-01-06T02:00:34.121Z,19010602,XBTUSD,Sell,1000,3781.5,ZeroMinusTick,8bcdd465-9754-b382-a4f1-dc847b72f687,1128207,723
2765373,2019-01-06T02:00:35.567Z,19010602,XBTUSD,Sell,125,3781.5,ZeroMinusTick,9f5c8eac-9d91-d931-8088-58e3fecf36db,1128332,724
2765384,2019-01-06T02:00:35.619Z,19010602,XBTUSD,Sell,100,3781.5,ZeroMinusTick,286692c3-a91f-4fa1-df36-b9076228e095,1128432,725
2765395,2019-01-06T02:00:35.698Z,19010602,XBTUSD,Sell,35,3781.5,ZeroMinusTick,631c618e-2206-4d46-6c3e-e6756f0bfee2,1128467,726
2765403,2019-01-06T02:00:35.698Z,19010602,XBTUSD,Sell,311,3781.5,ZeroMinusTick,4142486c-25a9-a8f8-c20b-fcb915e7a094,1128778,727
2765414,2019-01-06T02:00:35.698Z,19010602,XBTUSD,Sell,19126,3781,ZeroMinusTick,13e2cd11-c505-20f8-a8e9-2acf15f63124,1147904,728
2765427,2019-01-06T02:00:35.753Z,19010602,XBTUSD,Sell,200,3781,ZeroMinusTick,79f2c1c5-94e2-a8d3-d888-75bfbb1162ce,1148104,729
2765444,2019-01-06T02:00:36.945Z,19010602,XBTUSD,Sell,1000,3781,ZeroMinusTick,af4bc08c-b4c5-2aea-0915-9ffa1d3f4ebf,1149104,730
2765459,2019-01-06T02:00:37.144Z,19010602,XBTUSD,Sell,1000,3781,ZeroMinusTick,4ad9e5f3-7953-51fd-7e67-cdff4de2fac9,1150104,731
2765467,2019-01-06T02:00:37.557Z,19010602,XBTUSD,Buy,122,3781.5,ZeroPlusTick,daa26f92-f0b6-408e-baf7-daaa5e78a803,1150226,732
2765495,2019-01-06T02:00:37.964Z,19010602,XBTUSD,Sell,500,3781,MinusTick,f53006d5-2086-fa49-72b7-b56f76a4f8ca,1150726,733
2765587,2019-01-06T02:00:43.292Z,19010602,XBTUSD,Sell,300,3781,ZeroMinusTick,a84518cf-c7f3-7287-51ab-942244f21cbb,1151026,734
2765599,2019-01-06T02:00:43.292Z,19010602,XBTUSD,Sell,1000,3781,ZeroMinusTick,59fa8213-adcd-8d3f-d2d8-d66b1d669fbe,1152026,735
2765622,2019-01-06T02:00:43.818Z,19010602,XBTUSD,Buy,5000,3781.5,ZeroPlusTick,48330e1a-03b7-d4c9-0511-a616d4e1f01b,1157026,736
2765629,2019-01-06T02:00:43.818Z,19010602,XBTUSD,Buy,10,3781.5,ZeroPlusTick,1270c0de-a6fe-eb92-a716-0af02104fa66,1157036,737
2765725,2019-01-06T02:00:49.307Z,19010602,XBTUSD,Sell,4620,3781,ZeroMinusTick,1ea7f5a4-a56d-77aa-768f-dc37fd366509,1161656,738
2765735,2019-01-06T02:00:49.307Z,19010602,XBTUSD,Sell,47,3781,ZeroMinusTick,dd05c2ff-2a73-a810-bc7a-2ee561e243e9,1161703,739
2765746,2019-01-06T02:00:49.307Z,19010602,XBTUSD,Sell,150,3781,ZeroMinusTick,812ee066-a400-46bf-0618-be0d0d26d4ee,1161853,740
2765757,2019-01-06T02:00:49.307Z,19010602,XBTUSD,Sell,122,3781,ZeroMinusTick,d0ff687d-b00d-cb73-43ad-01f5b27aba4e,1161975,741
2765769,2019-01-06T02:00:49.307Z,19010602,XBTUSD,Sell,10000,3781,ZeroMinusTick,07f5d61e-ebad-7e50-bcde-13f584323262,1171975,742
2765795,2019-01-06T02:00:49.947Z,19010602,XBTUSD,Buy,189,3781.5,ZeroPlusTick,f07f180c-c2b6-4cd4-c34b-fed92231efc0,1172164,743
2765805,2019-01-06T02:00:49.947Z,19010602,XBTUSD,Buy,83000,3781.5,ZeroPlusTick,33c6fe4e-7cfe-93a7-2fa5-da9795bef146,1255164,744
2765816,2019-01-06T02:00:49.947Z,19010602,XBTUSD,Buy,11,3781.5,ZeroPlusTick,b093522d-5352-9d15-8094-f6469c7e1787,1255175,745
2765841,2019-01-06T02:00:50.621Z,19010602,XBTUSD,Buy,64,3782,ZeroPlusTick,40c5ef4e-9369-0953-1d66-384b0ff4cf88,1255239,746
2765852,2019-01-06T02:00:50.621Z,19010602,XBTUSD,Buy,10,3783,ZeroPlusTick,342e8283-c3e2-e07f-a03b-0fbd48a04943,1255249,747
2765884,2019-01-06T02:00:51.011Z,19010602,XBTUSD,Buy,324,3782.5,ZeroPlusTick,88fd854b-858b-1c57-323d-16a5f2f12947,1255573,748
2765291,2019-01-06T02:00:34.062Z,19010602,XBTUSD,Sell,227,3782.5,ZeroMinusTick,eafcae15-a52c-5a36-0757-25f77328d54c,1255800,749
2765304,2019-01-06T02:00:34.062Z,19010602,XBTUSD,Sell,225,3782,ZeroMinusTick,8dd30f2f-4dc9-1709-2a30-fbc46ac01300,1256025,750
2765314,2019-01-06T02:00:34.062Z,19010602,XBTUSD,Sell,4910,3782,ZeroMinusTick,a4019520-536c-ce62-638c-df78b00e333b,1260935,751
2765323,2019-01-06T02:00:34.121Z,19010602,XBTUSD,Sell,200,3782,ZeroMinusTick,c0cde5e8-cc00-3398-4340-4ba028679e44,1261135,752
2765335,2019-01-06T02:00:34.121Z,19010602,XBTUSD,Sell,24,3782,ZeroMinusTick,b242381f-98b9-a29e-d1a1-0e4249ea3a51,1261159,753
2765343,2019-01-06T02:00:34.121Z,19010602,XBTUSD,Sell,120,3782,ZeroMinusTick,6426191d-4569-be31-1bce-585759e7276f,1261279,754
2765372,2019-01-06T02:00:35.567Z,19010602,XBTUSD,Sell,11,3781.5,ZeroMinusTick,13eba2ac-15af-2405-20b5-26bd168a7cf7,1261290,755
2765387,2019-01-06T02:00:35.619Z,19010602,XBTUSD,Sell,1000,3781.5,ZeroMinusTick,e99187c6-8881-1eea-93d2-4b568323d418,1262290,756
2765396,2019-01-06T02:00:35.698Z,19010602,XBTUSD,Sell,60,3781.5,ZeroMinusTick,d5fdaf3c-b393-d3d3-a75f-c6b3c1b6b393,1262350,757
2765404,2019-01-06T02:00:35.698Z,19010602,XBTUSD,Sell,11,3781.5,ZeroMinusTick,caf78a5e-97ea-71ba-3edd-ad3dce572105,1262361,758
2765415,2019-01-06T02:00:35.698Z,19010602,XBTUSD,Sell,874,3781,ZeroMinusTick,e52ee5ad-ab84-03a6-5144-5329c0a3b100,1263235,759
2765424,2019-01-06T02:00:35.753Z,19010602,XBTUSD,Sell,2000,3781,ZeroMinusTick,21e1f92f-b989-61ca-a5dd-d8ac6387c1d6,1265235,760
2765441,2019-01-06T02:00:36.945Z,19010602,XBTUSD,Sell,68,3781,ZeroMinusTick,89a052b9-c1c5-547a-67be-fed480e02f81,1265303,761
2765524,2019-01-06T02:00:38.836Z,19010602,XBTUSD,Sell,10682,3781,ZeroMinusTick,c6cbd756-650f-4fa9-88a5-6312baee1d9a,1275985,762
2765585,2019-01-06T02:00:43.292Z,19010602,XBTUSD,Sell,50,3781,ZeroMinusTick,db3e2857-bc86-d25c-0394-4c63f13788ae,1276035,763
2765597,2019-01-06T02:00:43.292Z,19010602,XBTUSD,Sell,28,3781,ZeroMinusTick,8b53757d-d23e-d478-9224-b915e16a0a3d,1276063,764
2765624,2019-01-06T02:00:43.818Z,19010602,XBTUSD,Buy,5000,3781.5,ZeroPlusTick,a092d97a-0ad8-4099-6567-8c20e628df6f,1281063,765
2765626,2019-01-06T02:00:43.818Z,19010602,XBTUSD,Buy,5069,3781.5,ZeroPlusTick,8453886d-a658-b96e-d02e-aab759992f33,1286132,766
2765734,2019-01-06T02:00:49.307Z,19010602,XBTUSD,Sell,50,3781,ZeroMinusTick,26335aab-7784-a670-3cfd-bff421afe211,1286182,767
2765744,2019-01-06T02:00:49.307Z,19010602,XBTUSD,Sell,50000,3781,ZeroMinusTick,f1dff088-27f5-3a70-b183-09f5a5d0ffcf,1336182,768
2765753,2019-01-06T02:00:49.307Z,19010602,XBTUSD,Sell,637,3781,ZeroMinusTick,e30cd882-a44b-017c-ca7e-38b6e6efeb82,1336819,769
2765764,2019-01-06T02:00:49.307Z,19010602,XBTUSD,Sell,20,3781,ZeroMinusTick,ced85acb-a21e-3943-2c1a-17152a3e5bbc,1336839,770
2765772,2019-01-06T02:00:49.307Z,19010602,XBTUSD,Sell,7582,3781,ZeroMinusTick,0ab1b83c-7049-bc78-a0c3-5c672bf6d768,1344421,771
2765803,2019-01-06T02:00:49.947Z,19010602,XBTUSD,Buy,28,3781.5,ZeroPlusTick,237afb10-34f2-752e-cb09-91e7f6d3ada4,1344449,772
2765807,2019-01-06T02:00:49.947Z,19010602,XBTUSD,Buy,46,3781.5,ZeroPlusTick,a8f02543-1557-9f93-a936-1722bb62b53e,1344495,773
2765820,2019-01-06T02:00:49.987Z,19010602,XBTUSD,Buy,44,3782,ZeroPlusTick,fe79491b-4cca-9a6f-4121-8e75e0613256,1344539,774
2765834,2019-01-06T02:00:50.621Z,19010602,XBTUSD,Buy,133000,3782,ZeroPlusTick,f609c934-dc8e-f0fb-7ccf-3673fce5442f,1477539,775
2765846,2019-01-06T02:00:50.621Z,19010602,XBTUSD,Buy,11,3782.5,ZeroPlusTick,45af1571-92e8-a9b9-c3c9-1b76d09ece09,1477550,776
2765855,2019-01-06T02:00:50.621Z,19010602,XBTUSD,Buy,124,3783,ZeroPlusTick,900a940e-7cbd-e2a8-a621-eb6ceb1ba73b,1477674,777
2765881,2019-01-06T02:00:50.936Z,19010602,XBTUSD,Buy,625,3782.5,PlusTick,b756edee-e153-0fab-21d4-ee1f59671d59,1478299,778
2765301,2019-01-06T02:00:34.062Z,19010602,XBTUSD,Sell,11,3782,ZeroMinusTick,7ed7cca0-e9e4-2623-ff79-4b258f18978f,1478310,779
2765311,2019-01-06T02:00:34.062Z,19010602,XBTUSD,Sell,950,3782,ZeroMinusTick,d662cb0c-937b-0aaf-15eb-51728056f6d5,1479260,780
2765316,2019-01-06T02:00:34.121Z,19010602,XBTUSD,Sell,100,3782,ZeroMinusTick,1909b8d7-40c4-0f05-7fd6-d7fc96f709a7,1479360,781
2765329,2019-01-06T02:00:34.121Z,19010602,XBTUSD,Sell,94,3782,ZeroMinusTick,9bc03065-22d2-7fef-862b-2be49777bc4c,1479454,782
2765338,2019-01-06T02:00:34.121Z,19010602,XBTUSD,Sell,47,3782,ZeroMinusTick,67f83d12-f707-2218-6a4b-3c10508f3976,1479501,783
2765348,2019-01-06T02:00:34.121Z,19010602,XBTUSD,Sell,5000,3781.5,ZeroMinusTick,99c3abf5-bd08-6e7e-c99e-b3453697bd8d,1484501,784
2765376,2019-01-06T02:00:35.567Z,19010602,XBTUSD,Sell,11,3781.5,ZeroMinusTick,216d2ccd-0754-4421-294a-a158e479cdfc,1484512,785
2765380,2019-01-06T02:00:35.619Z,19010602,XBTUSD,Sell,800,3781.5,MinusTick,2e496ec7-ee8f-a9ae-7922-d0235803d712,1485312,786
2765390,2019-01-06T02:00:35.698Z,19010602,XBTUSD,Sell,3000,3781.5,ZeroMinusTick,036cd80b-09c5-8bb1-7a26-b1083e98c084,1488312,787
2765400,2019-01-06T02:00:35.698Z,19010602,XBTUSD,Sell,152,3781.5,ZeroMinusTick,a89ede1e-2db1-7e9b-a3d7-17b8992525c9,1488464,788
2765408,2019-01-06T02:00:35.698Z,19010602,XBTUSD,Sell,100,3781,ZeroMinusTick,1b1e06c5-3bf4-d48e-b47c-184454736abe,1488564,789
2765429,2019-01-06T02:00:35.844Z,19010602,XBTUSD,Sell,5200,3781,ZeroMinusTick,3fd08ee8-b386-95ce-2243-4c0e9f6bb511,1493764,790
2765454,2019-01-06T02:00:37.052Z,19010602,XBTUSD,Sell,1000,3781,ZeroMinusTick,d411d18e-c599-9881-75f0-e8f7cb4c4277,1494764,791
2765556,2019-01-06T02:00:42.186Z,19010602,XBTUSD,Sell,9582,3781,ZeroMinusTick,7b35c7fd-cc8b-7376-7086-53d465c9dc08,1504346,792
2765591,2019-01-06T02:00:43.292Z,19010602,XBTUSD,Sell,1000,3781,ZeroMinusTick,3a6f8d5a-73d8-03f9-7c34-4f05338adf29,1505346,793
2765596,2019-01-06T02:00:43.292Z,19010602,XBTUSD,Sell,1919,3781,ZeroMinusTick,ca41603c-abd7-15fd-8139-abbf8c79e65b,1507265,794
2765617,2019-01-06T02:00:43.818Z,19010602,XBTUSD,Buy,4000,3781.5,ZeroPlusTick,f71a274e-8f01-4067-189e-5685edf7844a,1511265,795
2765630,2019-01-06T02:00:43.818Z,19010602,XBTUSD,Buy,5000,3781.5,ZeroPlusTick,8956f263-f281-5958-64df-e284f04a88d2,1516265,796
2765733,2019-01-06T02:00:49.307Z,19010602,XBTUSD,Sell,200,3781,ZeroMinusTick,0af98567-62ac-16ab-06ef-6bc6388565f2,1516465,797
2765749,2019-01-06T02:00:49.307Z,19010602,XBTUSD,Sell,30,3781,ZeroMinusTick,35568f8d-689f-0a8d-2d58-f4c8d807a3fb,1516495,798
