id,timestamp,hour,symbol,side,size,price,tickDirection,trdMatchID,volTime,tickTime
3089472,2019-01-06T16:00:06.751Z,19010616,XBTUSD,Buy,823,3824,ZeroPlusTick,d5b3f21e-4d9e-12da-74b7-d6a2ba37c9a4,823,1
3089484,2019-01-06T16:00:07.650Z,19010616,XBTUSD,Sell,50,3823.5,ZeroMinusTick,03ccad56-65b6-1430-98d5-192998816006,873,2
3089494,2019-01-06T16:00:09.256Z,19010616,XBTUSD,Buy,433,3824,ZeroPlusTick,c2e23a7d-df24-8b63-f8bd-a74aa037a6c6,1306,3
3089496,2019-01-06T16:00:11.005Z,19010616,XBTUSD,Buy,100,3824,ZeroPlusTick,22938c45-5356-e663-59d4-918085c9d383,1406,4
3089519,2019-01-06T16:00:16.770Z,19010616,XBTUSD,Buy,155,3824,ZeroPlusTick,340421ea-e3b1-c0d2-17aa-d2f40ba20401,1561,5
3089528,2019-01-06T16:00:16.781Z,19010616,XBTUSD,Buy,100,3824,ZeroPlusTick,003f486a-3cf2-7065-0d2c-e4d69894bc9c,1661,6
3089538,2019-01-06T16:00:16.918Z,19010616,XBTUSD,Buy,243,3824,ZeroPlusTick,7518ad05-d4da-a22f-f760-a6ac4a13f44a,1904,7
3089539,2019-01-06T16:00:16.991Z,19010616,XBTUSD,Buy,786,3824,ZeroPlusTick,ff9412c6-c88d-5cbc-6c27-7771b10010e4,2690,8
3089540,2019-01-06T16:00:17.013Z,19010616,XBTUSD,Buy,3743,3824,ZeroPlusTick,c98d7c13-5988-a73a-c118-7d09c3a75b55,6433,9
3089541,2019-01-06T16:00:17.033Z,19010616,XBTUSD,Buy,942,3824,ZeroPlusTick,83bc8095-8ff0-d459-767a-496cf2ca9dac,7375,10
3089473,2019-01-06T16:00:06.751Z,19010616,XBTUSD,Buy,109,3824,ZeroPlusTick,83784c02-3e8a-210e-7948-d55cc8e155eb,7484,11
3089524,2019-01-06T16:00:16.770Z,19010616,XBTUSD,Buy,210,3824,ZeroPlusTick,dae67fb8-b1f3-d984-b7cc-14f51e462410,7694,12
3089532,2019-01-06T16:00:16.781Z,19010616,XBTUSD,Buy,4000,3824,ZeroPlusTick,e07463d4-eff5-e2cf-c954-80db5cb8c47c,11694,13
3089545,2019-01-06T16:00:17.122Z,19010616,XBTUSD,Buy,2101,3824,ZeroPlusTick,ac16e4eb-5521-fe81-caae-3fb647e42b79,13795,14
3089571,2019-01-06T16:00:19.260Z,19010616,XBTUSD,Buy,3735,3824,ZeroPlusTick,50a77db6-df60-b62f-a46d-9758db35d960,17530,15
3089578,2019-01-06T16:00:19.364Z,19010616,XBTUSD,Buy,4277,3824,ZeroPlusTick,2a5d2961-a7a3-3bf0-c6e7-01efd2beec1e,21807,16
3089611,2019-01-06T16:00:23.824Z,19010616,XBTUSD,Buy,6713,3824,PlusTick,c56578b6-c6df-c961-d32d-5f92664120b0,28520,17
3089634,2019-01-06T16:00:25.892Z,19010616,XBTUSD,Buy,10000,3824,ZeroPlusTick,8b042a2b-97a1-fe7b-6fca-87d311c950f8,38520,18
3089687,2019-01-06T16:00:34.432Z,19010616,XBTUSD,Buy,2297,3824,ZeroPlusTick,2a38118f-293a-8651-3d72-aa200971b733,40817,19
3089477,2019-01-06T16:00:06.751Z,19010616,XBTUSD,Buy,5597,3824,ZeroPlusTick,bcb6e367-329c-0b64-d0ad-1d73e65b54bf,46414,20
3089478,2019-01-06T16:00:06.807Z,19010616,XBTUSD,Buy,250,3824,ZeroPlusTick,bb7c82cc-1957-d55a-1230-ba848c098743,46664,21
3089481,2019-01-06T16:00:06.933Z,19010616,XBTUSD,Sell,10,3823.5,MinusTick,0ccacd5b-4e85-4369-de33-4410fd0d4527,46674,22
3089482,2019-01-06T16:00:07.254Z,19010616,XBTUSD,Sell,200,3823.5,ZeroMinusTick,97f8c5de-0c25-21a8-0720-33035df6c35e,46874,23
3089487,2019-01-06T16:00:07.893Z,19010616,XBTUSD,Sell,200,3823.5,ZeroMinusTick,996deb05-8738-6e1c-4ab2-758ca602067c,47074,24
3089498,2019-01-06T16:00:11.675Z,19010616,XBTUSD,Buy,1100,3824,ZeroPlusTick,9c767950-bfd3-1360-4386-30451881e296,48174,25
3089502,2019-01-06T16:00:12.602Z,19010616,XBTUSD,Buy,116,3824,ZeroPlusTick,455f67c8-c0b1-654a-2a26-79c4f29998cf,48290,26
3089520,2019-01-06T16:00:16.770Z,19010616,XBTUSD,Buy,287,3824,ZeroPlusTick,27d4bf34-b122-ea12-9577-bb7f17265e9e,48577,27
3089531,2019-01-06T16:00:16.781Z,19010616,XBTUSD,Buy,225,3824,ZeroPlusTick,f0177a72-5347-dd07-8302-39ca87aed005,48802,28
3089549,2019-01-06T16:00:17.174Z,19010616,XBTUSD,Buy,4299,3824,ZeroPlusTick,39eda916-62f4-6a92-c76b-42ba4f5ba9d7,53101,29
3089555,2019-01-06T16:00:17.383Z,19010616,XBTUSD,Buy,1088,3824,ZeroPlusTick,c094ba2a-9d3e-5455-eba7-8e57a2cc60f9,54189,30
3089573,2019-01-06T16:00:19.293Z,19010616,XBTUSD,Buy,784,3824,ZeroPlusTick,0dce5179-6607-c186-786c-981988b75c4b,54973,31
3089582,2019-01-06T16:00:19.440Z,19010616,XBTUSD,Buy,1827,3824,ZeroPlusTick,015c80c5-8c1b-006f-05fd-69f62077ae5f,56800,32
3089588,2019-01-06T16:00:21.239Z,19010616,XBTUSD,Buy,100,3824,ZeroPlusTick,27f4a97d-7fff-3e01-bed4-51a98cb5ec02,56900,33
3089590,2019-01-06T16:00:21.448Z,19010616,XBTUSD,Sell,22,3823.5,MinusTick,590bf07d-6711-6f08-4e9d-922c2781a46c,56922,34
3089443,2019-01-06T16:00:04.576Z,19010616,XBTUSD,Buy,400,3824,PlusTick,82971122-a9f8-badb-6c14-81d20c2edb62,57322,35
3089499,2019-01-06T16:00:11.903Z,19010616,XBTUSD,Buy,14,3824,ZeroPlusTick,386a3afa-908b-7ca4-2c1a-03c4155c0472,57336,36
3089518,2019-01-06T16:00:16.770Z,19010616,XBTUSD,Buy,1242,3824,ZeroPlusTick,e110b05a-fcdd-43b3-624b-a3699897fa68,58578,37
3089529,2019-01-06T16:00:16.781Z,19010616,XBTUSD,Buy,2,3824,ZeroPlusTick,990b5482-a09e-de0c-2f55-937041a48de3,58580,38
3089577,2019-01-06T16:00:19.341Z,19010616,XBTUSD,Buy,2097,3824,ZeroPlusTick,c68847df-24f2-13fc-d0a8-be9181e32035,60677,39
3089632,2019-01-06T16:00:25.892Z,19010616,XBTUSD,Buy,200,3824,ZeroPlusTick,12debf64-f387-381d-ee2a-cdb4b7a39088,60877,40
3089637,2019-01-06T16:00:25.892Z,19010616,XBTUSD,Buy,201,3824,ZeroPlusTick,77a77211-e9ff-4f5c-cedc-3e56a99a8073,61078,41
3089678,2019-01-06T16:00:32.258Z,19010616,XBTUSD,Buy,100,3824,ZeroPlusTick,200a714e-b415-4045-0803-8093762890a6,61178,42
3089690,2019-01-06T16:00:34.469Z,19010616,XBTUSD,Buy,878,3824,ZeroPlusTick,d59c7237-7961-a423-e3b6-8bfdb5531d42,62056,43
3089713,2019-01-06T16:00:35.754Z,19010616,XBTUSD,Buy,15,3824,ZeroPlusTick,e4e930cc-f19e-ce48-8dd1-ad2fb7350707,62071,44
3089757,2019-01-06T16:00:38.090Z,19010616,XBTUSD,Buy,43376,3824,ZeroPlusTick,2bd07730-e0f8-464c-2c3f-0dc41b0a5be4,105447,45
3089759,2019-01-06T16:00:38.217Z,19010616,XBTUSD,Sell,1830,3823.5,ZeroMinusTick,84b2c83b-0dec-f17e-1783-92c205827d35,107277,46
3089475,2019-01-06T16:00:06.751Z,19010616,XBTUSD,Buy,5000,3824,ZeroPlusTick,071b44bf-6a89-b5ce-8cf4-21047dd924b6,112277,47
3089522,2019-01-06T16:00:16.770Z,19010616,XBTUSD,Buy,100,3824,ZeroPlusTick,6682a9f4-1ad6-0494-f027-a77fce55fe9e,112377,48
3089526,2019-01-06T16:00:16.781Z,19010616,XBTUSD,Buy,175,3824,ZeroPlusTick,a950b614-2896-4940-a7f2-a0796da7e306,112552,49
3089536,2019-01-06T16:00:16.806Z,19010616,XBTUSD,Buy,87,3824,ZeroPlusTick,628c09d8-c9d5-8030-5eeb-5e5e177ceaaf,112639,50
3089579,2019-01-06T16:00:19.374Z,19010616,XBTUSD,Buy,5,3824,ZeroPlusTick,199753af-9843-c5ac-00d9-b30f90e2e181,112644,51
3089631,2019-01-06T16:00:25.892Z,19010616,XBTUSD,Buy,10000,3824,ZeroPlusTick,9847eed1-4e18-8037-0a00-ec39cdc51ba1,122644,52
3089653,2019-01-06T16:00:30.876Z,19010616,XBTUSD,Buy,1,3824,ZeroPlusTick,96d87323-00da-2792-7c5b-fef5a0ba9f17,122645,53
3089474,2019-01-06T16:00:06.751Z,19010616,XBTUSD,Buy,11471,3824,ZeroPlusTick,67523a8a-3328-8ad6-9298-93ecaaa45031,134116,54
3089488,2019-01-06T16:00:07.930Z,19010616,XBTUSD,Buy,200,3824,PlusTick,7add8bbb-4cc0-773a-941c-9a54119b2574,134316,55
3089495,2019-01-06T16:00:09.685Z,19010616,XBTUSD,Buy,230,3824,ZeroPlusTick,cda54e2e-74f8-7348-c989-4a810d4938d0,134546,56
3089523,2019-01-06T16:00:16.770Z,19010616,XBTUSD,Buy,100,3824,ZeroPlusTick,582f305e-11f3-60fb-50a8-814fc2bbb6b9,134646,57
3089534,2019-01-06T16:00:16.796Z,19010616,XBTUSD,Buy,457,3824,ZeroPlusTick,7ba5db4e-af77-f9fd-236e-9c67cf1d40ce,135103,58
3089628,2019-01-06T16:00:25.892Z,19010616,XBTUSD,Buy,4000,3824,ZeroPlusTick,486010b1-26ff-b8d4-513a-592364a58007,139103,59
3089710,2019-01-06T16:00:35.724Z,19010616,XBTUSD,Sell,2385,3823.5,ZeroMinusTick,0cd19edc-2dbe-318c-7af5-8c8c5b4681b4,141488,60
3089720,2019-01-06T16:00:35.754Z,19010616,XBTUSD,Buy,10129,3824,ZeroPlusTick,b10f0427-cd60-57cd-5f52-b13e46d26eba,151617,61
3089731,2019-01-06T16:00:36.336Z,19010616,XBTUSD,Buy,615,3824,ZeroPlusTick,605fc8e4-4949-bc62-02f7-2ac0c0d0eca8,152232,62
3089734,2019-01-06T16:00:36.694Z,19010616,XBTUSD,Sell,11,3823.5,ZeroMinusTick,e471ae60-1d1c-f8a9-58d6-416d38138abf,152243,63
3089754,2019-01-06T16:00:38.090Z,19010616,XBTUSD,Buy,30,3824,ZeroPlusTick,31a33c89-16a4-3e63-b277-d8e1b1409359,152273,64
3089780,2019-01-06T16:00:39.843Z,19010616,XBTUSD,Sell,5,3823.5,MinusTick,7f77867b-0556-9c1e-6260-aa934002fe41,152278,65
3089461,2019-01-06T16:00:05.535Z,19010616,XBTUSD,Buy,400,3824,ZeroPlusTick,cfc55628-9ba9-4845-c498-4901d58306be,152678,66
3089465,2019-01-06T16:00:06.034Z,19010616,XBTUSD,Buy,100,3824,ZeroPlusTick,8de3c38c-d8c8-349b-ff11-bb37da904063,152778,67
3089513,2019-01-06T16:00:16.033Z,19010616,XBTUSD,Buy,2,3824,ZeroPlusTick,e8954c2f-f54b-f57f-bce3-2b669ca7d15f,152780,68
3089516,2019-01-06T16:00:16.770Z,19010616,XBTUSD,Buy,354,3824,ZeroPlusTick,5b90142f-262c-bdf9-8657-13d9000aab45,153134,69
3089533,2019-01-06T16:00:16.781Z,19010616,XBTUSD,Buy,43,3824,ZeroPlusTick,09dc36e8-726b-87e4-0ffc-5c2e32fca644,153177,70
3089550,2019-01-06T16:00:17.190Z,19010616,XBTUSD,Buy,390,3824,ZeroPlusTick,6ff2d75d-4f27-d7ba-4625-1ec7acd4b3f4,153567,71
3089551,2019-01-06T16:00:17.270Z,19010616,XBTUSD,Buy,1831,3824,ZeroPlusTick,86f47af6-3e1f-35e1-89fa-c6b964c94011,155398,72
3089557,2019-01-06T16:00:17.440Z,19010616,XBTUSD,Buy,259,3824,ZeroPlusTick,3afe01b1-765e-f6a6-b30e-bf3ee2a3868a,155657,73
3089558,2019-01-06T16:00:17.561Z,19010616,XBTUSD,Buy,2,3824,ZeroPlusTick,63fcad95-702c-d9b8-52c8-6f35d411cdc2,155659,74
3089559,2019-01-06T16:00:17.829Z,19010616,XBTUSD,Buy,10,3824,ZeroPlusTick,2252a550-ce33-5333-ef9a-89eaead2245f,155669,75
3089560,2019-01-06T16:00:18.078Z,19010616,XBTUSD,Sell,9984,3823.5,MinusTick,e750715b-48b2-7594-b87c-92e7777aa06e,165653,76
3089569,2019-01-06T16:00:19.236Z,19010616,XBTUSD,Buy,3895,3824,ZeroPlusTick,2cade0e5-765c-01c0-7058-15d2655cec66,169548,77
3089575,2019-01-06T16:00:19.315Z,19010616,XBTUSD,Buy,1174,3824,ZeroPlusTick,cb48c72f-c477-80da-3e19-73b945f86c3b,170722,78
3089630,2019-01-06T16:00:25.892Z,19010616,XBTUSD,Buy,80,3824,ZeroPlusTick,3081abff-16c5-642a-5bbe-3d339194ef6b,170802,79
3089645,2019-01-06T16:00:28.247Z,19010616,XBTUSD,Buy,500,3824,ZeroPlusTick,ae9fe10d-7d7b-19b2-ebf0-15245aad1401,171302,80
3089709,2019-01-06T16:00:35.715Z,19010616,XBTUSD,Sell,1811,3823.5,ZeroMinusTick,42c56bf7-aabe-4cce-4d47-bde86e8ae439,173113,81
3089719,2019-01-06T16:00:35.754Z,19010616,XBTUSD,Buy,625,3824,ZeroPlusTick,8f6628d5-a055-235f-2b9e-992df4466cf9,173738,82
3089751,2019-01-06T16:00:38.090Z,19010616,XBTUSD,Buy,6162,3824,PlusTick,ec7867e1-106b-a9bb-36f6-778747d2abe9,179900,83
3089435,2019-01-06T16:00:03.805Z,19010616,XBTUSD,Sell,400,3823.5,MinusTick,cd1c3a1d-7152-02c9-39b1-4ea2740e61e3,180300,84
3089436,2019-01-06T16:00:03.868Z,19010616,XBTUSD,Sell,60000,3823.5,ZeroMinusTick,0f231089-b315-5db6-91c3-766945c94508,240300,85
3089437,2019-01-06T16:00:03.917Z,19010616,XBTUSD,Buy,100,3824,PlusTick,cc64e757-7e4e-e032-0f17-760f3f6419d4,240400,86
3089438,2019-01-06T16:00:04.225Z,19010616,XBTUSD,Sell,3360,3823.5,MinusTick,d35c3a8d-cfb8-53b0-2e74-b5512215b4b6,243760,87
3089440,2019-01-06T16:00:04.437Z,19010616,XBTUSD,Buy,574,3824,PlusTick,0a8af752-3d07-2b09-fa16-70211d8c1cbc,244334,88
3089441,2019-01-06T16:00:04.539Z,19010616,XBTUSD,Sell,1,3823.5,MinusTick,3f98e4c1-49df-fbe6-a0e6-525a530feead,244335,89
3089442,2019-01-06T16:00:04.569Z,19010616,XBTUSD,Sell,10,3823.5,ZeroMinusTick,805ff7ed-e4d8-03d4-7a39-772bb28d683b,244345,90
3089444,2019-01-06T16:00:04.591Z,19010616,XBTUSD,Buy,426,3824,ZeroPlusTick,5c083fc5-b4df-e5bd-8b22-3122e10a3801,244771,91
3089476,2019-01-06T16:00:06.751Z,19010616,XBTUSD,Buy,10000,3824,ZeroPlusTick,3a6818f7-dca9-963f-6059-e9ffa75c6f2a,254771,92
3089515,2019-01-06T16:00:16.770Z,19010616,XBTUSD,Buy,183,3824,ZeroPlusTick,afb44e71-8867-4fab-20bc-51f36fa6dbbc,254954,93
3089525,2019-01-06T16:00:16.770Z,19010616,XBTUSD,Buy,298,3824,ZeroPlusTick,9a550469-62ef-bf5b-22b2-944c5f3875dc,255252,94
3089535,2019-01-06T16:00:16.796Z,19010616,XBTUSD,Buy,3445,3824,ZeroPlusTick,f008b2d2-3073-5aff-7421-c4d2e34b6f42,258697,95
3089546,2019-01-06T16:00:17.142Z,19010616,XBTUSD,Buy,1176,3824,ZeroPlusTick,9334b481-7ee4-8b7d-d0e9-2df7c12f46f8,259873,96
3089576,2019-01-06T16:00:19.331Z,19010616,XBTUSD,Buy,533,3824,ZeroPlusTick,a44a6814-6e2b-0f49-e0ba-aa72edb1f0d0,260406,97
3089625,2019-01-06T16:00:25.892Z,19010616,XBTUSD,Buy,420,3824,ZeroPlusTick,958a6f9f-2e12-452a-7068-3d80fe47dd00,260826,98
3089635,2019-01-06T16:00:25.892Z,19010616,XBTUSD,Buy,2155,3824,ZeroPlusTick,e9b22250-09d6-058a-f389-4199b9c884b9,262981,99
3089675,2019-01-06T16:00:32.250Z,19010616,XBTUSD,Buy,2512,3824,ZeroPlusTick,a10ccafb-c301-ac36-68e2-95bafb30f475,265493,100
3089676,2019-01-06T16:00:32.258Z,19010616,XBTUSD,Buy,387,3824,ZeroPlusTick,384b000f-d816-6a82-2948-f02516c901d9,265880,101
3089688,2019-01-06T16:00:34.432Z,19010616,XBTUSD,Buy,712,3824,ZeroPlusTick,30e87c38-0bce-0808-35a5-25eb2757b446,266592,102
3089708,2019-01-06T16:00:35.703Z,19010616,XBTUSD,Sell,3850,3823.5,MinusTick,02de5633-6c11-2f7f-ba36-3cb7e9fa5a2f,270442,103
3089711,2019-01-06T16:00:35.754Z,19010616,XBTUSD,Buy,2310,3824,PlusTick,a7a795b3-072b-d0cb-3c8a-9dfd91a65dc8,272752,104
3089721,2019-01-06T16:00:35.754Z,19010616,XBTUSD,Buy,100,3824,ZeroPlusTick,7ff07b7a-701b-9dd5-0e75-7c32e96f5ced,272852,105
3089756,2019-01-06T16:00:38.090Z,19010616,XBTUSD,Buy,1,3824,ZeroPlusTick,1bdb0abb-6edd-526c-8d82-24f7e196deda,272853,106
3089776,2019-01-06T16:00:39.175Z,19010616,XBTUSD,Buy,822,3824,PlusTick,27e4755c-4612-db39-8a18-fb1e256c9605,273675,107
3089517,2019-01-06T16:00:16.770Z,19010616,XBTUSD,Buy,644,3824,ZeroPlusTick,0a38973d-df41-3c5a-149f-5ae55740d0e4,274319,108
3089530,2019-01-06T16:00:16.781Z,19010616,XBTUSD,Buy,2000,3824,ZeroPlusTick,b53155e4-ad33-39f7-b781-2ef761a153cd,276319,109
3089537,2019-01-06T16:00:16.832Z,19010616,XBTUSD,Buy,754,3824,ZeroPlusTick,2bc45b32-d21f-82ee-8193-b90f0d676c09,277073,110
3089542,2019-01-06T16:00:17.033Z,19010616,XBTUSD,Buy,355,3824,ZeroPlusTick,42b97a59-5d28-69b4-f23d-8a41b6925fe7,277428,111
3089548,2019-01-06T16:00:17.165Z,19010616,XBTUSD,Buy,376,3824,ZeroPlusTick,ca3516a1-9436-5e9c-0695-6c5ddd448169,277804,112
3089570,2019-01-06T16:00:19.243Z,19010616,XBTUSD,Buy,242,3824,ZeroPlusTick,d02ed80c-d6b5-e044-bb63-1f47617e91c2,278046,113
3089574,2019-01-06T16:00:19.301Z,19010616,XBTUSD,Buy,364,3824,ZeroPlusTick,3bd80858-e3cb-09da-5304-59aff0437f76,278410,114
3089584,2019-01-06T16:00:19.464Z,19010616,XBTUSD,Buy,375,3824,ZeroPlusTick,faa8a205-9c44-21fe-2947-b6cea88500b8,278785,115
3089585,2019-01-06T16:00:19.941Z,19010616,XBTUSD,Buy,39,3824,ZeroPlusTick,ec3512db-f862-ff3e-4fcc-2bc2de8d2cf7,278824,116
3089586,2019-01-06T16:00:20.335Z,19010616,XBTUSD,Buy,2663,3824,ZeroPlusTick,1046ea0a-7974-3f35-0e8f-ff4c5da8a022,281487,117
3089614,2019-01-06T16:00:25.400Z,19010616,XBTUSD,Buy,5133,3824,ZeroPlusTick,41ca87f2-7916-f4ef-5d53-e3333c81777f,286620,118
3089633,2019-01-06T16:00:25.892Z,19010616,XBTUSD,Buy,625,3824,ZeroPlusTick,fa3e0d69-1737-5eb3-7c92-d0ace1bd7e46,287245,119
3089679,2019-01-06T16:00:32.258Z,19010616,XBTUSD,Buy,347,3824,ZeroPlusTick,b5e944a4-ac91-d9fd-f0cd-aa8a0223ec0e,287592,120
3089715,2019-01-06T16:00:35.754Z,19010616,XBTUSD,Buy,8000,3824,ZeroPlusTick,8f2e1d10-37ab-1708-f997-864ad6c286f5,295592,121
3089732,2019-01-06T16:00:36.353Z,19010616,XBTUSD,Buy,2003,3824,ZeroPlusTick,b2e344ea-18d5-597a-0966-a7c25793830b,297595,122
3089733,2019-01-06T16:00:36.694Z,19010616,XBTUSD,Sell,451,3823.5,MinusTick,eae60ce9-ca38-7395-8c3a-a17f59a3573d,298046,123
3089741,2019-01-06T16:00:36.927Z,19010616,XBTUSD,Sell,5000,3823.5,ZeroMinusTick,f9cf0ad4-7024-bef4-1f3c-8ab9b24da943,303046,124
3089742,2019-01-06T16:00:37.002Z,19010616,XBTUSD,Sell,231,3823.5,ZeroMinusTick,6c62caa7-b15e-35a9-5818-639582c50e55,303277,125
3089752,2019-01-06T16:00:38.090Z,19010616,XBTUSD,Buy,200,3824,ZeroPlusTick,cf638d53-7104-a518-ba64-cf1a5857ce7c,303477,126
3089794,2019-01-06T16:00:41.639Z,19010616,XBTUSD,Sell,10000,3823.5,ZeroMinusTick,839ac66e-a65f-00dd-5072-7ce345b3868a,313477,127
3089795,2019-01-06T16:00:41.795Z,19010616,XBTUSD,Buy,154,3824,PlusTick,1ae902ce-a51c-b1f3-9651-cef7be8af50c,313631,128
3089512,2019-01-06T16:00:15.996Z,19010616,XBTUSD,Buy,100,3824,ZeroPlusTick,de3ee31d-a35d-af19-34e6-a309f74158b2,313731,129
3089521,2019-01-06T16:00:16.770Z,19010616,XBTUSD,Buy,100,3824,ZeroPlusTick,08529b1c-f6dc-e944-6767-b463e0b6b34b,313831,130
3089527,2019-01-06T16:00:16.781Z,19010616,XBTUSD,Buy,164,3824,ZeroPlusTick,b562b7c7-8c84-f1dd-dcce-810827f11c8a,313995,131
3089561,2019-01-06T16:00:18.328Z,19010616,XBTUSD,Buy,3665,3824,PlusTick,e3d1fde2-bbd7-4f8f-15c6-72b7d0df99ae,317660,132
3089562,2019-01-06T16:00:18.477Z,19010616,XBTUSD,Sell,500,3823.5,MinusTick,6a248dfa-9861-b974-8019-377dce12678d,318160,133
3089564,2019-01-06T16:00:18.819Z,19010616,XBTUSD,Buy,211,3824,PlusTick,e17c6713-78c2-4e65-ccb7-f077296d956a,318371,134
3089565,2019-01-06T16:00:18.964Z,19010616,XBTUSD,Buy,266,3824,ZeroPlusTick,525d9f24-20ac-749b-a1a3-3c1796574d9f,318637,135
3089566,2019-01-06T16:00:19.007Z,19010616,XBTUSD,Buy,6696,3824,ZeroPlusTick,11fced4f-9a7c-9d78-5b51-7bf5a9707c23,325333,136
3089567,2019-01-06T16:00:19.220Z,19010616,XBTUSD,Buy,87,3824,ZeroPlusTick,dbba226a-fa57-9c09-720d-dbecca773e5b,325420,137
3089568,2019-01-06T16:00:19.230Z,19010616,XBTUSD,Buy,752,3824,ZeroPlusTick,4f832470-09d8-abac-e01c-65415681d403,326172,138
3089572,2019-01-06T16:00:19.280Z,19010616,XBTUSD,Buy,1295,3824,ZeroPlusTick,35157da1-c52b-7baf-6391-8b84f58c00f0,327467,139
3089583,2019-01-06T16:00:19.451Z,19010616,XBTUSD,Buy,75,3824,ZeroPlusTick,c8f3ca5b-6723-6ec2-257d-e5d249439abd,327542,140
3089626,2019-01-06T16:00:25.892Z,19010616,XBTUSD,Buy,100,3824,ZeroPlusTick,0f10fcf2-7632-d869-490d-a972ac2a0653,327642,141
3089638,2019-01-06T16:00:25.892Z,19010616,XBTUSD,Buy,1376,3824,ZeroPlusTick,75c72690-0a7d-bdc0-e805-d5aed86a16f2,329018,142
3089652,2019-01-06T16:00:30.876Z,19010616,XBTUSD,Buy,2024,3824,ZeroPlusTick,a964e143-65ae-87b9-3539-a92e768ef99b,331042,143
3089712,2019-01-06T16:00:35.754Z,19010616,XBTUSD,Buy,9556,3824,ZeroPlusTick,47d9350d-ef7d-c4ab-5df0-d7baa6ad13f3,340598,144
3089753,2019-01-06T16:00:38.090Z,19010616,XBTUSD,Buy,100,3824,ZeroPlusTick,2a779d1f-1dd1-cc8d-ca67-81fa8fe4e59e,340698,145
3089833,2019-01-06T16:00:43.319Z,19010616,XBTUSD,Buy,851,3824,ZeroPlusTick,88f03c2e-9694-db3d-f0b4-e8a8cf530cea,341549,146
3089854,2019-01-06T16:00:48.842Z,19010616,XBTUSD,Buy,10,3824,ZeroPlusTick,fccb0869-04c7-d595-4681-9c7f89c0816b,341559,147
3089856,2019-01-06T16:00:48.981Z,19010616,XBTUSD,Buy,259,3824,PlusTick,9288c14c-3bab-4239-f2c9-5ec7a776dac5,341818,148
3089867,2019-01-06T16:00:49.652Z,19010616,XBTUSD,Buy,15,3824,ZeroPlusTick,267399ee-5080-0f4d-a018-bf913e95cf62,341833,149
3089876,2019-01-06T16:00:55.669Z,19010616,XBTUSD,Buy,600,3824,ZeroPlusTick,da8b6ed6-fd55-600a-7933-56ba6e4320d3,342433,150
3089920,2019-01-06T16:01:01.409Z,19010616,XBTUSD,Buy,150,3824,ZeroPlusTick,0e57aca7-e23f-3fd3-89da-6c735bd2768e,342583,151
3089933,2019-01-06T16:01:03.621Z,19010616,XBTUSD,Sell,5000,3823.5,MinusTick,43cc6918-0e36-4e49-7af0-c3fef8905457,347583,152
3089934,2019-01-06T16:01:03.648Z,19010616,XBTUSD,Sell,5000,3823.5,ZeroMinusTick,b552471d-f787-b14d-e71d-1d7e88a7b835,352583,153
3089941,2019-01-06T16:01:04.472Z,19010616,XBTUSD,Buy,2349,3824,ZeroPlusTick,f4f56725-fed3-d6c2-edf6-df5e49325fc7,354932,154
3089946,2019-01-06T16:01:04.829Z,19010616,XBTUSD,Buy,100,3824,ZeroPlusTick,7eebeb48-da39-431c-cef0-9d7043a45690,355032,155
3089976,2019-01-06T16:01:06.384Z,19010616,XBTUSD,Buy,103,3824,ZeroPlusTick,6fdc69ab-8d6f-58c0-9ba6-c9c41391f132,355135,156
3089985,2019-01-06T16:01:06.384Z,19010616,XBTUSD,Buy,100,3824,ZeroPlusTick,d3d8f3d1-b6a0-7e53-6d38-1d95349cfea7,355235,157
3089988,2019-01-06T16:01:06.755Z,19010616,XBTUSD,Buy,23,3824,ZeroPlusTick,3c4e9691-1f18-2e9d-2d19-fea9b032d8f1,355258,158
3090011,2019-01-06T16:01:10.955Z,19010616,XBTUSD,Buy,64,3824,ZeroPlusTick,a57be13c-f7e1-a6af-2549-6d8da037cab4,355322,159
3090014,2019-01-06T16:01:11.945Z,19010616,XBTUSD,Buy,100,3824,ZeroPlusTick,f2cc6052-a84c-f93b-ca1c-99d72e50959f,355422,160
3089543,2019-01-06T16:00:17.042Z,19010616,XBTUSD,Buy,211,3824,ZeroPlusTick,7a7f7c9b-fa53-f19a-23bd-8e7400c4a505,355633,161
3089544,2019-01-06T16:00:17.067Z,19010616,XBTUSD,Buy,365,3824,ZeroPlusTick,628fc7e8-bead-2e9f-c166-2dad081240b1,355998,162
3089547,2019-01-06T16:00:17.150Z,19010616,XBTUSD,Buy,534,3824,ZeroPlusTick,9e1a2c18-1b91-e3bf-bfc1-bd718aedc362,356532,163
3089615,2019-01-06T16:00:25.400Z,19010616,XBTUSD,Buy,1580,3824,ZeroPlusTick,a5e11455-0ec5-1b6d-59a6-1120ef8785f4,358112,164
3089627,2019-01-06T16:00:25.892Z,19010616,XBTUSD,Buy,41,3824,ZeroPlusTick,666124ae-985f-99db-408a-fc8341ce3c5e,358153,165
3089636,2019-01-06T16:00:25.892Z,19010616,XBTUSD,Buy,2,3824,ZeroPlusTick,b37597ad-11f1-958b-a31b-097226776e24,358155,166
3089639,2019-01-06T16:00:26.033Z,19010616,XBTUSD,Buy,100,3824,ZeroPlusTick,739d6f7c-46b8-4eff-1ee5-2fddfcff4bb8,358255,167
3089714,2019-01-06T16:00:35.754Z,19010616,XBTUSD,Buy,10000,3824,ZeroPlusTick,be0cc4ec-21fe-5a60-cf73-79aa7c10fb31,368255,168
3089755,2019-01-06T16:00:38.090Z,19010616,XBTUSD,Buy,131,3824,ZeroPlusTick,30beb1ec-c4a0-20d7-7c09-a4c1e80a9e25,368386,169
3089786,2019-01-06T16:00:41.302Z,19010616,XBTUSD,Sell,50,3823.5,MinusTick,383d8e83-6e76-245b-3027-faeb877ff39c,368436,170
3089837,2019-01-06T16:00:43.777Z,19010616,XBTUSD,Buy,200,3824,ZeroPlusTick,b6da6d0b-1649-b622-f216-18a3b36b6c78,368636,171
3089845,2019-01-06T16:00:44.523Z,19010616,XBTUSD,Buy,15,3824,ZeroPlusTick,4dadc24c-0872-f9c5-1902-6d6e229d620a,368651,172
3089865,2019-01-06T16:00:49.229Z,19010616,XBTUSD,Buy,60,3824,ZeroPlusTick,be275cb3-8e7d-3fb4-4a1b-04c39ce551a2,368711,173
3089940,2019-01-06T16:01:04.472Z,19010616,XBTUSD,Buy,1500,3824,ZeroPlusTick,6f89b619-da58-782e-df85-b99d17e817db,370211,174
3089947,2019-01-06T16:01:04.829Z,19010616,XBTUSD,Buy,100,3824,ZeroPlusTick,13e9ccd2-0d35-1787-1462-58cfd22c4cd7,370311,175
3089949,2019-01-06T16:01:05.086Z,19010616,XBTUSD,Buy,305,3824,ZeroPlusTick,dfcd7fde-d957-f2cf-5b02-c4e791b6b1c4,370616,176
3089977,2019-01-06T16:01:06.384Z,19010616,XBTUSD,Buy,100,3824,ZeroPlusTick,b2b5dbe3-789b-8fc1-6797-2f54e3a47764,370716,177
3090000,2019-01-06T16:01:08.348Z,19010616,XBTUSD,Buy,4,3824,ZeroPlusTick,116a8126-300f-e073-22fc-989ccb1ab5fb,370720,178
3090001,2019-01-06T16:01:08.380Z,19010616,XBTUSD,Buy,155,3824,ZeroPlusTick,017aa433-dea3-f192-e20a-faf1a25f6d32,370875,179
3090002,2019-01-06T16:01:08.400Z,19010616,XBTUSD,Buy,2,3824,ZeroPlusTick,4805df0a-1f7e-9c28-23e5-1e6e934f3621,370877,180
3090038,2019-01-06T16:01:13.069Z,19010616,XBTUSD,Buy,11,3824,ZeroPlusTick,b383eee4-e41e-eae1-6c23-1dca3ca255b5,370888,181
3090046,2019-01-06T16:01:13.069Z,19010616,XBTUSD,Buy,60,3824,ZeroPlusTick,8a31b10e-9f48-c408-4b39-aee0627d4f0c,370948,182
3089629,2019-01-06T16:00:25.892Z,19010616,XBTUSD,Buy,800,3824,ZeroPlusTick,44177127-ad0a-94c1-74aa-f3bb2effdd33,371748,183
3089670,2019-01-06T16:00:31.065Z,19010616,XBTUSD,Buy,100,3824,ZeroPlusTick,1f02ab86-5e33-4ba5-f5c1-ba47aba88868,371848,184
3089677,2019-01-06T16:00:32.258Z,19010616,XBTUSD,Buy,12,3824,ZeroPlusTick,b1eecfa6-8a34-5055-af68-e95b1e9fb1f2,371860,185
3089716,2019-01-06T16:00:35.754Z,19010616,XBTUSD,Buy,8000,3824,ZeroPlusTick,9d90ff3d-9354-1768-a8c7-68c4ba6b5f49,379860,186
3089722,2019-01-06T16:00:35.754Z,19010616,XBTUSD,Buy,1120,3824,ZeroPlusTick,f6ce3637-9c0f-0b8b-98c1-a856c9135759,380980,187
3089735,2019-01-06T16:00:36.694Z,19010616,XBTUSD,Sell,11,3823.5,ZeroMinusTick,5f8c3b6d-f7dc-3f69-bdbd-75d8c0355bd3,380991,188
3089770,2019-01-06T16:00:39.085Z,19010616,XBTUSD,Sell,3865,3823.5,ZeroMinusTick,a7ae1f06-ba5b-3bf6-18b6-a631b190fc47,384856,189
3089779,2019-01-06T16:00:39.275Z,19010616,XBTUSD,Buy,2988,3824,ZeroPlusTick,610d1de0-67c2-9db1-dced-d1a724b2eac8,387844,190
3089785,2019-01-06T16:00:41.212Z,19010616,XBTUSD,Buy,100,3824,PlusTick,9a9ef9d7-89e3-c1ae-5fbc-fdb62e1659c0,387944,191
3089831,2019-01-06T16:00:43.254Z,19010616,XBTUSD,Buy,2511,3824,ZeroPlusTick,80c0de73-de6a-7b95-3f4e-cfc00acb39d9,390455,192
3089852,2019-01-06T16:00:48.678Z,19010616,XBTUSD,Buy,100,3824,PlusTick,773f3e24-3c89-1104-2e5c-6b4f11882ec5,390555,193
3089857,2019-01-06T16:00:49.006Z,19010616,XBTUSD,Sell,5000,3823.5,MinusTick,d33d28a7-2409-655e-3bc4-b8e5f276b7ed,395555,194
3089918,2019-01-06T16:01:00.956Z,19010616,XBTUSD,Buy,100,3824,ZeroPlusTick,e8ac98b6-8d9f-3d8a-8d99-056ae2b5089a,395655,195
3089919,2019-01-06T16:01:01.038Z,19010616,XBTUSD,Buy,1,3824,ZeroPlusTick,66538483-e7f4-8f37-17c9-d78373648622,395656,196
3089937,2019-01-06T16:01:04.472Z,19010616,XBTUSD,Buy,36,3824,ZeroPlusTick,74449506-3960-63a0-9dba-517c7d59b2e7,395692,197
3089942,2019-01-06T16:01:04.589Z,19010616,XBTUSD,Buy,500,3824,ZeroPlusTick,a0e83fae-bdb0-e537-f428-381fcbb4806d,396192,198
3089944,2019-01-06T16:01:04.829Z,19010616,XBTUSD,Buy,300,3824,ZeroPlusTick,548df4db-d666-e0b4-b1cd-f3ab8ec9b39c,396492,199
3089982,2019-01-06T16:01:06.384Z,19010616,XBTUSD,Buy,362,3824,ZeroPlusTick,c1e408a5-124c-574b-74f0-c73324f11f57,396854,200
3089999,2019-01-06T16:01:08.348Z,19010616,XBTUSD,Buy,46,3824,ZeroPlusTick,6df00149-e0f9-a611-0898-45c621f7412c,396900,201
3090013,2019-01-06T16:01:11.945Z,19010616,XBTUSD,Buy,36,3824,ZeroPlusTick,e1676843-de0e-8ea3-e875-441b954c27cb,396936,202
3090039,2019-01-06T16:01:13.069Z,19010616,XBTUSD,Buy,130,3824,ZeroPlusTick,7a24e0a1-afee-2acb-b47a-8a4fced135b2,397066,203
3090043,2019-01-06T16:01:13.069Z,19010616,XBTUSD,Buy,30,3824,ZeroPlusTick,2cc63a19-f7f9-7722-9ddd-0a21b7738b40,397096,204
3089707,2019-01-06T16:00:35.661Z,19010616,XBTUSD,Buy,100,3824,ZeroPlusTick,f23edc84-cbfb-e0a2-b942-d218f8b403aa,397196,205
3089717,2019-01-06T16:00:35.754Z,19010616,XBTUSD,Buy,25,3824,ZeroPlusTick,f6bcc2f6-766e-f57e-c6fc-af6d364065b4,397221,206
3089726,2019-01-06T16:00:36.165Z,19010616,XBTUSD,Buy,100,3824,ZeroPlusTick,fd6769ce-2fc2-8800-3fa5-382c051345a3,397321,207
3089758,2019-01-06T16:00:38.133Z,19010616,XBTUSD,Sell,2394,3823.5,MinusTick,fc3711aa-c985-2c57-30d4-fbe0be931fa8,399715,208
3089781,2019-01-06T16:00:39.916Z,19010616,XBTUSD,Sell,3,3823.5,ZeroMinusTick,93aed72e-25ec-5c9d-8219-28657cc52c56,399718,209
3089864,2019-01-06T16:00:49.191Z,19010616,XBTUSD,Buy,7000,3824,PlusTick,d8b0ef4c-5c93-5828-5265-7e37193e70b9,406718,210
3089907,2019-01-06T16:00:59.924Z,19010616,XBTUSD,Buy,26,3824,ZeroPlusTick,3d822d45-3963-b7fc-95bb-14bed077c2c4,406744,211
3089923,2019-01-06T16:01:02.445Z,19010616,XBTUSD,Sell,529,3823.5,MinusTick,7fa17eb6-1f5a-03e3-0bd0-2c33301e1b3d,407273,212
3089938,2019-01-06T16:01:04.472Z,19010616,XBTUSD,Buy,2000,3824,ZeroPlusTick,5158226e-e4d7-a5ce-81e7-cdcf9bd9a6ff,409273,213
3089943,2019-01-06T16:01:04.829Z,19010616,XBTUSD,Buy,1201,3824,ZeroPlusTick,552ba864-89dd-9937-b6bc-8916b8f98e6d,410474,214
3089972,2019-01-06T16:01:06.292Z,19010616,XBTUSD,Buy,142,3824,ZeroPlusTick,be8d0e36-7a75-0f7b-0e39-a507a4c81838,410616,215
3089974,2019-01-06T16:01:06.384Z,19010616,XBTUSD,Buy,26,3824,ZeroPlusTick,a9ae957a-38db-f555-7801-a356b6815869,410642,216
3089984,2019-01-06T16:01:06.384Z,19010616,XBTUSD,Buy,100,3824,ZeroPlusTick,98ffdd82-6583-af4c-c3f3-992d06a303ef,410742,217
3089989,2019-01-06T16:01:06.755Z,19010616,XBTUSD,Buy,109,3824,ZeroPlusTick,eafd7c11-0b63-4974-2d3b-cecb44e716b9,410851,218
3090006,2019-01-06T16:01:10.021Z,19010616,XBTUSD,Buy,50,3824,ZeroPlusTick,e8a72a16-701e-0924-1e51-32e4bc95d5cc,410901,219
3090007,2019-01-06T16:01:10.133Z,19010616,XBTUSD,Buy,15,3824,ZeroPlusTick,e25106c7-3195-8676-cd1b-3b6d0ae70f40,410916,220
3090010,2019-01-06T16:01:10.955Z,19010616,XBTUSD,Buy,36,3824,ZeroPlusTick,23826245-a94e-d6e6-8eee-e934fa75c845,410952,221
3090015,2019-01-06T16:01:11.945Z,19010616,XBTUSD,Buy,100,3824,ZeroPlusTick,48aabbbd-85fc-b85b-5476-7f899b37d408,411052,222
3090025,2019-01-06T16:01:12.518Z,19010616,XBTUSD,Buy,100,3824,ZeroPlusTick,d3e76bba-f531-51ad-3cda-610f78a88e40,411152,223
3090034,2019-01-06T16:01:13.069Z,19010616,XBTUSD,Buy,17,3824,ZeroPlusTick,cbc14f3e-ca14-1a05-5af0-d0dad5bd30c2,411169,224
3090047,2019-01-06T16:01:13.069Z,19010616,XBTUSD,Buy,56,3824,ZeroPlusTick,5c0a25fb-3087-1ed9-d861-f97aa1c89bfa,411225,225
3090102,2019-01-06T16:01:15.749Z,19010616,XBTUSD,Sell,1597,3823.5,ZeroMinusTick,88247851-facc-a856-2874-dd38cc7487d3,412822,226
3090130,2019-01-06T16:01:20.024Z,19010616,XBTUSD,Buy,192,3824,ZeroPlusTick,d01c5f16-121c-dbe1-8ab9-71dfd5bec0b4,413014,227
3090206,2019-01-06T16:01:26.599Z,19010616,XBTUSD,Sell,11,3823.5,ZeroMinusTick,e54f9fef-1cb8-a4c0-b146-6fcae1af32e4,413025,228
3089718,2019-01-06T16:00:35.754Z,19010616,XBTUSD,Buy,120,3824,ZeroPlusTick,4d1a4c0b-b357-efc7-2961-6677e6aa9ec9,413145,229
3089736,2019-01-06T16:00:36.694Z,19010616,XBTUSD,Sell,4094,3823.5,ZeroMinusTick,1d806d5a-d305-efdd-20a7-09aa99fbe24a,417239,230
3089871,2019-01-06T16:00:50.952Z,19010616,XBTUSD,Buy,100,3824,ZeroPlusTick,ab51cf76-195d-37b0-3e04-9479f2601b81,417339,231
3089882,2019-01-06T16:00:57.856Z,19010616,XBTUSD,Buy,600,3824,ZeroPlusTick,2f32750d-47c1-bc56-f8dd-b35a95625814,417939,232
3089970,2019-01-06T16:01:06.292Z,19010616,XBTUSD,Buy,42,3824,ZeroPlusTick,5527c84b-bcba-89e6-8dcd-f0c859fd7bec,417981,233
3089980,2019-01-06T16:01:06.384Z,19010616,XBTUSD,Buy,270,3824,ZeroPlusTick,4a3eeff7-42ef-7d97-bbe1-21fe26eefd20,418251,234
3090017,2019-01-06T16:01:11.945Z,19010616,XBTUSD,Buy,158,3824,ZeroPlusTick,2e921660-6949-fe02-f6ce-62500905e219,418409,235
3090026,2019-01-06T16:01:12.518Z,19010616,XBTUSD,Buy,100,3824,ZeroPlusTick,70b1eb62-4541-cde6-4c74-e131ad317b87,418509,236
3090036,2019-01-06T16:01:13.069Z,19010616,XBTUSD,Buy,2003,3824,ZeroPlusTick,e38cb3d3-b84d-dce5-32c0-a77ef8d02964,420512,237
3090088,2019-01-06T16:01:15.136Z,19010616,XBTUSD,Sell,500,3823.5,MinusTick,dc9ac39e-01b7-615a-d8a0-58fbc38513ca,421012,238
3090104,2019-01-06T16:01:15.749Z,19010616,XBTUSD,Sell,1000,3823.5,ZeroMinusTick,057ac6b7-a29b-8f3a-2310-52dcafc7aa9e,422012,239
3090110,2019-01-06T16:01:15.913Z,19010616,XBTUSD,Buy,20,3824,ZeroPlusTick,6d499768-62e5-091e-ca8e-b19c201a8ae5,422032,240
3090131,2019-01-06T16:01:20.024Z,19010616,XBTUSD,Buy,300,3824,ZeroPlusTick,8513cba0-faab-3989-7c1f-15b3fced0591,422332,241
3090212,2019-01-06T16:01:26.699Z,19010616,XBTUSD,Buy,191,3824,PlusTick,83266d0e-42dd-843e-333b-47ecb5ae62fc,422523,242
3090220,2019-01-06T16:01:27.360Z,19010616,XBTUSD,Sell,5000,3823.5,MinusTick,a74b17b1-6962-67b6-978b-24243704a979,427523,243
3090239,2019-01-06T16:01:34.272Z,19010616,XBTUSD,Buy,493,3824,ZeroPlusTick,e777d7f1-4ebc-575e-4e4d-1b2a18b04baa,428016,244
3090287,2019-01-06T16:01:41.541Z,19010616,XBTUSD,Buy,18,3824,ZeroPlusTick,5158151d-75d9-fce4-d10a-c3bb0ac32634,428034,245
3090294,2019-01-06T16:01:41.541Z,19010616,XBTUSD,Buy,8000,3824,ZeroPlusTick,d2692822-6e82-e8db-70f3-6cc5d2d65835,436034,246
3090306,2019-01-06T16:01:41.541Z,19010616,XBTUSD,Buy,100,3824,ZeroPlusTick,6bd84541-0ef0-0f97-d013-f889ef52ee6b,436134,247
3090318,2019-01-06T16:01:41.541Z,19010616,XBTUSD,Buy,1449,3824,ZeroPlusTick,c52b93a4-469b-e09e-e5b5-b68635a045fa,437583,248
3090335,2019-01-06T16:01:48.687Z,19010616,XBTUSD,Sell,100,3823.5,ZeroMinusTick,8de7cc9d-4322-aeb8-8946-61f8398af6d7,437683,249
3090347,2019-01-06T16:01:52.384Z,19010616,XBTUSD,Buy,5468,3824,ZeroPlusTick,a85d4afa-e539-bb6a-49cf-e383b6cc5004,443151,250
3090357,2019-01-06T16:01:52.384Z,19010616,XBTUSD,Buy,300,3824,ZeroPlusTick,104ae03c-3297-5f1c-f7ff-4e35b6b0ffcc,443451,251
3090361,2019-01-06T16:01:53.226Z,19010616,XBTUSD,Sell,1190,3823.5,MinusTick,d91e663c-78fd-9a3e-f80d-3c6f1e73ec82,444641,252
3090362,2019-01-06T16:01:53.629Z,19010616,XBTUSD,Buy,1223,3824,PlusTick,5ba9627f-7afd-13eb-a3c0-a6628e0ab15a,445864,253
3090382,2019-01-06T16:01:55.552Z,19010616,XBTUSD,Buy,1200,3824.5,ZeroPlusTick,1a69432e-c8f7-f2ed-5d3b-5ad21e3f236d,447064,254
3090391,2019-01-06T16:01:55.593Z,19010616,XBTUSD,Buy,20000,3824.5,ZeroPlusTick,9fc9e412-0989-ce0a-3080-2659a354aef6,467064,255
3089880,2019-01-06T16:00:57.455Z,19010616,XBTUSD,Buy,50000,3824,ZeroPlusTick,716b9b12-7899-1ff2-02e3-35c9c6a651df,517064,256
3089971,2019-01-06T16:01:06.292Z,19010616,XBTUSD,Buy,155,3824,ZeroPlusTick,44bacc9f-d512-12d0-b953-86d1fcc455c5,517219,257
3089981,2019-01-06T16:01:06.384Z,19010616,XBTUSD,Buy,574,3824,ZeroPlusTick,df0d2067-1991-bc5e-9f31-48d58a23f82f,517793,258
3090040,2019-01-06T16:01:13.069Z,19010616,XBTUSD,Buy,4900,3824,ZeroPlusTick,13069b14-9051-1a08-abde-4afed66debf0,522693,259
3090048,2019-01-06T16:01:13.069Z,19010616,XBTUSD,Buy,4005,3824,ZeroPlusTick,2fd3f13e-ca0f-37ee-2165-10c8a6a4f094,526698,260
3090049,2019-01-06T16:01:13.181Z,19010616,XBTUSD,Buy,72,3824,ZeroPlusTick,cff32aa8-16db-a3e5-d6bd-b73e0c13992a,526770,261
3090108,2019-01-06T16:01:15.749Z,19010616,XBTUSD,Sell,1370,3823.5,ZeroMinusTick,5f140b8e-1a5f-0a97-b8d9-3ae39e73fd27,528140,262
3090111,2019-01-06T16:01:15.913Z,19010616,XBTUSD,Buy,8361,3824,ZeroPlusTick,3811fd1d-adb8-411e-ca08-9409d92dc53e,536501,263
3090133,2019-01-06T16:01:20.024Z,19010616,XBTUSD,Buy,261,3824,ZeroPlusTick,675ae573-f579-caa5-6433-3ae1bf884f5e,536762,264
3090211,2019-01-06T16:01:26.599Z,19010616,XBTUSD,Sell,4263,3823.5,ZeroMinusTick,0130ec30-3760-39da-5f28-f9ac1db23a7d,541025,265
3090246,2019-01-06T16:01:35.805Z,19010616,XBTUSD,Buy,1915,3824,ZeroPlusTick,ffac233d-c5cd-1c4e-135b-f9eb74e03005,542940,266
3090269,2019-01-06T16:01:40.583Z,19010616,XBTUSD,Buy,25,3824,ZeroPlusTick,1da61059-e317-46b5-90b6-f3eb8f73ecdc,542965,267
3090288,2019-01-06T16:01:41.541Z,19010616,XBTUSD,Buy,31,3824,ZeroPlusTick,18b2812d-116d-5457-3aec-1f2b14ccfa50,542996,268
3090298,2019-01-06T16:01:41.541Z,19010616,XBTUSD,Buy,1,3824,ZeroPlusTick,0d729a60-3238-415d-f35a-27065fed9aaa,542997,269
3090308,2019-01-06T16:01:41.541Z,19010616,XBTUSD,Buy,900,3824,ZeroPlusTick,f392ca9f-5464-c953-9c7a-94c74e14f74a,543897,270
3090324,2019-01-06T16:01:45.648Z,19010616,XBTUSD,Sell,1000,3823.5,MinusTick,78229645-b1cb-cc53-c716-ed4522c07a2d,544897,271
3090331,2019-01-06T16:01:48.687Z,19010616,XBTUSD,Sell,250,3823.5,ZeroMinusTick,4f4aa11b-67d4-e766-989e-5534d659e980,545147,272
3090354,2019-01-06T16:01:52.384Z,19010616,XBTUSD,Buy,18,3824,ZeroPlusTick,85380f2e-501d-3c72-8618-97b4ed555f42,545165,273
3090365,2019-01-06T16:01:53.629Z,19010616,XBTUSD,Buy,500,3824,ZeroPlusTick,47ecf2c0-e953-736c-b52f-02989c7dffb5,545665,274
3090374,2019-01-06T16:01:54.953Z,19010616,XBTUSD,Buy,11,3824.5,ZeroPlusTick,9b12db73-0050-811d-1c05-44ebb95688cf,545676,275
3090380,2019-01-06T16:01:55.552Z,19010616,XBTUSD,Buy,10,3824.5,ZeroPlusTick,c1ef070d-7bf8-6a6b-498a-d3b50f712280,545686,276
3090392,2019-01-06T16:01:55.593Z,19010616,XBTUSD,Buy,30,3824.5,ZeroPlusTick,2528a73f-cfc0-a696-b6e5-fe4dd4c12932,545716,277
3090416,2019-01-06T16:01:59.985Z,19010616,XBTUSD,Buy,12,3824.5,PlusTick,ed4c35d5-350f-f9c8-b153-66f67d9134e1,545728,278
3090447,2019-01-06T16:02:06.583Z,19010616,XBTUSD,Buy,2000,3824.5,ZeroPlusTick,2f0e5c0f-6c68-c097-a52d-6a463e7e14d7,547728,279
3090460,2019-01-06T16:02:08.113Z,19010616,XBTUSD,Sell,109,3824,ZeroMinusTick,32b1d512-e015-55c2-ab46-7c8f72dd7b07,547837,280
3090464,2019-01-06T16:02:08.113Z,19010616,XBTUSD,Sell,100,3824,ZeroMinusTick,8b19cf3c-3332-05bb-f4a8-5aa7099269ad,547937,281
3090517,2019-01-06T16:02:38.359Z,19010616,XBTUSD,Sell,5000,3824,ZeroMinusTick,68e6eb67-2173-1e42-983f-ed381f8f81ce,552937,282
3089873,2019-01-06T16:00:52.023Z,19010616,XBTUSD,Buy,15,3824,ZeroPlusTick,e13e7890-a532-2fc4-d502-c538792e7887,552952,283
3089877,2019-01-06T16:00:55.957Z,19010616,XBTUSD,Buy,100,3824,ZeroPlusTick,fa78e98f-8b53-0029-aa3e-2e221228fffb,553052,284
3089969,2019-01-06T16:01:05.956Z,19010616,XBTUSD,Buy,100,3824,ZeroPlusTick,67dbe72b-e7e2-472e-724e-e303f2ed3662,553152,285
3089983,2019-01-06T16:01:06.384Z,19010616,XBTUSD,Buy,100,3824,ZeroPlusTick,4a75ec48-5b25-f1d9-a7ae-fb1c7248e48d,553252,286
3089993,2019-01-06T16:01:07.119Z,19010616,XBTUSD,Sell,30,3823.5,MinusTick,e26f7daf-0cca-0f81-7a8a-25c29ed9fab9,553282,287
3089996,2019-01-06T16:01:07.772Z,19010616,XBTUSD,Buy,15,3824,PlusTick,3fd485e9-229d-dce5-eba0-f68a98b690e0,553297,288
3089997,2019-01-06T16:01:08.039Z,19010616,XBTUSD,Buy,76,3824,ZeroPlusTick,5094da55-c058-3edc-bc64-db6520fb1073,553373,289
3090027,2019-01-06T16:01:12.518Z,19010616,XBTUSD,Buy,112,3824,ZeroPlusTick,01f496dd-f493-f28e-4437-413ee3054c69,553485,290
3090033,2019-01-06T16:01:13.069Z,19010616,XBTUSD,Buy,200,3824,ZeroPlusTick,840193e1-4ac1-be9c-8aa3-2da9360ce00b,553685,291
3090045,2019-01-06T16:01:13.069Z,19010616,XBTUSD,Buy,300,3824,ZeroPlusTick,25bd08fb-f07a-04b4-f33e-3fa3b43f63ca,553985,292
3090119,2019-01-06T16:01:17.563Z,19010616,XBTUSD,Buy,259,3824,ZeroPlusTick,6170ed8b-10bf-be2f-dd33-ddc38ad793c0,554244,293
3090120,2019-01-06T16:01:18.008Z,19010616,XBTUSD,Buy,132,3824,ZeroPlusTick,c6d8e33b-3ee8-9947-e9c2-898f99de9417,554376,294
3090121,2019-01-06T16:01:18.026Z,19010616,XBTUSD,Buy,40,3824,ZeroPlusTick,4064c247-b1df-b8b1-d868-f28cf0108253,554416,295
3090132,2019-01-06T16:01:20.024Z,19010616,XBTUSD,Buy,300,3824,ZeroPlusTick,654f12b0-edae-30a9-de8d-02c86b394288,554716,296
3090144,2019-01-06T16:01:20.976Z,19010616,XBTUSD,Buy,100,3824,ZeroPlusTick,8c334791-807c-c28e-28f6-85ffb1fe14ee,554816,297
3090203,2019-01-06T16:01:26.599Z,19010616,XBTUSD,Sell,11,3823.5,ZeroMinusTick,6d75b4fc-1793-5b13-7061-e0ae663bcbc4,554827,298
3090224,2019-01-06T16:01:29.146Z,19010616,XBTUSD,Buy,241,3824,PlusTick,9251ddd2-1e6f-1cdd-c703-6ee7b5b6d848,555068,299
3090229,2019-01-06T16:01:31.607Z,19010616,XBTUSD,Buy,2000,3824,ZeroPlusTick,71fe447c-4896-2666-62ec-af8be6d366f4,557068,300
3090230,2019-01-06T16:01:31.840Z,19010616,XBTUSD,Buy,328,3824,ZeroPlusTick,0eb718c3-ec30-91d1-0704-86f2a0392d4f,557396,301
3090241,2019-01-06T16:01:35.297Z,19010616,XBTUSD,Buy,2837,3824,ZeroPlusTick,671e20a5-7fc7-f2ca-091a-67ba9bcfbad6,560233,302
3090267,2019-01-06T16:01:40.583Z,19010616,XBTUSD,Buy,2798,3824,ZeroPlusTick,4d8f37d4-d9e6-e586-2ba1-a39bd75ef3d1,563031,303
3089848,2019-01-06T16:00:48.575Z,19010616,XBTUSD,Sell,2500,3823.5,MinusTick,05ea9810-1f90-ee93-f6c3-fa9575a8fc76,565531,304
3089855,2019-01-06T16:00:48.961Z,19010616,XBTUSD,Sell,2929,3823.5,MinusTick,6e7c90eb-da33-37b0-4df2-70bb4dd45744,568460,305
3089916,2019-01-06T16:01:00.314Z,19010616,XBTUSD,Buy,50000,3824,ZeroPlusTick,a1b1583a-8ec7-2e89-2961-c7449fc90173,618460,306
3089925,2019-01-06T16:01:02.681Z,19010616,XBTUSD,Buy,232,3824,PlusTick,b63e082b-8d79-5073-499b-1664329e12ae,618692,307
3089936,2019-01-06T16:01:04.472Z,19010616,XBTUSD,Buy,20615,3824,PlusTick,3204d387-b237-55a0-c714-7bdf7cf7e433,639307,308
3089948,2019-01-06T16:01:04.829Z,19010616,XBTUSD,Buy,400,3824,ZeroPlusTick,90882283-4f19-6562-32a8-6675934257be,639707,309
3089978,2019-01-06T16:01:06.384Z,19010616,XBTUSD,Buy,102,3824,ZeroPlusTick,85c24c54-d954-d88b-3d0f-250b5e8810b1,639809,310
3090018,2019-01-06T16:01:11.945Z,19010616,XBTUSD,Buy,151,3824,ZeroPlusTick,a8410aeb-e275-b315-a8b4-011be084a7af,639960,311
3090029,2019-01-06T16:01:12.518Z,19010616,XBTUSD,Buy,392,3824,ZeroPlusTick,af580573-e995-c16c-2ba7-0b6c9c28dcbd,640352,312
3090035,2019-01-06T16:01:13.069Z,19010616,XBTUSD,Buy,500,3824,ZeroPlusTick,93d21e21-1334-d9e2-c6b1-af2d2dc0beac,640852,313
3090044,2019-01-06T16:01:13.069Z,19010616,XBTUSD,Buy,1000,3824,ZeroPlusTick,0e70a6bb-28f8-7e7b-469b-88f008ee716d,641852,314
3090134,2019-01-06T16:01:20.024Z,19010616,XBTUSD,Buy,42,3824,ZeroPlusTick,cd03749d-9f63-c709-bb9c-714bcc37dd86,641894,315
3090187,2019-01-06T16:01:25.964Z,19010616,XBTUSD,Buy,100,3824,PlusTick,225abf3b-f3a1-5f02-b126-ab8acba97911,641994,316
3090209,2019-01-06T16:01:26.599Z,19010616,XBTUSD,Sell,15,3823.5,ZeroMinusTick,eb96b748-b889-1ec6-f382-524bc3836474,642009,317
3090232,2019-01-06T16:01:32.751Z,19010616,XBTUSD,Buy,150,3824,ZeroPlusTick,39f13a4f-fc0a-fb39-0199-a4245419f967,642159,318
3090243,2019-01-06T16:01:35.297Z,19010616,XBTUSD,Buy,6538,3824,ZeroPlusTick,fd88c30c-470f-d953-d055-347b32b5a0f7,648697,319
3090265,2019-01-06T16:01:40.268Z,19010616,XBTUSD,Buy,20,3824,PlusTick,414284c0-ce7d-5fc2-92b6-90952d1cb5c5,648717,320
3090285,2019-01-06T16:01:41.541Z,19010616,XBTUSD,Buy,625,3824,ZeroPlusTick,b957ae87-3c28-66d9-d812-5fd78dfe9940,649342,321
3090296,2019-01-06T16:01:41.541Z,19010616,XBTUSD,Buy,3000,3824,ZeroPlusTick,7e1b2f70-730e-4397-7dfd-c3f907694e76,652342,322
3090307,2019-01-06T16:01:41.541Z,19010616,XBTUSD,Buy,2,3824,ZeroPlusTick,214a7272-1747-a44d-8c95-d3584617574a,652344,323
3090317,2019-01-06T16:01:41.541Z,19010616,XBTUSD,Buy,40,3824,ZeroPlusTick,876a8381-d955-0b02-1247-924f343909c4,652384,324
3090322,2019-01-06T16:01:45.632Z,19010616,XBTUSD,Buy,468,3824,PlusTick,e9b25095-86da-0692-031f-b098f5be8ff2,652852,325
3090337,2019-01-06T16:01:48.687Z,19010616,XBTUSD,Sell,11,3823.5,ZeroMinusTick,1dfead92-8e81-2990-2b96-8e8305d39026,652863,326
3089905,2019-01-06T16:00:59.291Z,19010616,XBTUSD,Buy,2000,3824,ZeroPlusTick,ffe2d637-a4c3-2c98-9839-8b493cc5daaf,654863,327
3089973,2019-01-06T16:01:06.292Z,19010616,XBTUSD,Buy,261,3824,ZeroPlusTick,eb9a2886-8be2-0ca6-fcf7-9926f8a46c42,655124,328
3089975,2019-01-06T16:01:06.384Z,19010616,XBTUSD,Buy,144,3824,ZeroPlusTick,474df7e5-d0b3-bb7d-3926-6c4333b939ae,655268,329
3089986,2019-01-06T16:01:06.384Z,19010616,XBTUSD,Buy,77,3824,ZeroPlusTick,bf174b1b-97d0-87c0-b57f-c4f6da9ffee2,655345,330
3089998,2019-01-06T16:01:08.039Z,19010616,XBTUSD,Buy,524,3824,ZeroPlusTick,aa55056b-1986-f5f5-57d5-dbed049a9149,655869,331
3090016,2019-01-06T16:01:11.945Z,19010616,XBTUSD,Buy,119,3824,ZeroPlusTick,f0e2842c-459a-1f87-e451-d3f49f19c366,655988,332
3090037,2019-01-06T16:01:13.069Z,19010616,XBTUSD,Buy,1349,3824,ZeroPlusTick,4952436c-35e6-fb4f-2985-053b0a122b32,657337,333
3090042,2019-01-06T16:01:13.069Z,19010616,XBTUSD,Buy,191,3824,ZeroPlusTick,e84100d4-6142-cc07-6a56-436a5b0fe149,657528,334
3090106,2019-01-06T16:01:15.749Z,19010616,XBTUSD,Sell,11,3823.5,ZeroMinusTick,129a12da-9227-b0a5-f173-33702e2c6212,657539,335
3090109,2019-01-06T16:01:15.913Z,19010616,XBTUSD,Buy,1619,3824,PlusTick,d58d31b0-59b8-8d02-c418-39bfe287d17f,659158,336
3090125,2019-01-06T16:01:19.065Z,19010616,XBTUSD,Buy,356,3824,ZeroPlusTick,abdd85fa-dc41-e092-a2f9-31cbb660f339,659514,337
3090129,2019-01-06T16:01:20.024Z,19010616,XBTUSD,Buy,142,3824,ZeroPlusTick,6354b44b-d17b-86b5-7dee-aafe11d71f7a,659656,338
3090153,2019-01-06T16:01:22.530Z,19010616,XBTUSD,Buy,72,3824,ZeroPlusTick,1309cca0-8814-5019-fe9c-85bc0389d430,659728,339
3090185,2019-01-06T16:01:25.028Z,19010616,XBTUSD,Sell,5000,3823.5,MinusTick,b021c4d1-afb0-a76e-f019-d3c887ebf64c,664728,340
3090204,2019-01-06T16:01:26.599Z,19010616,XBTUSD,Sell,15,3823.5,ZeroMinusTick,a38ee849-4035-2b3f-2d4b-5442b0da1698,664743,341
3090258,2019-01-06T16:01:38.852Z,19010616,XBTUSD,Sell,2862,3823.5,ZeroMinusTick,7de0efc6-f792-e553-d8b4-25a9ddbb805f,667605,342
3090271,2019-01-06T16:01:40.583Z,19010616,XBTUSD,Buy,10000,3824,ZeroPlusTick,c2963d12-7169-adf6-b802-3e87764694e3,677605,343
3090289,2019-01-06T16:01:41.541Z,19010616,XBTUSD,Buy,43,3824,ZeroPlusTick,217fddee-5df8-5276-fa2d-602e57fe1f48,677648,344
3090300,2019-01-06T16:01:41.541Z,19010616,XBTUSD,Buy,500,3824,ZeroPlusTick,96c13ed8-779c-a0d7-5ba4-9bea696935e3,678148,345
3090309,2019-01-06T16:01:41.541Z,19010616,XBTUSD,Buy,500,3824,ZeroPlusTick,0dcee41f-a3f7-ce7e-872d-7bf43468fabd,678648,346
3090316,2019-01-06T16:01:41.541Z,19010616,XBTUSD,Buy,100,3824,ZeroPlusTick,ea4e8e9f-a1bc-23d5-fc0d-5c758f7af75a,678748,347
3090329,2019-01-06T16:01:48.687Z,19010616,XBTUSD,Sell,11,3823.5,ZeroMinusTick,800a16d5-f757-a33d-120a-0f70c929ec88,678759,348
3090353,2019-01-06T16:01:52.384Z,19010616,XBTUSD,Buy,625,3824,ZeroPlusTick,fd6c2b4c-8060-e599-ef45-e419314f5435,679384,349
3090366,2019-01-06T16:01:53.629Z,19010616,XBTUSD,Buy,500,3824,ZeroPlusTick,daf5566b-9f92-f0cc-368f-fc4a25adf7f4,679884,350
3090387,2019-01-06T16:01:55.593Z,19010616,XBTUSD,Buy,500,3824.5,ZeroPlusTick,a18bd637-1fad-9460-09ba-33fc5cc86557,680384,351
3090404,2019-01-06T16:01:57.325Z,19010616,XBTUSD,Buy,10000,3824.5,PlusTick,0f04a679-256c-b8c1-adea-1739c3c1b6c7,690384,352
3090429,2019-01-06T16:02:04.933Z,19010616,XBTUSD,Buy,88,3824.5,PlusTick,ee496d61-7c48-c99b-0ea3-662c48dcb7ed,690472,353
3089939,2019-01-06T16:01:04.472Z,19010616,XBTUSD,Buy,2000,3824,ZeroPlusTick,05a24eb0-543b-34c0-c0ae-c8784b2c7476,692472,354
3089945,2019-01-06T16:01:04.829Z,19010616,XBTUSD,Buy,100,3824,ZeroPlusTick,de086a56-bcb0-df69-2fa5-360d3aa9df06,692572,355
3089979,2019-01-06T16:01:06.384Z,19010616,XBTUSD,Buy,143,3824,ZeroPlusTick,8f55d9a5-24fc-e279-bfba-407bf0da01d2,692715,356
3090028,2019-01-06T16:01:12.518Z,19010616,XBTUSD,Buy,139,3824,ZeroPlusTick,1ef84a13-fdbe-c0c4-3521-a1bd051305c6,692854,357
3090032,2019-01-06T16:01:13.069Z,19010616,XBTUSD,Buy,20,3824,ZeroPlusTick,1c0c9102-507f-57b6-53ac-21bbe7ae64b7,692874,358
3090041,2019-01-06T16:01:13.069Z,19010616,XBTUSD,Buy,120,3824,ZeroPlusTick,0814d48f-ab90-dbc5-f0fc-f5a7bbd21923,692994,359
3090105,2019-01-06T16:01:15.749Z,19010616,XBTUSD,Sell,11,3823.5,ZeroMinusTick,1e450230-3804-532a-7cb4-2027e84f0024,693005,360
3090112,2019-01-06T16:01:15.953Z,19010616,XBTUSD,Buy,100,3824,ZeroPlusTick,c6ebe123-22e1-00ac-61e7-3da025120b6a,693105,361
3090128,2019-01-06T16:01:20.024Z,19010616,XBTUSD,Buy,500,3824,ZeroPlusTick,098e0ace-4e18-5b28-6313-8d319d2799b9,693605,362
3090213,2019-01-06T16:01:26.850Z,19010616,XBTUSD,Buy,235,3824,ZeroPlusTick,98fb3a4d-3c5d-2b8f-dacf-3314bba9ae49,693840,363
3090268,2019-01-06T16:01:40.583Z,19010616,XBTUSD,Buy,7202,3824,ZeroPlusTick,74997624-4cc6-d5ca-e5e9-ee1506ec0951,701042,364
3090284,2019-01-06T16:01:41.541Z,19010616,XBTUSD,Buy,1000,3824,ZeroPlusTick,bda00489-8125-3b91-762a-7d0e2d933293,702042,365
3090295,2019-01-06T16:01:41.541Z,19010616,XBTUSD,Buy,50,3824,ZeroPlusTick,7cd076d0-c049-7dfe-43c5-dc26310bcb3f,702092,366
3090303,2019-01-06T16:01:41.541Z,19010616,XBTUSD,Buy,1300,3824,ZeroPlusTick,43328b2b-5d19-af77-de68-579f5780328e,703392,367
3090313,2019-01-06T16:01:41.541Z,19010616,XBTUSD,Buy,3000,3824,ZeroPlusTick,c82e8666-d783-2feb-090a-1c2006bd2770,706392,368
3090334,2019-01-06T16:01:48.687Z,19010616,XBTUSD,Sell,11,3823.5,ZeroMinusTick,cf96c603-25db-f577-fbc2-9e05a0cc7971,706403,369
3090339,2019-01-06T16:01:48.687Z,19010616,XBTUSD,Sell,797,3823.5,ZeroMinusTick,bed44d30-1c75-787d-2e7b-77118a329660,707200,370
3090352,2019-01-06T16:01:52.384Z,19010616,XBTUSD,Buy,625,3824,ZeroPlusTick,3972122f-c175-7aee-afb1-978a0781754e,707825,371
3090369,2019-01-06T16:01:53.629Z,19010616,XBTUSD,Buy,25,3824,ZeroPlusTick,58f6cfff-f531-f15b-39de-26d688157369,707850,372
3090373,2019-01-06T16:01:54.953Z,19010616,XBTUSD,Buy,27,3824.5,PlusTick,1dff28b7-23c2-abe4-0183-7461a26b92b9,707877,373
3090381,2019-01-06T16:01:55.552Z,19010616,XBTUSD,Buy,100,3824.5,ZeroPlusTick,ab948314-7d56-0362-e55d-cdee510d5e79,707977,374
3090393,2019-01-06T16:01:55.593Z,19010616,XBTUSD,Buy,30,3824.5,ZeroPlusTick,57c9d0ce-6cea-9bef-0c01-3ceb23dcc5c2,708007,375
3090450,2019-01-06T16:02:06.583Z,19010616,XBTUSD,Buy,15712,3824.5,ZeroPlusTick,5ccf4bc4-c613-a40f-d48a-ff18ae5f6ab9,723719,376
3090453,2019-01-06T16:02:07.427Z,19010616,XBTUSD,Buy,320,3824.5,PlusTick,5b57636b-7265-04c9-9ef7-37ef3cb1f37e,724039,377
3090456,2019-01-06T16:02:08.113Z,19010616,XBTUSD,Sell,3301,3824,MinusTick,3bc7dd12-0e77-c160-183f-cd493368a9cb,727340,378
3090470,2019-01-06T16:02:08.113Z,19010616,XBTUSD,Sell,7535,3824,ZeroMinusTick,925ca1a2-9e14-528c-cdbe-5f09b9b31f97,734875,379
3090474,2019-01-06T16:02:10.334Z,19010616,XBTUSD,Sell,500,3824,MinusTick,2afa439d-2ee5-3e7a-1577-245c8233b94f,735375,380
3090476,2019-01-06T16:02:11.637Z,19010616,XBTUSD,Buy,2500,3824.5,ZeroPlusTick,08be8cd6-4bd0-a231-a1cd-79f48581a071,737875,381
3090489,2019-01-06T16:02:15.718Z,19010616,XBTUSD,Buy,25000,3824.5,ZeroPlusTick,26f94398-4456-374f-aed1-73c31132da06,762875,382
3090631,2019-01-06T16:03:19.531Z,19010616,XBTUSD,Sell,1000,3824,MinusTick,a198501f-e5ef-5fe4-7bbf-a02c53ba73ce,763875,383
3090019,2019-01-06T16:01:11.971Z,19010616,XBTUSD,Buy,70,3824,ZeroPlusTick,0aee6fec-9d25-2a7b-71f0-99a9a4133be5,763945,384
3090024,2019-01-06T16:01:12.518Z,19010616,XBTUSD,Buy,157,3824,ZeroPlusTick,54d4d712-c785-c7d1-8172-3f050e332d0d,764102,385
3090030,2019-01-06T16:01:12.683Z,19010616,XBTUSD,Sell,20,3823.5,MinusTick,faabb822-f738-0b39-6c86-19a965996e8b,764122,386
3090031,2019-01-06T16:01:13.069Z,19010616,XBTUSD,Buy,108,3824,PlusTick,6a709af0-bd5e-6096-f067-19350535152c,764230,387
3090103,2019-01-06T16:01:15.749Z,19010616,XBTUSD,Sell,1000,3823.5,ZeroMinusTick,a76772d2-442e-14e8-b829-eae63566e4d8,765230,388
3090126,2019-01-06T16:01:19.351Z,19010616,XBTUSD,Sell,1000,3823.5,MinusTick,6055d502-f029-cf65-73d2-80337441ee58,766230,389
3090127,2019-01-06T16:01:20.024Z,19010616,XBTUSD,Buy,752,3824,PlusTick,4021cf0d-cdef-e025-3107-aa902de7170b,766982,390
3090202,2019-01-06T16:01:26.599Z,19010616,XBTUSD,Sell,630,3823.5,MinusTick,9cc3ce21-16e7-1cc8-9970-8de64845b650,767612,391
3090210,2019-01-06T16:01:26.599Z,19010616,XBTUSD,Sell,11,3823.5,ZeroMinusTick,e7a28127-6036-9105-be6a-c2ee4f5eb510,767623,392
3090242,2019-01-06T16:01:35.297Z,19010616,XBTUSD,Buy,625,3824,ZeroPlusTick,9649701b-e53b-11ba-c669-73f0534220b8,768248,393
3090257,2019-01-06T16:01:38.852Z,19010616,XBTUSD,Sell,11,3823.5,ZeroMinusTick,d390df96-1afd-c4da-e65b-7f4f64e17f86,768259,394
3090262,2019-01-06T16:01:39.392Z,19010616,XBTUSD,Sell,50,3823.5,ZeroMinusTick,b07d7f17-1098-667a-8507-17a154e17a47,768309,395
3090270,2019-01-06T16:01:40.583Z,19010616,XBTUSD,Buy,14,3824,ZeroPlusTick,d468e5e1-fdd9-8cf3-da69-d923ffeb644d,768323,396
3090281,2019-01-06T16:01:41.541Z,19010616,XBTUSD,Buy,2039,3824,ZeroPlusTick,cff52302-08ac-0f1e-0336-5cc530e2b0c3,770362,397
3090291,2019-01-06T16:01:41.541Z,19010616,XBTUSD,Buy,72,3824,ZeroPlusTick,c0f79c4e-e31a-a30d-fcbc-337422fe9c60,770434,398
3090301,2019-01-06T16:01:41.541Z,19010616,XBTUSD,Buy,3824,3824,ZeroPlusTick,f4d31485-3311-5f55-278c-09bfe97ad99a,774258,399
3090311,2019-01-06T16:01:41.541Z,19010616,XBTUSD,Buy,43,3824,ZeroPlusTick,f6cc9c2b-f170-38b0-9b69-91df7581e0a5,774301,400
3090315,2019-01-06T16:01:41.541Z,19010616,XBTUSD,Buy,2000,3824,ZeroPlusTick,1097d65c-21ca-3df3-cd59-63489455d1e9,776301,401
3090323,2019-01-06T16:01:45.632Z,19010616,XBTUSD,Buy,2532,3824,ZeroPlusTick,14b3c842-b2a2-dc6c-cfb4-e88b5f47901f,778833,402
3090332,2019-01-06T16:01:48.687Z,19010616,XBTUSD,Sell,1,3823.5,ZeroMinusTick,6fc2160d-5c35-be06-270a-50abd8e49d47,778834,403
3090345,2019-01-06T16:01:50.877Z,19010616,XBTUSD,Buy,4532,3824,ZeroPlusTick,f059f494-e0dc-41ae-b35e-af5c9ac613d6,783366,404
3090356,2019-01-06T16:01:52.384Z,19010616,XBTUSD,Buy,2000,3824,ZeroPlusTick,99625354-c4ae-1050-5450-21064042b340,785366,405
3090364,2019-01-06T16:01:53.629Z,19010616,XBTUSD,Buy,1,3824,ZeroPlusTick,fac4ce2f-e4fe-478a-5935-16c2d2470649,785367,406
3090375,2019-01-06T16:01:54.953Z,19010616,XBTUSD,Buy,27,3824.5,ZeroPlusTick,37b17e23-0183-c0e3-fc66-c57dbb3a46e6,785394,407
3090377,2019-01-06T16:01:55.552Z,19010616,XBTUSD,Buy,10,3824.5,ZeroPlusTick,bacd0a7e-dd69-c46c-91bb-7d236360a01b,785404,408
3090378,2019-01-06T16:01:55.552Z,19010616,XBTUSD,Buy,89,3824.5,ZeroPlusTick,b0e67521-0054-b7b2-5c7f-ee4fd20b6e0d,785493,409
3090388,2019-01-06T16:01:55.593Z,19010616,XBTUSD,Buy,13,3824.5,ZeroPlusTick,d8f7b136-87ba-e62f-4278-3024dbd3b5f2,785506,410
3090398,2019-01-06T16:01:55.593Z,19010616,XBTUSD,Buy,800,3824.5,ZeroPlusTick,e1d9cee9-75d4-373f-679e-73618ae4d4cb,786306,411
3090417,2019-01-06T16:01:59.985Z,19010616,XBTUSD,Buy,10,3824.5,ZeroPlusTick,0cbc5229-b533-ac91-36da-db961303ff61,786316,412
3090457,2019-01-06T16:02:08.113Z,19010616,XBTUSD,Sell,10029,3824,ZeroMinusTick,4493f2c1-deb9-241f-d2f1-2c73ac309d0e,796345,413
3090469,2019-01-06T16:02:08.113Z,19010616,XBTUSD,Sell,2000,3824,ZeroMinusTick,8ada4cb5-042f-f75c-4605-9477cad62580,798345,414
3090538,2019-01-06T16:02:58.141Z,19010616,XBTUSD,Buy,2480,3824.5,PlusTick,7148df64-2fb2-e304-959c-02ea80dd931d,800825,415
3090582,2019-01-06T16:03:08.101Z,19010616,XBTUSD,Buy,1000,3824.5,ZeroPlusTick,72360b24-dc43-2124-b46b-de75e3f26f4c,801825,416
3090136,2019-01-06T16:01:20.024Z,19010616,XBTUSD,Buy,2510,3824,ZeroPlusTick,80cc0ceb-77ed-7d43-5af7-dc8258294e92,804335,417
3090205,2019-01-06T16:01:26.599Z,19010616,XBTUSD,Sell,15,3823.5,ZeroMinusTick,a58b70e6-a0fd-bad9-5a28-476fc97df10e,804350,418
3090207,2019-01-06T16:01:26.599Z,19010616,XBTUSD,Sell,11,3823.5,ZeroMinusTick,ba8fb32a-6ef6-25b4-d93d-43cb7fed1974,804361,419
3090227,2019-01-06T16:01:31.100Z,19010616,XBTUSD,Buy,100,3824,ZeroPlusTick,b77e28d0-9fd3-f92d-7dbe-8d602fefc403,804461,420
3090254,2019-01-06T16:01:38.573Z,19010616,XBTUSD,Sell,3,3823.5,MinusTick,c37cfc77-aa75-11f8-6463-a79291876ea2,804464,421
3090255,2019-01-06T16:01:38.852Z,19010616,XBTUSD,Sell,2116,3823.5,ZeroMinusTick,e45ca61e-1473-064c-c387-c09f8bdea2b0,806580,422
3090272,2019-01-06T16:01:40.583Z,19010616,XBTUSD,Buy,8000,3824,ZeroPlusTick,9f49fee3-0a8f-8ee3-5883-dab5c942c7b6,814580,423
3090290,2019-01-06T16:01:41.541Z,19010616,XBTUSD,Buy,2000,3824,ZeroPlusTick,d051e01e-dbb6-8fd2-e81c-11deb9aabf1b,816580,424
3090293,2019-01-06T16:01:41.541Z,19010616,XBTUSD,Buy,3980,3824,ZeroPlusTick,db6bb0f7-7cd2-2a99-5fcc-f2fd7f11a89e,820560,425
3090310,2019-01-06T16:01:41.541Z,19010616,XBTUSD,Buy,5000,3824,ZeroPlusTick,c1d47315-ee5e-56e7-cff8-5f4ec2747617,825560,426
3090330,2019-01-06T16:01:48.687Z,19010616,XBTUSD,Sell,2,3823.5,ZeroMinusTick,94070228-bae1-0fd6-3468-b8523f0638e6,825562,427
3090348,2019-01-06T16:01:52.384Z,19010616,XBTUSD,Buy,50,3824,ZeroPlusTick,cef5360f-995c-959f-5309-b14c5fb59e5e,825612,428
3090358,2019-01-06T16:01:52.384Z,19010616,XBTUSD,Buy,3366,3824,ZeroPlusTick,2d43a8a2-997c-8baa-43d8-c47e2809989e,828978,429
3090371,2019-01-06T16:01:53.629Z,19010616,XBTUSD,Buy,39,3824,ZeroPlusTick,658d8816-7cd9-d022-9505-06544cb819ea,829017,430
3090376,2019-01-06T16:01:54.953Z,19010616,XBTUSD,Buy,31,3824.5,ZeroPlusTick,b998a819-f15f-ce87-420b-f7a1faaaeaaa,829048,431
3090379,2019-01-06T16:01:55.552Z,19010616,XBTUSD,Buy,500,3824.5,ZeroPlusTick,9b40358f-af95-5094-6eb2-98257cff023f,829548,432
3090390,2019-01-06T16:01:55.593Z,19010616,XBTUSD,Buy,30,3824.5,ZeroPlusTick,51ea3650-5587-e28f-ebc8-f1509b300314,829578,433
3090401,2019-01-06T16:01:55.593Z,19010616,XBTUSD,Buy,3532,3824.5,ZeroPlusTick,35e68f42-6777-980e-6ab9-e4a1eb0dbfae,833110,434
3090449,2019-01-06T16:02:06.583Z,19010616,XBTUSD,Buy,4000,3824.5,ZeroPlusTick,d4d691c1-e843-fe29-81e3-5f86f670a7a4,837110,435
3090459,2019-01-06T16:02:08.113Z,19010616,XBTUSD,Sell,4000,3824,ZeroMinusTick,67cd5143-6092-ae45-6a36-579a5425fd64,841110,436
3090465,2019-01-06T16:02:08.113Z,19010616,XBTUSD,Sell,100,3824,ZeroMinusTick,3747788e-4c73-0a51-4fe3-782d5ac2ef53,841210,437
3090612,2019-01-06T16:03:15.966Z,19010616,XBTUSD,Sell,500,3824,MinusTick,ac417102-89b2-82d3-d952-b2e1d96a5129,841710,438
3090092,2019-01-06T16:01:15.468Z,19010616,XBTUSD,Buy,104,3824,PlusTick,7bf58eec-8396-0df8-5c1e-c59217ceba8e,841814,439
3090095,2019-01-06T16:01:15.586Z,19010616,XBTUSD,Sell,2354,3823.5,MinusTick,c2938220-7254-8893-35b8-1e15c12587dc,844168,440
3090107,2019-01-06T16:01:15.749Z,19010616,XBTUSD,Sell,11,3823.5,ZeroMinusTick,38827de9-a20d-a31e-64b2-91c4fe1ac140,844179,441
3090135,2019-01-06T16:01:20.024Z,19010616,XBTUSD,Buy,1,3824,ZeroPlusTick,cc6233cb-13b7-fe53-1283-cec5e813df30,844180,442
3090208,2019-01-06T16:01:26.599Z,19010616,XBTUSD,Sell,18,3823.5,ZeroMinusTick,ac02ea20-fb1e-7861-2c51-c98c426e6c05,844198,443
3090234,2019-01-06T16:01:33.816Z,19010616,XBTUSD,Buy,321,3824,ZeroPlusTick,5d58be97-7b10-2632-b5e0-2f4716bb91be,844519,444
3090282,2019-01-06T16:01:41.541Z,19010616,XBTUSD,Buy,120,3824,ZeroPlusTick,d5dd84b2-afce-87e6-9dad-12e2d4676c5b,844639,445
3090292,2019-01-06T16:01:41.541Z,19010616,XBTUSD,Buy,625,3824,ZeroPlusTick,87ea88a1-fc79-47f7-2a47-3db7a1da8203,845264,446
3090302,2019-01-06T16:01:41.541Z,19010616,XBTUSD,Buy,15,3824,ZeroPlusTick,4e45c4fe-221e-bd15-a9c9-3cca1643dfbe,845279,447
3090312,2019-01-06T16:01:41.541Z,19010616,XBTUSD,Buy,625,3824,ZeroPlusTick,918ffd86-dea6-570b-ce00-d5e235c2c2df,845904,448
3090321,2019-01-06T16:01:45.626Z,19010616,XBTUSD,Sell,500,3823.5,MinusTick,ec148d12-7c36-9934-7ff4-38ada630a3a9,846404,449
3090336,2019-01-06T16:01:48.687Z,19010616,XBTUSD,Sell,11,3823.5,ZeroMinusTick,2fdb0280-a67e-a51a-1334-e305b99a2329,846415,450
3090350,2019-01-06T16:01:52.384Z,19010616,XBTUSD,Buy,120,3824,ZeroPlusTick,8bbeaeb9-a0a4-6b66-5566-a19ac765cf35,846535,451
3090368,2019-01-06T16:01:53.629Z,19010616,XBTUSD,Buy,120,3824,ZeroPlusTick,774cc31c-50a0-f005-000e-aa7f088c1300,846655,452
3090385,2019-01-06T16:01:55.552Z,19010616,XBTUSD,Buy,1,3824.5,ZeroPlusTick,37bfe5ff-93ef-f9fe-7444-7a340d5edfb5,846656,453
3090395,2019-01-06T16:01:55.593Z,19010616,XBTUSD,Buy,30,3824.5,ZeroPlusTick,b1d3b34b-15bf-1434-b4ae-e8c6bb048832,846686,454
3090397,2019-01-06T16:01:55.593Z,19010616,XBTUSD,Buy,11,3824.5,ZeroPlusTick,dc73a36b-7b9f-be62-4298-a69c6dccc9d7,846697,455
3090415,2019-01-06T16:01:59.751Z,19010616,XBTUSD,Sell,200,3824,MinusTick,be265118-4840-fcee-24d1-13d3e7449ac9,846897,456
3090444,2019-01-06T16:02:05.325Z,19010616,XBTUSD,Buy,58,3824.5,ZeroPlusTick,076567fa-4689-9ece-9f25-0e2c64614c66,846955,457
3090451,2019-01-06T16:02:06.633Z,19010616,XBTUSD,Sell,78,3824,MinusTick,6b582c47-a728-7248-7976-e8fefa260536,847033,458
3090468,2019-01-06T16:02:08.113Z,19010616,XBTUSD,Sell,500,3824,ZeroMinusTick,68b7c4be-37d5-d7c5-8fdd-cb803f91dd72,847533,459
3090471,2019-01-06T16:02:08.553Z,19010616,XBTUSD,Buy,3400,3824.5,PlusTick,d3067074-7fea-e929-8f03-40821877e483,850933,460
3090475,2019-01-06T16:02:11.594Z,19010616,XBTUSD,Buy,1500,3824.5,PlusTick,f2111e70-fc01-6815-ae8b-e786eb3ad250,852433,461
3090505,2019-01-06T16:02:26.838Z,19010616,XBTUSD,Buy,4,3824.5,PlusTick,b54c8ca6-229b-ba2a-b1db-3d84eb371fa5,852437,462
3090240,2019-01-06T16:01:35.281Z,19010616,XBTUSD,Buy,322,3824,ZeroPlusTick,cb9daeac-170a-b83e-879c-e19af5d6aa39,852759,463
3090247,2019-01-06T16:01:36.726Z,19010616,XBTUSD,Buy,200,3824,ZeroPlusTick,ae8c7732-31bf-4cf8-f34b-a3b37362ebe9,852959,464
3090256,2019-01-06T16:01:38.852Z,19010616,XBTUSD,Sell,11,3823.5,ZeroMinusTick,b9b28fec-efac-4ada-c695-cbad5f2166f3,852970,465
3090273,2019-01-06T16:01:40.583Z,19010616,XBTUSD,Buy,1961,3824,ZeroPlusTick,e3f8344e-47eb-6fba-8b34-a4130fae6fb7,854931,466
3090286,2019-01-06T16:01:41.541Z,19010616,XBTUSD,Buy,100,3824,ZeroPlusTick,3c1f3f08-aa70-48f6-b4b9-2e88315fcb45,855031,467
3090297,2019-01-06T16:01:41.541Z,19010616,XBTUSD,Buy,35,3824,ZeroPlusTick,cf01e2f2-8947-6e01-4fd1-21ff55165735,855066,468
3090305,2019-01-06T16:01:41.541Z,19010616,XBTUSD,Buy,1400,3824,ZeroPlusTick,8ab7eaec-8c28-1259-2926-072ef32d1e03,856466,469
3090314,2019-01-06T16:01:41.541Z,19010616,XBTUSD,Buy,2000,3824,ZeroPlusTick,a1b81c02-3aec-c0dc-d5e0-f08b71c1f6e1,858466,470
3090320,2019-01-06T16:01:43.898Z,19010616,XBTUSD,Buy,3,3824,ZeroPlusTick,15cb9e8a-1747-1ed8-f7b8-7fd2b66a0040,858469,471
3090333,2019-01-06T16:01:48.687Z,19010616,XBTUSD,Sell,11,3823.5,ZeroMinusTick,49960810-aa2b-ae3b-674a-69632e76bbf7,858480,472
3090340,2019-01-06T16:01:48.971Z,19010616,XBTUSD,Buy,5000,3824,PlusTick,55c64c92-506c-11ca-79ef-7fc38f091311,863480,473
3090349,2019-01-06T16:01:52.384Z,19010616,XBTUSD,Buy,25,3824,ZeroPlusTick,3faa11da-809f-5836-c206-1b456f54bba6,863505,474
3090355,2019-01-06T16:01:52.384Z,19010616,XBTUSD,Buy,1,3824,ZeroPlusTick,ccaed60e-597f-379b-d251-eda19a20c311,863506,475
3090367,2019-01-06T16:01:53.629Z,19010616,XBTUSD,Buy,2,3824,ZeroPlusTick,e5609b93-1e15-c244-fde7-d6a6dcb28ff4,863508,476
3090384,2019-01-06T16:01:55.552Z,19010616,XBTUSD,Buy,1,3824.5,ZeroPlusTick,cae2af11-0a3d-0a27-6a0d-14ade43d3953,863509,477
3090389,2019-01-06T16:01:55.593Z,19010616,XBTUSD,Buy,100,3824.5,ZeroPlusTick,7737a670-6019-ff1c-3c3d-2394b891b682,863609,478
3090399,2019-01-06T16:01:55.593Z,19010616,XBTUSD,Buy,535,3824.5,ZeroPlusTick,a152ec10-1517-c723-420b-2ba6f796d16b,864144,479
3090403,2019-01-06T16:01:55.687Z,19010616,XBTUSD,Sell,31000,3824,MinusTick,8763bcf2-c10d-f289-a62d-2f3da7ab18d6,895144,480
3090418,2019-01-06T16:01:59.985Z,19010616,XBTUSD,Buy,1,3824.5,ZeroPlusTick,df63b0f6-8830-7765-ee75-f718b4fb8c66,895145,481
3090424,2019-01-06T16:02:02.699Z,19010616,XBTUSD,Buy,400,3824.5,PlusTick,93d4d6d7-eace-6835-82df-69e1749d31a2,895545,482
3090462,2019-01-06T16:02:08.113Z,19010616,XBTUSD,Sell,3837,3824,ZeroMinusTick,c851a98c-b541-b6d4-061d-feedecc72bf5,899382,483
3090481,2019-01-06T16:02:12.337Z,19010616,XBTUSD,Sell,94,3824,ZeroMinusTick,04f79bd8-8454-4276-18c5-421bb63ec890,899476,484
3090491,2019-01-06T16:02:15.988Z,19010616,XBTUSD,Sell,1987,3824,MinusTick,e4c9369b-b8ad-9584-f3d0-ab88a6eded88,901463,485
3090506,2019-01-06T16:02:27.027Z,19010616,XBTUSD,Sell,1400,3824,MinusTick,60e29cdc-292a-b1c5-fda0-0b22a4880896,902863,486
3090535,2019-01-06T16:02:55.308Z,19010616,XBTUSD,Buy,1,3824.5,PlusTick,9f408f76-72c3-dc6f-5f51-1de45e9dfe1e,902864,487
3090622,2019-01-06T16:03:17.936Z,19010616,XBTUSD,Buy,4000,3824.5,ZeroPlusTick,6a1bb55a-85cd-8508-179f-b881a23946b9,906864,488
3090283,2019-01-06T16:01:41.541Z,19010616,XBTUSD,Buy,25,3824,ZeroPlusTick,ef99d3be-3491-1d28-87c2-8a2f11dc3b36,906889,489
3090299,2019-01-06T16:01:41.541Z,19010616,XBTUSD,Buy,438,3824,ZeroPlusTick,aa40a29c-52f2-aebe-6237-b96d2e5d717c,907327,490
3090304,2019-01-06T16:01:41.541Z,19010616,XBTUSD,Buy,5000,3824,ZeroPlusTick,fd0164cc-50f0-3a65-8bf9-1698703f20fa,912327,491
3090328,2019-01-06T16:01:48.687Z,19010616,XBTUSD,Sell,588,3823.5,ZeroMinusTick,db094d62-b205-43d7-5576-ee31203a0cd4,912915,492
3090338,2019-01-06T16:01:48.687Z,19010616,XBTUSD,Sell,11,3823.5,ZeroMinusTick,ce78461b-554e-77a5-bed9-31dde3146fa6,912926,493
3090351,2019-01-06T16:01:52.384Z,19010616,XBTUSD,Buy,625,3824,ZeroPlusTick,4b5421d9-64f5-e3bc-661e-96a346a713e3,913551,494
3090370,2019-01-06T16:01:53.629Z,19010616,XBTUSD,Buy,29,3824,ZeroPlusTick,8927f868-bad6-34c9-fb00-8a016a2b1ab3,913580,495
3090386,2019-01-06T16:01:55.593Z,19010616,XBTUSD,Buy,998,3824.5,ZeroPlusTick,a6110c68-8f02-2fba-89eb-f8078311bf2d,914578,496
3090396,2019-01-06T16:01:55.593Z,19010616,XBTUSD,Buy,11,3824.5,ZeroPlusTick,6cccfca9-0c6b-dd94-e5f3-88bef6f2c1f9,914589,497
3090419,2019-01-06T16:01:59.985Z,19010616,XBTUSD,Buy,677,3824.5,ZeroPlusTick,a30081dd-120a-c1a3-cd11-1c37d4a0dcb6,915266,498
3090446,2019-01-06T16:02:06.583Z,19010616,XBTUSD,Buy,1777,3824.5,ZeroPlusTick,f81f9bac-dff8-9611-77c8-e4f78a736ff6,917043,499
3090467,2019-01-06T16:02:08.113Z,19010616,XBTUSD,Sell,2000,3824,ZeroMinusTick,5b41ed04-2d59-bdcc-033e-4c4c6e4baa7e,919043,500
3090482,2019-01-06T16:02:12.337Z,19010616,XBTUSD,Sell,406,3824,ZeroMinusTick,029368f1-d98d-53d5-30d2-38b7f5f54e1e,919449,501
3090485,2019-01-06T16:02:14.161Z,19010616,XBTUSD,Buy,200,3824.5,PlusTick,489b3975-5270-a27f-46b0-92bbb958e156,919649,502
3090526,2019-01-06T16:02:47.782Z,19010616,XBTUSD,Buy,16,3824.5,PlusTick,5fd6a67c-970c-a0e3-1174-f0a2c5eed754,919665,503
3090554,2019-01-06T16:03:01.460Z,19010616,XBTUSD,Buy,1,3824.5,ZeroPlusTick,9a40bcb1-8980-2008-8eb2-63b9adc330be,919666,504
3090555,2019-01-06T16:03:01.503Z,19010616,XBTUSD,Buy,2000,3824.5,ZeroPlusTick,e536e7a1-c7fe-ec64-4317-2080eadc0ec6,921666,505
3090556,2019-01-06T16:03:01.527Z,19010616,XBTUSD,Buy,160,3824.5,ZeroPlusTick,39f37ddb-5baa-3f84-3d61-a729da3f1950,921826,506
3090557,2019-01-06T16:03:01.665Z,19010616,XBTUSD,Buy,1000,3824.5,ZeroPlusTick,cddc086a-5942-6d54-754e-852cc9942d42,922826,507
3090558,2019-01-06T16:03:02.076Z,19010616,XBTUSD,Buy,1,3824.5,ZeroPlusTick,b8759650-9a37-2bb3-759c-18dad5f1e958,922827,508
3090673,2019-01-06T16:03:31.063Z,19010616,XBTUSD,Buy,25,3824.5,PlusTick,56851d70-3351-73c5-8f76-69ebfd3c720d,922852,509
3090674,2019-01-06T16:03:31.081Z,19010616,XBTUSD,Buy,500,3824.5,ZeroPlusTick,eee39bde-1994-f37e-6a5c-3d3fcd05a287,923352,510
3090692,2019-01-06T16:03:35.602Z,19010616,XBTUSD,Sell,1000,3824,MinusTick,62232d4a-6f16-df19-6866-4f36a976ffc4,924352,511
3090719,2019-01-06T16:03:38.004Z,19010616,XBTUSD,Sell,5000,3824,ZeroMinusTick,bbf23a04-5640-ac6b-8be1-eeeb1b8f5ae1,929352,512
3090733,2019-01-06T16:03:38.004Z,19010616,XBTUSD,Sell,30,3824,ZeroMinusTick,7c4df03f-fc36-d1a3-082c-cae49a0142d3,929382,513
3090746,2019-01-06T16:03:39.853Z,19010616,XBTUSD,Buy,1000,3824.5,ZeroPlusTick,a6582a93-c744-4c57-8900-30e1b4b3ee8d,930382,514
3090755,2019-01-06T16:03:39.853Z,19010616,XBTUSD,Buy,225,3824.5,ZeroPlusTick,345b0fb5-65dd-b617-9ce6-c97f8ef5d186,930607,515
3090759,2019-01-06T16:03:40.242Z,19010616,XBTUSD,Buy,5000,3824.5,ZeroPlusTick,05f21ac2-a114-e076-c9ba-5e2f7a5a9d90,935607,516
3090784,2019-01-06T16:03:43.645Z,19010616,XBTUSD,Buy,600,3824.5,PlusTick,8e6211bb-e3a1-4c91-01c4-b2c1c6b2f8e3,936207,517
3090785,2019-01-06T16:03:43.721Z,19010616,XBTUSD,Buy,100,3824.5,ZeroPlusTick,9c91ca46-9c43-fbc6-bef0-e1f4f1418770,936307,518
3090344,2019-01-06T16:01:50.877Z,19010616,XBTUSD,Buy,468,3824,ZeroPlusTick,42169a9f-3713-b91c-4d11-e931577bc598,936775,519
3090359,2019-01-06T16:01:52.384Z,19010616,XBTUSD,Buy,6777,3824,ZeroPlusTick,e607dad3-645e-e0dd-6bd9-61785c4df26c,943552,520
3090363,2019-01-06T16:01:53.629Z,19010616,XBTUSD,Buy,2548,3824,ZeroPlusTick,49553ffa-b69f-ff46-4cc4-c11b9d4b361a,946100,521
3090383,2019-01-06T16:01:55.552Z,19010616,XBTUSD,Buy,100,3824.5,ZeroPlusTick,aefd04ea-b5eb-3479-3c6c-567a7d7ba5d1,946200,522
3090394,2019-01-06T16:01:55.593Z,19010616,XBTUSD,Buy,30,3824.5,ZeroPlusTick,395d7f37-46f4-f6a0-7a93-348437b520d4,946230,523
3090400,2019-01-06T16:01:55.593Z,19010616,XBTUSD,Buy,850,3824.5,ZeroPlusTick,47ba7526-a6c9-cfd2-099b-98fc32204291,947080,524
3090448,2019-01-06T16:02:06.583Z,19010616,XBTUSD,Buy,1511,3824.5,ZeroPlusTick,e973ec9e-7c11-1f68-967e-5d7ead97e15e,948591,525
3090461,2019-01-06T16:02:08.113Z,19010616,XBTUSD,Sell,10039,3824,ZeroMinusTick,08736492-525f-3c4f-3855-3092ae0b6222,958630,526
3090479,2019-01-06T16:02:12.337Z,19010616,XBTUSD,Sell,500,3824,MinusTick,567b69c5-9d30-a842-f040-44465af87e37,959130,527
3090495,2019-01-06T16:02:17.495Z,19010616,XBTUSD,Buy,4500,3824.5,PlusTick,5e742c4b-c627-4c9d-d6b1-936ecc210663,963630,528
3090499,2019-01-06T16:02:19.731Z,19010616,XBTUSD,Buy,300,3824.5,ZeroPlusTick,eb9ffd64-8854-81cf-6cc6-e0e4f7a0ed54,963930,529
3090508,2019-01-06T16:02:31.719Z,19010616,XBTUSD,Sell,2000,3824,ZeroMinusTick,08c95044-ab0e-131f-a78e-54953742fb90,965930,530
3090510,2019-01-06T16:02:34.278Z,19010616,XBTUSD,Buy,150,3824.5,PlusTick,629ec73c-6f5c-4f0f-3068-b0d963c8d251,966080,531
3090515,2019-01-06T16:02:36.879Z,19010616,XBTUSD,Sell,5,3824,MinusTick,04883d60-1db8-1753-6b9c-b93a0156c054,966085,532
3090522,2019-01-06T16:02:43.483Z,19010616,XBTUSD,Sell,75,3824,MinusTick,86c52bae-3f5f-2eb1-f033-1dee29f5d75d,966160,533
3090578,2019-01-06T16:03:05.774Z,19010616,XBTUSD,Buy,1000,3824.5,ZeroPlusTick,11582758-e855-994a-b060-7bda986e87f6,967160,534
3090644,2019-01-06T16:03:22.231Z,19010616,XBTUSD,Sell,1939,3824,ZeroMinusTick,7d5023c7-fb87-98aa-8b36-ade8c932301f,969099,535
3090645,2019-01-06T16:03:22.440Z,19010616,XBTUSD,Sell,1000,3824,ZeroMinusTick,bdd88eee-6375-eb04-77fc-f5ba6d8f4381,970099,536
3090715,2019-01-06T16:03:38.004Z,19010616,XBTUSD,Sell,9710,3824,ZeroMinusTick,9659f066-2429-b660-dbcb-b744bca19d55,979809,537
3090725,2019-01-06T16:03:38.004Z,19010616,XBTUSD,Sell,11,3824,ZeroMinusTick,e189d121-0edd-a3a3-3e0e-eee017a4ec7d,979820,538
3090735,2019-01-06T16:03:38.004Z,19010616,XBTUSD,Sell,11,3824,ZeroMinusTick,45906782-f4f7-ef70-df5b-960bcaf33b60,979831,539
3090743,2019-01-06T16:03:39.853Z,19010616,XBTUSD,Buy,4,3824.5,ZeroPlusTick,ceb361ce-729b-5fc0-02f1-62cb5107b6f7,979835,540
3090758,2019-01-06T16:03:39.853Z,19010616,XBTUSD,Buy,10821,3824.5,ZeroPlusTick,3c20b2bd-08bc-b114-5afb-9b77c45b3f4a,990656,541
3090422,2019-01-06T16:02:01.220Z,19010616,XBTUSD,Sell,1,3824,MinusTick,12cd4426-a304-cb46-433d-d94e3678f08e,990657,542
3090423,2019-01-06T16:02:01.643Z,19010616,XBTUSD,Sell,4660,3824,ZeroMinusTick,65b0e07b-bfef-0c1e-2256-cd58797808cd,995317,543
3090425,2019-01-06T16:02:03.379Z,19010616,XBTUSD,Sell,2150,3824,MinusTick,3857509a-4bbe-c9cf-6411-7da084fb7b98,997467,544
3090426,2019-01-06T16:02:03.605Z,19010616,XBTUSD,Sell,2,3824,ZeroMinusTick,6983c5ee-79e3-e6c6-e74f-067baa60a945,997469,545
3090427,2019-01-06T16:02:03.654Z,19010616,XBTUSD,Sell,1300,3824,ZeroMinusTick,7b5a58d1-e018-ebaa-da1e-7ac0f54674f2,998769,546
3090458,2019-01-06T16:02:08.113Z,19010616,XBTUSD,Sell,6250,3824,ZeroMinusTick,2b805d8f-cedc-6325-9377-7a5695cc212d,1005019,547
3090466,2019-01-06T16:02:08.113Z,19010616,XBTUSD,Sell,100,3824,ZeroMinusTick,8e96adf6-c115-4dac-aabb-bb861927e5d3,1005119,548
3090480,2019-01-06T16:02:12.337Z,19010616,XBTUSD,Sell,4000,3824,ZeroMinusTick,f54951ca-c65e-86aa-30d6-16c3072937c4,1009119,549
3090496,2019-01-06T16:02:18.116Z,19010616,XBTUSD,Buy,2003,3824.5,ZeroPlusTick,1cdb3ee3-7f26-6895-defd-d847f213e04b,1011122,550
3090502,2019-01-06T16:02:22.802Z,19010616,XBTUSD,Sell,972,3824,ZeroMinusTick,ff1429b4-0c6a-2f02-8471-e8ba60ae632a,1012094,551
3090504,2019-01-06T16:02:25.518Z,19010616,XBTUSD,Sell,1527,3824,ZeroMinusTick,715769bd-1a3e-e724-249c-987d4eb42918,1013621,552
3090519,2019-01-06T16:02:43.168Z,19010616,XBTUSD,Buy,16,3824.5,PlusTick,ebd5b909-b923-b525-91fa-b94c1ffd269d,1013637,553
3090524,2019-01-06T16:02:44.275Z,19010616,XBTUSD,Sell,539,3824,ZeroMinusTick,385e0570-98e6-c517-60b9-fece556d96d3,1014176,554
3090579,2019-01-06T16:03:07.177Z,19010616,XBTUSD,Buy,1000,3824.5,ZeroPlusTick,55e09484-8659-edf5-7ddb-fe78a6dde80a,1015176,555
3090584,2019-01-06T16:03:11.290Z,19010616,XBTUSD,Sell,2000,3824,MinusTick,5d3f06d5-604a-29f3-678f-fb439d0e1e9b,1017176,556
3090585,2019-01-06T16:03:12.012Z,19010616,XBTUSD,Buy,3000,3824.5,PlusTick,d1411011-8dfc-b31e-238c-0b514da2d47e,1020176,557
3090617,2019-01-06T16:03:16.987Z,19010616,XBTUSD,Buy,1,3824.5,PlusTick,e81d2fe4-74e5-ea12-7674-b2e2e5e7ad25,1020177,558
3090654,2019-01-06T16:03:24.072Z,19010616,XBTUSD,Buy,31,3824.5,PlusTick,7b9268aa-a39d-c9e9-2bfd-9153bb0a5a5a,1020208,559
3090659,2019-01-06T16:03:26.578Z,19010616,XBTUSD,Buy,200,3824.5,ZeroPlusTick,06841823-c10f-4c34-93d6-f846434438b9,1020408,560
3090721,2019-01-06T16:03:38.004Z,19010616,XBTUSD,Sell,11,3824,ZeroMinusTick,cfea2868-9e26-009f-de85-c171fb93da91,1020419,561
3090729,2019-01-06T16:03:38.004Z,19010616,XBTUSD,Sell,11,3824,ZeroMinusTick,cdf0287e-c98c-ba81-f336-741c9bc4c234,1020430,562
3090737,2019-01-06T16:03:38.004Z,19010616,XBTUSD,Sell,7220,3824,ZeroMinusTick,d53eea33-4813-f61e-c2c7-2f30eb7dbe44,1027650,563
3090744,2019-01-06T16:03:39.853Z,19010616,XBTUSD,Buy,8000,3824.5,ZeroPlusTick,82b1606c-a206-1cff-618f-9e9f2256b6e7,1035650,564
3090753,2019-01-06T16:03:39.853Z,19010616,XBTUSD,Buy,100,3824.5,ZeroPlusTick,e083de0a-f4a4-00de-7868-2114cea2c44e,1035750,565
3090463,2019-01-06T16:02:08.113Z,19010616,XBTUSD,Sell,100,3824,ZeroMinusTick,b809e344-6990-687b-7bd9-844419c0c19f,1035850,566
3090501,2019-01-06T16:02:22.465Z,19010616,XBTUSD,Sell,930,3824,MinusTick,bf15b545-f005-abeb-f980-75007165ee84,1036780,567
3090528,2019-01-06T16:02:49.757Z,19010616,XBTUSD,Sell,2699,3824,MinusTick,6be54444-a433-cb69-433a-c5ba1f957aa6,1039479,568
3090536,2019-01-06T16:02:56.598Z,19010616,XBTUSD,Sell,200,3824,MinusTick,7ffdaf75-652d-4428-3013-4706782bd699,1039679,569
3090717,2019-01-06T16:03:38.004Z,19010616,XBTUSD,Sell,12,3824,ZeroMinusTick,d3dabd19-1f38-521a-ca3f-27fa8a3ad798,1039691,570
3090731,2019-01-06T16:03:38.004Z,19010616,XBTUSD,Sell,11,3824,ZeroMinusTick,361e10c1-2f47-c83b-fc20-f0714d4a29dd,1039702,571
3090748,2019-01-06T16:03:39.853Z,19010616,XBTUSD,Buy,120,3824.5,ZeroPlusTick,4f7e5b0f-ef4b-90bd-6137-b9c82be9cfce,1039822,572
3090798,2019-01-06T16:03:46.867Z,19010616,XBTUSD,Buy,1100,3824.5,ZeroPlusTick,80cabb7d-2281-4d3d-3ede-82bbd78ae62a,1040922,573
3090943,2019-01-06T16:04:26.013Z,19010616,XBTUSD,Buy,653,3824.5,ZeroPlusTick,6284375f-ef2e-0b08-0c29-39b2a428ea2d,1041575,574
3091130,2019-01-06T16:05:33.792Z,19010616,XBTUSD,Sell,30,3824,ZeroMinusTick,c8dc3758-9dd6-6149-b33b-8cdae2d4d08c,1041605,575
3091134,2019-01-06T16:05:34.933Z,19010616,XBTUSD,Buy,22222,3824.5,PlusTick,b300f224-446c-f6d5-716d-bd360c37373c,1063827,576
3091144,2019-01-06T16:05:34.933Z,19010616,XBTUSD,Buy,10,3824.5,ZeroPlusTick,4ffc78c7-027d-92ae-ece1-672a1544b9b6,1063837,577
3091154,2019-01-06T16:05:34.933Z,19010616,XBTUSD,Buy,1000,3824.5,ZeroPlusTick,164ce070-76f5-0e77-c50d-6af4fb6ea222,1064837,578
3091157,2019-01-06T16:05:34.933Z,19010616,XBTUSD,Buy,31,3824.5,ZeroPlusTick,5cc8c757-6fe4-9c29-b7f3-8002ed71f91d,1064868,579
3091166,2019-01-06T16:05:34.933Z,19010616,XBTUSD,Buy,5000,3824.5,ZeroPlusTick,0f6bbd14-d893-4d11-e760-4874cb9a4a3b,1069868,580
3091176,2019-01-06T16:05:34.933Z,19010616,XBTUSD,Buy,25,3824.5,ZeroPlusTick,4b942231-76f9-52c7-9a61-59fca4e0f000,1069893,581
3091188,2019-01-06T16:05:34.933Z,19010616,XBTUSD,Buy,625,3824.5,ZeroPlusTick,0b85037c-05be-60df-1ae4-54e450987564,1070518,582
3090559,2019-01-06T16:03:02.093Z,19010616,XBTUSD,Buy,1,3824.5,ZeroPlusTick,2bfdd63b-7e1b-b047-e950-f1885d0649e3,1070519,583
3090642,2019-01-06T16:03:21.497Z,19010616,XBTUSD,Sell,1000,3824,ZeroMinusTick,f44ab6d3-f968-798e-66f8-0ef7b4a01c85,1071519,584
3090668,2019-01-06T16:03:28.812Z,19010616,XBTUSD,Sell,2000,3824,MinusTick,f6319036-b2f6-3db7-58d1-cc9641bf0901,1073519,585
3090720,2019-01-06T16:03:38.004Z,19010616,XBTUSD,Sell,5000,3824,ZeroMinusTick,62580093-ee91-1fca-a6c6-a3a9f49fdfb5,1078519,586
3090730,2019-01-06T16:03:38.004Z,19010616,XBTUSD,Sell,10,3824,ZeroMinusTick,87e19fd3-2f9a-f959-a146-816ea942aa15,1078529,587
3090749,2019-01-06T16:03:39.853Z,19010616,XBTUSD,Buy,25,3824.5,ZeroPlusTick,a5ae21b4-9af1-32e6-17cc-1ef08b5328de,1078554,588
3090757,2019-01-06T16:03:39.853Z,19010616,XBTUSD,Buy,3835,3824.5,ZeroPlusTick,5f035c53-8b09-b40c-5dfe-daa4aeed9444,1082389,589
3090782,2019-01-06T16:03:42.720Z,19010616,XBTUSD,Sell,30,3824,MinusTick,ed2781a5-ba50-9be1-1721-ef155cb74bee,1082419,590
3090859,2019-01-06T16:03:51.322Z,19010616,XBTUSD,Sell,11250,3824,ZeroMinusTick,e627d660-d35f-0771-e5ae-7f82e15fd935,1093669,591
3090903,2019-01-06T16:04:05.200Z,19010616,XBTUSD,Buy,10,3824.5,PlusTick,f14bd908-a5af-831f-6b16-b9a1ae73a776,1093679,592
3090910,2019-01-06T16:04:10.734Z,19010616,XBTUSD,Buy,788,3824.5,ZeroPlusTick,bf28b256-a814-4236-b16f-fa91fc52259e,1094467,593
3090944,2019-01-06T16:04:26.013Z,19010616,XBTUSD,Buy,2311,3824.5,ZeroPlusTick,869683d9-09b9-a100-2772-bc4c02897739,1096778,594
3090589,2019-01-06T16:03:13.399Z,19010616,XBTUSD,Buy,200,3824.5,ZeroPlusTick,26e37cbb-5a6f-7fcb-83a6-d95085f9ccab,1096978,595
3090723,2019-01-06T16:03:38.004Z,19010616,XBTUSD,Sell,27,3824,ZeroMinusTick,d194dcbf-40d4-f19e-dffc-132dfb397486,1097005,596
3090734,2019-01-06T16:03:38.004Z,19010616,XBTUSD,Sell,200,3824,ZeroMinusTick,38a82147-f0e1-b533-3369-5d2dfe0f5008,1097205,597
3090750,2019-01-06T16:03:39.853Z,19010616,XBTUSD,Buy,625,3824.5,ZeroPlusTick,7e55db25-5242-2534-1b3d-8848a78c325d,1097830,598
3090756,2019-01-06T16:03:39.853Z,19010616,XBTUSD,Buy,117,3824.5,ZeroPlusTick,b6cfce23-51f0-8bdb-5c78-3550c1069531,1097947,599
3090880,2019-01-06T16:04:01.131Z,19010616,XBTUSD,Buy,4000,3824.5,ZeroPlusTick,d2216d32-6233-b139-eae3-0b563c430e9b,1101947,600
3090882,2019-01-06T16:04:01.211Z,19010616,XBTUSD,Buy,5000,3824.5,ZeroPlusTick,0d115cb7-dd06-780b-bf97-a79b92a7f7cd,1106947,601
3090905,2019-01-06T16:04:07.508Z,19010616,XBTUSD,Sell,110,3824,MinusTick,4d7181ae-0986-2071-ee77-90c830b3e082,1107057,602
3090906,2019-01-06T16:04:08.066Z,19010616,XBTUSD,Buy,450,3824.5,PlusTick,be53c943-4d37-5651-106d-83e230849cc5,1107507,603
3090940,2019-01-06T16:04:26.013Z,19010616,XBTUSD,Buy,11996,3824.5,ZeroPlusTick,cf043ec6-5037-ac33-522a-6061d1b4860d,1119503,604
3090953,2019-01-06T16:04:33.263Z,19010616,XBTUSD,Buy,750,3824.5,PlusTick,f846fb2c-2506-5cdf-0e1d-1b7610ea121f,1120253,605
3090955,2019-01-06T16:04:33.609Z,19010616,XBTUSD,Buy,29364,3824.5,ZeroPlusTick,ced5b7bb-c741-984f-e932-3c8fe1b082ac,1149617,606
3090956,2019-01-06T16:04:33.802Z,19010616,XBTUSD,Sell,1,3824,MinusTick,ec609ca2-a504-5fba-2fac-b13cf6a9bbdd,1149618,607
3091098,2019-01-06T16:05:15.682Z,19010616,XBTUSD,Buy,17686,3824.5,ZeroPlusTick,42133fd1-611a-27d2-9ac9-08985e23d451,1167304,608
3091103,2019-01-06T16:05:18.431Z,19010616,XBTUSD,Buy,4500,3824.5,PlusTick,9cfa38b2-922b-f3ce-75ce-33f6878ea81f,1171804,609
3091132,2019-01-06T16:05:33.792Z,19010616,XBTUSD,Sell,259,3824,ZeroMinusTick,f18e678e-5398-02d2-3273-269376d50d31,1172063,610
3091137,2019-01-06T16:05:34.933Z,19010616,XBTUSD,Buy,500,3824.5,ZeroPlusTick,ec10fc44-dfe1-2e85-5594-c8a699d62833,1172563,611
3091145,2019-01-06T16:05:34.933Z,19010616,XBTUSD,Buy,80,3824.5,ZeroPlusTick,9d42cc19-c3d1-bfbb-3bf1-e47f0cbe6c1e,1172643,612
3091155,2019-01-06T16:05:34.933Z,19010616,XBTUSD,Buy,20000,3824.5,ZeroPlusTick,385452de-fbbf-2b63-91b7-0c5a0a38dde6,1192643,613
3091165,2019-01-06T16:05:34.933Z,19010616,XBTUSD,Buy,2500,3824.5,ZeroPlusTick,921446aa-717b-20b4-f67e-2d41c7121171,1195143,614
3091173,2019-01-06T16:05:34.933Z,19010616,XBTUSD,Buy,8000,3824.5,ZeroPlusTick,30dfc23f-ad1a-36cb-5de1-1ddd63e28673,1203143,615
3091185,2019-01-06T16:05:34.933Z,19010616,XBTUSD,Buy,1000,3824.5,ZeroPlusTick,a31685ac-c6c7-49e7-1798-424e0e088abb,1204143,616
3091190,2019-01-06T16:05:34.933Z,19010616,XBTUSD,Buy,50,3824.5,ZeroPlusTick,98e0a584-8cc4-aa94-6ff1-8de4ab02b161,1204193,617
3090675,2019-01-06T16:03:32.703Z,19010616,XBTUSD,Sell,2,3824,MinusTick,15ff18c9-fd97-8925-1ff3-a1e66e9d353d,1204195,618
3090678,2019-01-06T16:03:33.275Z,19010616,XBTUSD,Buy,5000,3824.5,PlusTick,125d94c6-692e-2b15-6050-a84ebf6ad9ce,1209195,619
3090724,2019-01-06T16:03:38.004Z,19010616,XBTUSD,Sell,27,3824,ZeroMinusTick,e405017f-2d3f-41f3-ae0d-4d9dbaebcd5d,1209222,620
3090728,2019-01-06T16:03:38.004Z,19010616,XBTUSD,Sell,130,3824,ZeroMinusTick,1bd81d02-7a2b-8c31-7b2d-9d1361e45877,1209352,621
3090736,2019-01-06T16:03:38.004Z,19010616,XBTUSD,Sell,11,3824,ZeroMinusTick,5b84bcae-6581-64a1-ea31-95d4aab8275c,1209363,622
3090742,2019-01-06T16:03:39.853Z,19010616,XBTUSD,Buy,8000,3824.5,ZeroPlusTick,eb2ed4c2-9cfc-7465-a2a5-7b4a0154aef5,1217363,623
3090752,2019-01-06T16:03:39.853Z,19010616,XBTUSD,Buy,625,3824.5,ZeroPlusTick,815f230c-3364-2fca-2b5c-1f64f5aac4f2,1217988,624
3090865,2019-01-06T16:03:53.611Z,19010616,XBTUSD,Buy,3400,3824.5,PlusTick,bf252efd-2231-e1fc-feb0-1ad7ded05068,1221388,625
3090886,2019-01-06T16:04:03.347Z,19010616,XBTUSD,Sell,428,3824,ZeroMinusTick,d56d7a3a-08d0-14f8-aa50-302143eaa128,1221816,626
3090935,2019-01-06T16:04:17.605Z,19010616,XBTUSD,Buy,10,3824.5,PlusTick,9f9a7aad-adfb-0534-871e-e98750b9e9eb,1221826,627
3090945,2019-01-06T16:04:26.013Z,19010616,XBTUSD,Buy,8232,3824.5,ZeroPlusTick,fa7b18ad-c13f-429f-5dd4-b6d392dc7c8f,1230058,628
3090983,2019-01-06T16:04:44.806Z,19010616,XBTUSD,Sell,2800,3824,ZeroMinusTick,b0c79097-ec8c-994d-98c8-4039346606a7,1232858,629
3091028,2019-01-06T16:05:01.622Z,19010616,XBTUSD,Buy,1500,3824.5,ZeroPlusTick,fce16980-1c98-4d38-d16e-05b017f1cf21,1234358,630
3091097,2019-01-06T16:05:15.682Z,19010616,XBTUSD,Buy,12314,3824.5,ZeroPlusTick,db5eae83-9cc2-1a23-cd92-f24f83230ffe,1246672,631
3091135,2019-01-06T16:05:34.933Z,19010616,XBTUSD,Buy,2,3824.5,ZeroPlusTick,cf9970c1-ceb9-e778-9e8e-ddf368f8d899,1246674,632
3091151,2019-01-06T16:05:34.933Z,19010616,XBTUSD,Buy,1,3824.5,ZeroPlusTick,a59dfb87-f59d-cd65-dc85-ca5d22284751,1246675,633
3091156,2019-01-06T16:05:34.933Z,19010616,XBTUSD,Buy,30,3824.5,ZeroPlusTick,8b717033-d48c-2b9b-6f19-a7f15e730665,1246705,634
3091167,2019-01-06T16:05:34.933Z,19010616,XBTUSD,Buy,27,3824.5,ZeroPlusTick,0dfcf232-937c-b426-2a65-913c573b4e7d,1246732,635
3091177,2019-01-06T16:05:34.933Z,19010616,XBTUSD,Buy,625,3824.5,ZeroPlusTick,0e26caf0-13f6-6163-6322-9dda86147432,1247357,636
3091187,2019-01-06T16:05:34.933Z,19010616,XBTUSD,Buy,1,3824.5,ZeroPlusTick,f016080c-93cf-78f1-3c16-0191c3939f91,1247358,637
3091197,2019-01-06T16:05:34.933Z,19010616,XBTUSD,Buy,1000,3824.5,ZeroPlusTick,8a025437-b3a1-f81b-a27a-ee1709cb65c0,1248358,638
3091206,2019-01-06T16:05:34.933Z,19010616,XBTUSD,Buy,2000,3824.5,ZeroPlusTick,5afaac2b-6bec-d500-3268-00408f7c7840,1250358,639
3090722,2019-01-06T16:03:38.004Z,19010616,XBTUSD,Sell,62,3824,ZeroMinusTick,340595b2-e500-6361-fee6-58069ea30851,1250420,640
3090732,2019-01-06T16:03:38.004Z,19010616,XBTUSD,Sell,500,3824,ZeroMinusTick,1f4f1606-1848-c85b-3b2d-77283d5895bc,1250920,641
3090741,2019-01-06T16:03:39.853Z,19010616,XBTUSD,Buy,1878,3824.5,ZeroPlusTick,cfad4108-ad01-b159-cd03-415e863e416b,1252798,642
3090751,2019-01-06T16:03:39.853Z,19010616,XBTUSD,Buy,625,3824.5,ZeroPlusTick,f8ae6c82-21a4-de72-5e80-a04674fe6c38,1253423,643
3090909,2019-01-06T16:04:09.181Z,19010616,XBTUSD,Buy,10,3824.5,ZeroPlusTick,d41d8812-507b-ed46-3171-a9712ee753d6,1253433,644
3090939,2019-01-06T16:04:20.885Z,19010616,XBTUSD,Buy,89,3824.5,ZeroPlusTick,fb33f193-c1ef-a09d-96c0-14fab9741e2b,1253522,645
3090948,2019-01-06T16:04:30.534Z,19010616,XBTUSD,Buy,200,3824.5,PlusTick,59cd1a59-1891-0c8e-e61f-2f35ba036890,1253722,646
3091001,2019-01-06T16:04:56.670Z,19010616,XBTUSD,Buy,10,3824.5,ZeroPlusTick,c91324da-d56a-4fd1-ffa5-74c407b7a649,1253732,647
3091020,2019-01-06T16:05:01.321Z,19010616,XBTUSD,Buy,4000,3824.5,ZeroPlusTick,e6db8423-6bb0-bbd3-d59f-bb1b04612307,1257732,648
3091025,2019-01-06T16:05:01.536Z,19010616,XBTUSD,Buy,600,3824.5,ZeroPlusTick,86f29b3d-b974-007b-6c52-c095cf6922b1,1258332,649
3091031,2019-01-06T16:05:03.669Z,19010616,XBTUSD,Sell,10,3824,MinusTick,b95c13d4-15c3-0fbf-07ce-c844c481cf21,1258342,650
3091092,2019-01-06T16:05:12.928Z,19010616,XBTUSD,Buy,10,3824.5,ZeroPlusTick,96d04276-b060-08e6-4a90-fd1bae6d884c,1258352,651
3091102,2019-01-06T16:05:17.391Z,19010616,XBTUSD,Sell,39,3824,MinusTick,b043ec3a-ff8c-1139-47dc-3619e96657d7,1258391,652
3091131,2019-01-06T16:05:33.792Z,19010616,XBTUSD,Sell,100,3824,ZeroMinusTick,0563983c-088a-c7a9-b26d-cdb48919dad7,1258491,653
3091138,2019-01-06T16:05:34.933Z,19010616,XBTUSD,Buy,10000,3824.5,ZeroPlusTick,8d0e7dd9-0155-20a1-4fda-cf9008eacb2f,1268491,654
3091148,2019-01-06T16:05:34.933Z,19010616,XBTUSD,Buy,1,3824.5,ZeroPlusTick,f06cdeb6-29e7-4b54-bb90-eb29ed9bf090,1268492,655
3091158,2019-01-06T16:05:34.933Z,19010616,XBTUSD,Buy,2000,3824.5,ZeroPlusTick,00ab8a5c-4a8f-82a5-1732-85368b18ea89,1270492,656
3091172,2019-01-06T16:05:34.933Z,19010616,XBTUSD,Buy,8262,3824.5,ZeroPlusTick,6774bea2-2fc0-31c6-a808-e63549d923eb,1278754,657
3091184,2019-01-06T16:05:34.933Z,19010616,XBTUSD,Buy,3000,3824.5,ZeroPlusTick,5dbd3a0d-f6a0-3b81-e2c4-a938d57e3796,1281754,658
3091189,2019-01-06T16:05:34.933Z,19010616,XBTUSD,Buy,32,3824.5,ZeroPlusTick,a6b7ca84-b5f1-854f-0039-75b86312d8a4,1281786,659
3090716,2019-01-06T16:03:38.004Z,19010616,XBTUSD,Sell,3000,3824,ZeroMinusTick,bd2a2894-7c35-b374-7daa-fee0c083026a,1284786,660
3090727,2019-01-06T16:03:38.004Z,19010616,XBTUSD,Sell,200,3824,ZeroMinusTick,f7d70112-6110-926e-a1df-0a84cfec7906,1284986,661
3090739,2019-01-06T16:03:38.868Z,19010616,XBTUSD,Buy,900,3824.5,PlusTick,7ace6f6c-9323-fc29-a688-8735a5210efc,1285886,662
3090745,2019-01-06T16:03:39.853Z,19010616,XBTUSD,Buy,10000,3824.5,ZeroPlusTick,015eb0c3-f8bd-e5c5-5147-50697da372a1,1295886,663
3090754,2019-01-06T16:03:39.853Z,19010616,XBTUSD,Buy,2000,3824.5,ZeroPlusTick,1151bf99-0728-c5ab-7482-879a3e8744b2,1297886,664
3090884,2019-01-06T16:04:03.023Z,19010616,XBTUSD,Buy,10,3824.5,ZeroPlusTick,34f23bde-90eb-b179-853f-f5f64378225f,1297896,665
3090942,2019-01-06T16:04:26.013Z,19010616,XBTUSD,Buy,908,3824.5,ZeroPlusTick,483f05c0-8a79-a9a8-81c8-a2a9b10f9612,1298804,666
3091022,2019-01-06T16:05:01.453Z,19010616,XBTUSD,Buy,5,3824.5,ZeroPlusTick,f08506c6-9a8c-38be-e930-acf46e25d985,1298809,667
3091024,2019-01-06T16:05:01.528Z,19010616,XBTUSD,Buy,4000,3824.5,ZeroPlusTick,c6d6e95e-a681-aa89-dd22-444cac768cd5,1302809,668
3091123,2019-01-06T16:05:31.325Z,19010616,XBTUSD,Sell,319,3824,ZeroMinusTick,7162736f-d3cd-e4e6-f91e-623258fc714c,1303128,669
3091129,2019-01-06T16:05:33.792Z,19010616,XBTUSD,Sell,131,3824,MinusTick,0db9a56b-3c7c-3d15-936d-be420f92e94b,1303259,670
3091142,2019-01-06T16:05:34.933Z,19010616,XBTUSD,Buy,10000,3824.5,ZeroPlusTick,c5f43c54-457a-14d6-ca56-b83db57c3b49,1313259,671
3091149,2019-01-06T16:05:34.933Z,19010616,XBTUSD,Buy,540,3824.5,ZeroPlusTick,d0af158a-d3fb-5fc4-3994-db48fa2c9980,1313799,672
3090718,2019-01-06T16:03:38.004Z,19010616,XBTUSD,Sell,96,3824,ZeroMinusTick,a5184b2d-a4e1-fb19-0462-80f139f7271c,1313895,673
3090726,2019-01-06T16:03:38.004Z,19010616,XBTUSD,Sell,10,3824,ZeroMinusTick,1995aee4-e19a-66f2-4315-d54c7a211adc,1313905,674
3090747,2019-01-06T16:03:39.853Z,19010616,XBTUSD,Buy,2000,3824.5,ZeroPlusTick,6560a595-ebee-bd80-e905-ef716fd0a673,1315905,675
3090786,2019-01-06T16:03:44.286Z,19010616,XBTUSD,Buy,800,3824.5,ZeroPlusTick,14c11579-77e0-02c9-37e4-1fd6d6981ab4,1316705,676
3090941,2019-01-06T16:04:26.013Z,19010616,XBTUSD,Buy,2900,3824.5,ZeroPlusTick,efb2e422-5976-2597-f582-dbe1110b1528,1319605,677
3090984,2019-01-06T16:04:45.467Z,19010616,XBTUSD,Buy,10,3824.5,PlusTick,11ca809c-090e-5678-5010-8e13dbfc2029,1319615,678
3090988,2019-01-06T16:04:48.658Z,19010616,XBTUSD,Buy,300,3824.5,ZeroPlusTick,9db22812-0edf-c547-6eb9-0b4aa343ffb6,1319915,679
3090989,2019-01-06T16:04:49.060Z,19010616,XBTUSD,Buy,100,3824.5,ZeroPlusTick,767c73cb-f454-ea56-6f66-beb80574f5d6,1320015,680
3091094,2019-01-06T16:05:14.381Z,19010616,XBTUSD,Buy,1,3824.5,ZeroPlusTick,49d3d708-b409-92a6-487a-de762ae904ff,1320016,681
3091099,2019-01-06T16:05:16.351Z,19010616,XBTUSD,Buy,203,3824.5,ZeroPlusTick,ff079267-b265-e604-d275-c39c8e59befe,1320219,682
3091100,2019-01-06T16:05:16.780Z,19010616,XBTUSD,Buy,1567,3824.5,ZeroPlusTick,b5b1c604-7647-f3c6-afc9-5c4c50f4f681,1321786,683
3091127,2019-01-06T16:05:32.443Z,19010616,XBTUSD,Sell,50,3824,ZeroMinusTick,33951456-35c0-e1d4-8ab7-d710ea4b4550,1321836,684
3091143,2019-01-06T16:05:34.933Z,19010616,XBTUSD,Buy,3000,3824.5,ZeroPlusTick,668e045c-2086-f326-1cd1-93dd962543a7,1324836,685
3091152,2019-01-06T16:05:34.933Z,19010616,XBTUSD,Buy,50,3824.5,ZeroPlusTick,64fb077b-45f2-b893-9bd8-de5bfa5462e1,1324886,686
3091164,2019-01-06T16:05:34.933Z,19010616,XBTUSD,Buy,100,3824.5,ZeroPlusTick,72a4253b-f5c0-8477-ba77-81661f7b54de,1324986,687
3091175,2019-01-06T16:05:34.933Z,19010616,XBTUSD,Buy,120,3824.5,ZeroPlusTick,cf2ceb9d-cbc1-5845-be1d-2d4a9a7493e3,1325106,688
3091179,2019-01-06T16:05:34.933Z,19010616,XBTUSD,Buy,10,3824.5,ZeroPlusTick,2b22c992-987a-648c-e2e8-d1274bb4eb33,1325116,689
3091191,2019-01-06T16:05:34.933Z,19010616,XBTUSD,Buy,72,3824.5,ZeroPlusTick,c0d98622-bb8c-12c0-3e58-dbfa07ae2b80,1325188,690
3091202,2019-01-06T16:05:34.933Z,19010616,XBTUSD,Buy,37,3824.5,ZeroPlusTick,f455601a-75d2-3f5b-2bda-b8eb3d29f061,1325225,691
3091213,2019-01-06T16:05:34.933Z,19010616,XBTUSD,Buy,27,3825,ZeroPlusTick,f799d9f0-2cdb-2826-09b0-45ae02b5d35f,1325252,692
3091222,2019-01-06T16:05:34.933Z,19010616,XBTUSD,Buy,13,3825,ZeroPlusTick,5884ddb9-9078-100d-5931-69c4ede26fa6,1325265,693
3091230,2019-01-06T16:05:34.933Z,19010616,XBTUSD,Buy,11,3825,ZeroPlusTick,c5122e3e-92c4-2167-c75e-9cff2d3e28d1,1325276,694
3091299,2019-01-06T16:05:51.308Z,19010616,XBTUSD,Buy,4100,3825,ZeroPlusTick,954bea1b-9468-eb4b-023b-22635919c5f3,1329376,695
3091310,2019-01-06T16:05:51.308Z,19010616,XBTUSD,Buy,10,3825,ZeroPlusTick,aaf75325-b500-6385-96fa-a97a11538faa,1329386,696
3091332,2019-01-06T16:05:53.181Z,19010616,XBTUSD,Buy,34036,3825,ZeroPlusTick,2d029d9e-6b31-d2ce-09b4-9b4d62c63e79,1363422,697
3091340,2019-01-06T16:05:53.181Z,19010616,XBTUSD,Buy,1014,3825,ZeroPlusTick,d49c4304-261c-dcc7-f35a-a3bbabe59816,1364436,698
3091351,2019-01-06T16:05:53.181Z,19010616,XBTUSD,Buy,8000,3825,ZeroPlusTick,03705afc-ebd6-708f-338a-4a63f75c44aa,1372436,699
3091368,2019-01-06T16:05:59.048Z,19010616,XBTUSD,Buy,285,3825.5,ZeroPlusTick,f5c88d85-edd5-a456-41df-9a1411c50a44,1372721,700
3091393,2019-01-06T16:06:01.215Z,19010616,XBTUSD,Buy,40,3825.5,ZeroPlusTick,d2dbb435-0b53-69a0-d031-5cf9cf873861,1372761,701
3090815,2019-01-06T16:03:50.299Z,19010616,XBTUSD,Buy,57,3824.5,ZeroPlusTick,0bbbb8a2-ee9c-3760-bf51-59c2caf0c7fc,1372818,702
3090881,2019-01-06T16:04:01.147Z,19010616,XBTUSD,Buy,300,3824.5,ZeroPlusTick,1b81a1d5-d6eb-ce7d-555a-00f256b9f788,1373118,703
3090914,2019-01-06T16:04:12.275Z,19010616,XBTUSD,Sell,470,3824,ZeroMinusTick,af970c30-706e-31ad-a94c-33b425499dfa,1373588,704
3090946,2019-01-06T16:04:26.063Z,19010616,XBTUSD,Buy,500,3824.5,ZeroPlusTick,0798a332-e78a-65bf-f1bb-fd6c76c7bc6f,1374088,705
3090950,2019-01-06T16:04:30.578Z,19010616,XBTUSD,Sell,10,3824,MinusTick,06f87156-f055-ee10-1fbf-61024a4b5693,1374098,706
3090996,2019-01-06T16:04:55.727Z,19010616,XBTUSD,Buy,10000,3824.5,ZeroPlusTick,90c89242-594a-c492-e6c8-f1974bc0a334,1384098,707
3091011,2019-01-06T16:04:58.902Z,19010616,XBTUSD,Buy,1000,3824.5,ZeroPlusTick,5221cd91-edfd-653a-3631-ac159e6a7dc4,1385098,708
3091122,2019-01-06T16:05:31.325Z,19010616,XBTUSD,Sell,11,3824,ZeroMinusTick,637fa7ee-d606-2e3d-ddc9-7e7ef08431e4,1385109,709
3091141,2019-01-06T16:05:34.933Z,19010616,XBTUSD,Buy,806,3824.5,ZeroPlusTick,46d9edbc-b535-bae3-3d82-dc71d06fb2f3,1385915,710
3091150,2019-01-06T16:05:34.933Z,19010616,XBTUSD,Buy,15000,3824.5,ZeroPlusTick,d692daf7-3a73-f490-7406-e43fe6db49c6,1400915,711
3091163,2019-01-06T16:05:34.933Z,19010616,XBTUSD,Buy,950,3824.5,ZeroPlusTick,f81711fd-716d-4ad9-e51f-1b4e9fb3a6b3,1401865,712
3091168,2019-01-06T16:05:34.933Z,19010616,XBTUSD,Buy,27,3824.5,ZeroPlusTick,f9702867-1c74-1716-c70f-a039147816af,1401892,713
3091178,2019-01-06T16:05:34.933Z,19010616,XBTUSD,Buy,625,3824.5,ZeroPlusTick,5217e66c-43bb-cc26-57dd-1ae79e288c7f,1402517,714
3091186,2019-01-06T16:05:34.933Z,19010616,XBTUSD,Buy,10000,3824.5,ZeroPlusTick,2682bfb7-1612-2137-9fce-3094a710c9e6,1412517,715
3091198,2019-01-06T16:05:34.933Z,19010616,XBTUSD,Buy,3824,3824.5,ZeroPlusTick,7e0aecc6-24f3-53c3-21d6-413d1733d81d,1416341,716
3091207,2019-01-06T16:05:34.933Z,19010616,XBTUSD,Buy,5000,3824.5,ZeroPlusTick,4e235215-967e-0003-929c-074764fc9013,1421341,717
3091217,2019-01-06T16:05:34.933Z,19010616,XBTUSD,Buy,30,3825,ZeroPlusTick,9a2c74a9-6537-d927-d0f9-98c73600d273,1421371,718
3091227,2019-01-06T16:05:34.933Z,19010616,XBTUSD,Buy,400,3825,ZeroPlusTick,87d352ce-f70d-e7c4-4921-2127a6609c0b,1421771,719
3091236,2019-01-06T16:05:34.933Z,19010616,XBTUSD,Buy,100,3825,ZeroPlusTick,2f53fab4-1510-6f3b-69db-9e363a4b5568,1421871,720
3090858,2019-01-06T16:03:51.322Z,19010616,XBTUSD,Sell,2750,3824,MinusTick,b351f269-cab3-8315-9081-7fbe610e399e,1424621,721
3090875,2019-01-06T16:03:59.993Z,19010616,XBTUSD,Buy,139,3824.5,ZeroPlusTick,baaebaf5-9eb6-04c7-5d75-416b384dedfd,1424760,722
3090885,2019-01-06T16:04:03.347Z,19010616,XBTUSD,Sell,10,3824,MinusTick,fb785dca-a1ae-be77-8ab9-156f16e729a3,1424770,723
3090904,2019-01-06T16:04:07.024Z,19010616,XBTUSD,Buy,10,3824.5,ZeroPlusTick,82182f49-5e5e-f500-1b38-c65d5b04c0d6,1424780,724
3091019,2019-01-06T16:05:01.025Z,19010616,XBTUSD,Buy,1,3824.5,ZeroPlusTick,df037849-ec73-0bc4-d0c2-f4c1d6e0aa3b,1424781,725
3091026,2019-01-06T16:05:01.545Z,19010616,XBTUSD,Buy,2000,3824.5,ZeroPlusTick,0eac264a-e9c5-e3dc-11be-ee72ab413880,1426781,726
3091052,2019-01-06T16:05:05.720Z,19010616,XBTUSD,Buy,1000,3824.5,PlusTick,cb34f619-571c-ce4d-b0b3-23d8c84e3e82,1427781,727
3091136,2019-01-06T16:05:34.933Z,19010616,XBTUSD,Buy,100,3824.5,ZeroPlusTick,ab372823-aa6b-3142-6a30-eec9b23af4d7,1427881,728
3091153,2019-01-06T16:05:34.933Z,19010616,XBTUSD,Buy,1,3824.5,ZeroPlusTick,9e2504c5-b70c-c78d-850d-c2850e9b8c4c,1427882,729
3091159,2019-01-06T16:05:34.933Z,19010616,XBTUSD,Buy,610,3824.5,ZeroPlusTick,32bbbb4f-5d32-7f31-7a5e-11eaf5efe4ac,1428492,730
3091174,2019-01-06T16:05:34.933Z,19010616,XBTUSD,Buy,100,3824.5,ZeroPlusTick,d50eb13e-be1e-c487-7393-c112618ebf8d,1428592,731
3091182,2019-01-06T16:05:34.933Z,19010616,XBTUSD,Buy,1,3824.5,ZeroPlusTick,62c5f3d8-e17c-9cac-86c2-5d062c90844d,1428593,732
3091195,2019-01-06T16:05:34.933Z,19010616,XBTUSD,Buy,27,3824.5,ZeroPlusTick,8189eff6-4576-3422-54f9-a0d2bb02eb76,1428620,733
3091201,2019-01-06T16:05:34.933Z,19010616,XBTUSD,Buy,2000,3824.5,ZeroPlusTick,b34839ea-49d4-915b-c760-99a27ee268f4,1430620,734
3091212,2019-01-06T16:05:34.933Z,19010616,XBTUSD,Buy,11,3825,ZeroPlusTick,3c372207-3bd6-904d-9b23-16d447bdc688,1430631,735
3091225,2019-01-06T16:05:34.933Z,19010616,XBTUSD,Buy,200,3825,ZeroPlusTick,b31df21a-6955-6b86-f86e-1661f594d97d,1430831,736
3091231,2019-01-06T16:05:34.933Z,19010616,XBTUSD,Buy,11,3825,ZeroPlusTick,18d698d9-9388-5435-bd1a-339a932e000d,1430842,737
3091300,2019-01-06T16:05:51.308Z,19010616,XBTUSD,Buy,157,3825,ZeroPlusTick,0552b803-8606-fb8f-67c4-0c40fa8b2456,1430999,738
3091308,2019-01-06T16:05:51.308Z,19010616,XBTUSD,Buy,1000,3825,ZeroPlusTick,3c31a12f-2801-b54f-065a-1b9c31c60964,1431999,739
3091318,2019-01-06T16:05:51.308Z,19010616,XBTUSD,Buy,20,3825,ZeroPlusTick,5b4b95ad-606f-cb60-b222-2e4537a27876,1432019,740
3091325,2019-01-06T16:05:53.181Z,19010616,XBTUSD,Buy,5000,3825,ZeroPlusTick,09d51228-3443-90e0-c372-aa316541677d,1437019,741
3091337,2019-01-06T16:05:53.181Z,19010616,XBTUSD,Buy,521,3825,ZeroPlusTick,649e2132-28f6-a479-0008-8b409cc3a1ed,1437540,742
3091352,2019-01-06T16:05:53.181Z,19010616,XBTUSD,Buy,24,3825,ZeroPlusTick,25bde64d-1853-62b3-73bb-23dfc21c8b9a,1437564,743
3091370,2019-01-06T16:05:59.048Z,19010616,XBTUSD,Buy,500,3825.5,ZeroPlusTick,c6b063a5-eb89-cdff-fd8b-6098f112ac0f,1438064,744
3091387,2019-01-06T16:06:01.124Z,19010616,XBTUSD,Buy,410,3825.5,PlusTick,56089fdd-d326-7056-3ad6-f4f0c9d8d644,1438474,745
3091395,2019-01-06T16:06:01.215Z,19010616,XBTUSD,Buy,100,3825.5,ZeroPlusTick,d275e247-0050-5314-5c20-982eb95acfa7,1438574,746
3091412,2019-01-06T16:06:03.690Z,19010616,XBTUSD,Buy,300,3825.5,ZeroPlusTick,8d6ca7e9-d6a3-eadf-b0d4-c7faffc3ee49,1438874,747
3091443,2019-01-06T16:06:12.783Z,19010616,XBTUSD,Buy,104,3825.5,ZeroPlusTick,3c4f80b0-cc65-4bec-83ad-537ee5265605,1438978,748
3091519,2019-01-06T16:07:01.094Z,19010616,XBTUSD,Sell,30,3825,ZeroMinusTick,a78d8673-f01d-530a-e821-362db910f9f0,1439008,749
3091520,2019-01-06T16:07:01.142Z,19010616,XBTUSD,Sell,400,3825,ZeroMinusTick,cbd87a14-f85e-b193-0bb9-262f85efe609,1439408,750
3090878,2019-01-06T16:04:00.939Z,19010616,XBTUSD,Sell,1,3824,MinusTick,9beb4a9a-8f1e-bc3c-66e7-2500443c7001,1439409,751
3090879,2019-01-06T16:04:01.070Z,19010616,XBTUSD,Buy,300,3824.5,PlusTick,4da317fb-ba3d-7065-fa52-9428145bed1d,1439709,752
3090883,2019-01-06T16:04:01.224Z,19010616,XBTUSD,Buy,20000,3824.5,ZeroPlusTick,3b2d28f8-0b67-b671-dc41-a28f0dd99749,1459709,753
3090912,2019-01-06T16:04:10.986Z,19010616,XBTUSD,Buy,10,3824.5,ZeroPlusTick,10889a1f-bd0e-0bc6-6f6e-567cbce0fdce,1459719,754
3090913,2019-01-06T16:04:12.275Z,19010616,XBTUSD,Sell,30,3824,MinusTick,19159359-ffa7-7fb6-7b3f-9e7c94a6c063,1459749,755
3090947,2019-01-06T16:04:27.408Z,19010616,XBTUSD,Sell,5000,3824,MinusTick,b9f5132e-2ea0-6ab5-dde5-77220e6f2579,1464749,756
3090976,2019-01-06T16:04:40.738Z,19010616,XBTUSD,Buy,3,3824.5,PlusTick,e2b822ce-a096-462f-c704-fe378f11d9f1,1464752,757
3090980,2019-01-06T16:04:41.188Z,19010616,XBTUSD,Sell,1000,3824,MinusTick,70f64d49-63b3-0876-9f64-a112f51c9e76,1465752,758
3091021,2019-01-06T16:05:01.343Z,19010616,XBTUSD,Buy,1000,3824.5,ZeroPlusTick,faf48d56-3deb-eef2-5874-70b41cacf98a,1466752,759
3091023,2019-01-06T16:05:01.475Z,19010616,XBTUSD,Buy,100,3824.5,ZeroPlusTick,838a8cb7-f45d-d84b-4b3a-22033ed3bb93,1466852,760
3091029,2019-01-06T16:05:01.659Z,19010616,XBTUSD,Buy,1000,3824.5,ZeroPlusTick,58e326e7-de44-d14d-d177-1dfd3aaaca4c,1467852,761
3091096,2019-01-06T16:05:15.608Z,19010616,XBTUSD,Buy,1000,3824.5,ZeroPlusTick,3f49c5ea-a73a-0986-4e12-208e7c1cbc96,1468852,762
3091116,2019-01-06T16:05:28.320Z,19010616,XBTUSD,Buy,1500,3824.5,ZeroPlusTick,44188120-ee34-963f-0aa5-dc86a95d1a34,1470352,763
3091121,2019-01-06T16:05:31.325Z,19010616,XBTUSD,Sell,670,3824,MinusTick,8a78b00a-ba88-00ee-3bb7-07a4fd8920bd,1471022,764
3091140,2019-01-06T16:05:34.933Z,19010616,XBTUSD,Buy,109,3824.5,ZeroPlusTick,4095f693-5a42-cd47-1e81-8c16999fed27,1471131,765
3091147,2019-01-06T16:05:34.933Z,19010616,XBTUSD,Buy,1116,3824.5,ZeroPlusTick,4a2d981a-828a-dd9e-10e1-a5870adb4acc,1472247,766
3091160,2019-01-06T16:05:34.933Z,19010616,XBTUSD,Buy,749,3824.5,ZeroPlusTick,82148dad-8836-5ce0-2240-a2279a6502e0,1472996,767
3091170,2019-01-06T16:05:34.933Z,19010616,XBTUSD,Buy,130,3824.5,ZeroPlusTick,31cf789d-2f58-6e4d-98a1-f2fab827ef38,1473126,768
3091180,2019-01-06T16:05:34.933Z,19010616,XBTUSD,Buy,39,3824.5,ZeroPlusTick,6619d991-6505-4aff-8a54-9fa79b2839c0,1473165,769
3091192,2019-01-06T16:05:34.933Z,19010616,XBTUSD,Buy,19,3824.5,ZeroPlusTick,6c64254f-8c19-7a8e-555f-af3c940f26a4,1473184,770
3091204,2019-01-06T16:05:34.933Z,19010616,XBTUSD,Buy,3000,3824.5,ZeroPlusTick,fccc68b0-1302-e711-3d10-42aba2c12b68,1476184,771
3091209,2019-01-06T16:05:34.933Z,19010616,XBTUSD,Buy,2000,3824.5,ZeroPlusTick,8d30c646-bffe-18ae-05e3-c40f87959919,1478184,772
3091224,2019-01-06T16:05:34.933Z,19010616,XBTUSD,Buy,40,3825,ZeroPlusTick,ae385e62-9f5d-df94-41cb-f4b606640e9e,1478224,773
3091229,2019-01-06T16:05:34.933Z,19010616,XBTUSD,Buy,200,3825,ZeroPlusTick,817930cd-fc69-482c-1f28-471dcc201a0b,1478424,774
3091277,2019-01-06T16:05:48.711Z,19010616,XBTUSD,Buy,25,3825,ZeroPlusTick,af63ca81-5635-e860-414a-5f88f608a195,1478449,775
3091279,2019-01-06T16:05:49.846Z,19010616,XBTUSD,Buy,3968,3825,ZeroPlusTick,c37dba48-87d2-f9cd-bad6-27b4f22f2f48,1482417,776
3091304,2019-01-06T16:05:51.308Z,19010616,XBTUSD,Buy,5000,3825,ZeroPlusTick,321214d5-656a-50f5-8fe2-0216e80334b1,1487417,777
3091312,2019-01-06T16:05:51.308Z,19010616,XBTUSD,Buy,1116,3825,ZeroPlusTick,869885ba-aa61-939e-042b-822313a4c609,1488533,778
3091324,2019-01-06T16:05:53.181Z,19010616,XBTUSD,Buy,3996,3825,ZeroPlusTick,b7734732-ff36-cc97-7809-081f9bd4e98f,1492529,779
3091334,2019-01-06T16:05:53.181Z,19010616,XBTUSD,Buy,500,3825,ZeroPlusTick,674f5026-f92e-a907-9fd9-ee499688f036,1493029,780
3091344,2019-01-06T16:05:53.181Z,19010616,XBTUSD,Buy,500,3825,ZeroPlusTick,a271fd8f-0ce8-a3e6-f5ea-149a4baa4ef4,1493529,781
3091349,2019-01-06T16:05:53.181Z,19010616,XBTUSD,Buy,4000,3825,ZeroPlusTick,f2a3dae3-f9a3-4291-d780-9a34393a1b85,1497529,782
3091027,2019-01-06T16:05:01.605Z,19010616,XBTUSD,Buy,1000,3824.5,ZeroPlusTick,0e60eb4c-d9da-2b23-31d4-07c86bf1b50e,1498529,783
3091128,2019-01-06T16:05:32.462Z,19010616,XBTUSD,Buy,1,3824.5,PlusTick,6c3c246f-0282-b536-383d-ef7e3595e39e,1498530,784
3091139,2019-01-06T16:05:34.933Z,19010616,XBTUSD,Buy,10000,3824.5,ZeroPlusTick,758ef31b-d7c2-a141-50d4-cd8a836e1a63,1508530,785
3091146,2019-01-06T16:05:34.933Z,19010616,XBTUSD,Buy,100,3824.5,ZeroPlusTick,01ee7182-82da-8221-fe15-e727648fa660,1508630,786
3091162,2019-01-06T16:05:34.933Z,19010616,XBTUSD,Buy,387,3824.5,ZeroPlusTick,ed0c1970-da00-7411-ade3-d0a74b7428de,1509017,787
3091171,2019-01-06T16:05:34.933Z,19010616,XBTUSD,Buy,10424,3824.5,ZeroPlusTick,e2e59657-88ad-a46c-a3a9-ac0099c4d543,1519441,788
3091183,2019-01-06T16:05:34.933Z,19010616,XBTUSD,Buy,12,3824.5,ZeroPlusTick,2d4bbb0e-a9f3-6d66-756f-045b7c156bce,1519453,789
3091193,2019-01-06T16:05:34.933Z,19010616,XBTUSD,Buy,2000,3824.5,ZeroPlusTick,6f70d1d5-f780-519f-11f6-d660bbaea571,1521453,790
3091200,2019-01-06T16:05:34.933Z,19010616,XBTUSD,Buy,1,3824.5,ZeroPlusTick,77427f2b-6970-d97e-11e9-8a2f2f9a2867,1521454,791
3091214,2019-01-06T16:05:34.933Z,19010616,XBTUSD,Buy,27,3825,ZeroPlusTick,f94cd95f-8755-0f96-54b9-3832bdf99e6d,1521481,792
3091219,2019-01-06T16:05:34.933Z,19010616,XBTUSD,Buy,100,3825,ZeroPlusTick,f412776f-bcc7-0032-f4d7-e1c01b6b7dc8,1521581,793
3091232,2019-01-06T16:05:34.933Z,19010616,XBTUSD,Buy,250,3825,ZeroPlusTick,48c7fcab-4a03-b151-dc79-9d72a73d7a80,1521831,794
3091269,2019-01-06T16:05:43.390Z,19010616,XBTUSD,Buy,200,3825,PlusTick,47b0883a-1e9b-b3ed-cadd-6f4fbab59d8a,1522031,795
3091281,2019-01-06T16:05:49.846Z,19010616,XBTUSD,Buy,1332,3825,ZeroPlusTick,e53d8d66-de2b-ef6b-607a-e0ee0c8ac236,1523363,796
3091302,2019-01-06T16:05:51.308Z,19010616,XBTUSD,Buy,3,3825,ZeroPlusTick,b5ed04da-48f9-2c30-c9d7-08fd47a97463,1523366,797
3091311,2019-01-06T16:05:51.308Z,19010616,XBTUSD,Buy,18,3825,ZeroPlusTick,23e0d8a9-c0b3-ce89-8fe9-4dc50e48518a,1523384,798
3091327,2019-01-06T16:05:53.181Z,19010616,XBTUSD,Buy,8260,3825,ZeroPlusTick,28f599ef-539c-59a7-45cf-a93a7fceb87d,1531644,799
3091335,2019-01-06T16:05:53.181Z,19010616,XBTUSD,Buy,100,3825,ZeroPlusTick,a5ee24b2-13d7-c16f-7ba9-a6ca82d320bd,1531744,800
3091345,2019-01-06T16:05:53.181Z,19010616,XBTUSD,Buy,1,3825,ZeroPlusTick,f8f9e86a-451c-f8e2-38f8-06d443e97ed6,1531745,801
3091366,2019-01-06T16:05:59.048Z,19010616,XBTUSD,Buy,224,3825.5,ZeroPlusTick,4f7d57d0-eacf-aac0-8a17-401b3b50ef99,1531969,802
3091376,2019-01-06T16:05:59.048Z,19010616,XBTUSD,Buy,839,3825.5,ZeroPlusTick,001f396f-3cf4-3ff9-43c3-94e9049a4d9a,1532808,803
3091389,2019-01-06T16:06:01.207Z,19010616,XBTUSD,Sell,225,3825,MinusTick,f31924df-f0cd-f834-2002-98b790a239eb,1533033,804
3091428,2019-01-06T16:06:06.699Z,19010616,XBTUSD,Buy,30000,3825.5,ZeroPlusTick,56109de0-07b3-abc3-ace0-d7efeb6e8fbd,1563033,805
3091431,2019-01-06T16:06:07.634Z,19010616,XBTUSD,Buy,349,3825.5,ZeroPlusTick,cf0568a3-7e81-03ba-f8ec-6857100196c2,1563382,806
3091432,2019-01-06T16:06:07.893Z,19010616,XBTUSD,Sell,500,3825,MinusTick,8e8c89aa-39f1-d978-6a1e-340161bf8002,1563882,807
