timestamp,reformattedDate,hour,symbol,side,size,price,tickDirection,trdMatchID,volTime,tickTime
2018-12-14 08:15:05.818,181219003034739,18121408,XBTUSD,Buy,297,3264,PlusTick,b557dd19-e2f6-f641-b60a-7d7caf607a84,297,1
2018-12-14 08:19:55.008,181219003034739,18121408,XBTUSD,Buy,480,3271,PlusTick,36ada857-19fe-69e8-626d-83946a40d51c,777,2
2018-12-14 08:22:07.905,181219003034739,18121408,XBTUSD,Buy,1133,3270,PlusTick,9c0a6005-bc33-1741-aa95-77a5554f86f2,1910,3
2018-12-14 08:25:43.543,181219003034739,18121408,XBTUSD,Buy,2000,3277,PlusTick,cf1841e2-3592-49ba-6035-92f72816f713,3910,4
2018-12-14 08:28:46.925,181219003034739,18121408,XBTUSD,Buy,150,3271,PlusTick,38a045e0-7399-c259-f191-156f75ab3f92,4060,5
2018-12-14 08:29:52.893,181219003034739,18121408,XBTUSD,Buy,5000,3271,PlusTick,b8fd25c1-fbd0-7615-1f36-5a9a169d05fb,9060,6
2018-12-14 08:00:02.598,181219003034739,18121408,XBTUSD,Buy,500,3260,PlusTick,21963032-0101-8c0c-8cbf-bc010624307d,9560,7
2018-12-14 08:00:06.552,181219003034739,18121408,XBTUSD,Buy,8,3260,PlusTick,2f964d99-e9fc-5e44-0fe8-084126e4d952,9568,8
2018-12-14 08:00:10.114,181219003034739,18121408,XBTUSD,Sell,1500,3259.5,ZeroMinusTick,ce009d7b-84d3-8065-7831-3be7987f7440,11068,9
2018-12-14 08:00:14.223,181219003034739,18121408,XBTUSD,Sell,3427,3259.5,MinusTick,c8f6b176-fdfb-ed7f-d730-290b6652fbeb,14495,10
2018-12-14 08:00:14.342,181219003034739,18121408,XBTUSD,Sell,874,3259.5,ZeroMinusTick,fe6500b1-c07c-51eb-0398-11783375b753,15369,11
2018-12-14 08:00:14.683,181219003034739,18121408,XBTUSD,Sell,874,3259.5,ZeroMinusTick,c4933b5a-6dda-5fa4-a538-dd0d8e0d5e5c,16243,12
2018-12-14 08:00:16.479,181219003034739,18121408,XBTUSD,Buy,7,3260,PlusTick,03eefc74-9347-0c24-4fd1-eaca58164fee,16250,13
2018-12-14 08:00:19.595,181219003034739,18121408,XBTUSD,Buy,98,3260,PlusTick,1e38253e-5dea-3a5b-79ba-d82d2e9c0e81,16348,14
2018-12-14 08:00:19.956,181219003034739,18121408,XBTUSD,Buy,532,3260,ZeroPlusTick,530a9355-e600-ca15-b62e-20c01f5d6ad9,16880,15
2018-12-14 08:00:19.993,181219003034739,18121408,XBTUSD,Buy,5378,3260,ZeroPlusTick,aadab011-50e6-17bf-0e15-695aa2a7dc90,22258,16
2018-12-14 08:00:20.114,181219003034739,18121408,XBTUSD,Buy,15,3260,ZeroPlusTick,85144107-bee6-258a-0215-447d005cd1ee,22273,17
2018-12-14 08:00:21.146,181219003034739,18121408,XBTUSD,Buy,9564,3260,PlusTick,9edb29eb-5800-cdef-d267-bc2fb8dd62db,31837,18
2018-12-14 08:00:07.391,181219003034739,18121408,XBTUSD,Buy,3,3260,ZeroPlusTick,ca0b9137-b7fc-f35e-6c06-03c129cfca0f,31840,19
2018-12-14 08:00:07.929,181219003034739,18121408,XBTUSD,Sell,5070,3259.5,MinusTick,691e50ba-5e7c-827b-ba99-6b3148088fba,36910,20
2018-12-14 08:00:12.627,181219003034739,18121408,XBTUSD,Buy,883,3260,PlusTick,dbc7006a-5b88-6eb0-54b5-e978b3c7170b,37793,21
2018-12-14 08:00:20.114,181219003034739,18121408,XBTUSD,Buy,27551,3260,ZeroPlusTick,64a503c2-6a14-d644-8d8a-3709abdf64de,65344,22
2018-12-14 08:00:20.114,181219003034739,18121408,XBTUSD,Buy,5436,3260,ZeroPlusTick,af39496b-85ed-161f-67a7-8b5c6cbb8c36,70780,23
2018-12-14 08:00:20.370,181219003034739,18121408,XBTUSD,Sell,3416,3259.5,ZeroMinusTick,207aabab-fb23-3fd5-fb01-ad47524a402e,74196,24
2018-12-14 08:00:20.686,181219003034739,18121408,XBTUSD,Sell,14542,3259.5,ZeroMinusTick,9d442198-e896-882e-58ab-99ebf2c400cc,88738,25
2018-12-14 08:00:21.016,181219003034739,18121408,XBTUSD,Sell,14542,3259.5,ZeroMinusTick,9dc49ab1-3070-a9c2-0065-804bd0ae4f65,103280,26
2018-12-14 08:00:22.491,181219003034739,18121408,XBTUSD,Buy,22,3260,PlusTick,af94f0c5-0691-fa6c-b61e-32c2b584fb03,103302,27
2018-12-14 08:00:22.722,181219003034739,18121408,XBTUSD,Sell,713,3259.5,MinusTick,c20d8d41-d96f-d988-974d-fb55e8a725c1,104015,28
2018-12-14 08:00:22.754,181219003034739,18121408,XBTUSD,Buy,78,3260,PlusTick,752e6704-678d-d641-f266-4263767e35fb,104093,29
2018-12-14 08:00:23.228,181219003034739,18121408,XBTUSD,Sell,5000,3259.5,ZeroMinusTick,896083bb-52a3-8228-2390-1927cbc91b30,109093,30
2018-12-14 08:00:23.395,181219003034739,18121408,XBTUSD,Sell,162,3259.5,ZeroMinusTick,4efe4a2d-1bef-d170-4860-45ef2c08f032,109255,31
2018-12-14 08:00:24.327,181219003034739,18121408,XBTUSD,Sell,3000,3259.5,ZeroMinusTick,361bf7a1-ea8a-cb6d-996c-a093f7eb8fca,112255,32
2018-12-14 08:00:24.327,181219003034739,18121408,XBTUSD,Sell,60,3259.5,ZeroMinusTick,5f7a7e9f-6a56-ad91-bc1e-ed697c1a6214,112315,33
2018-12-14 08:00:25.019,181219003034739,18121408,XBTUSD,Sell,18,3259.5,ZeroMinusTick,0a611e8b-de31-810e-0764-63d1e239c999,112333,34
2018-12-14 08:00:25.019,181219003034739,18121408,XBTUSD,Sell,10000,3259.5,ZeroMinusTick,345e23de-4dc7-dbed-ef6f-213c6d8bb6bf,122333,35
2018-12-14 08:00:25.019,181219003034739,18121408,XBTUSD,Sell,206,3259.5,ZeroMinusTick,7e5da793-1ac9-6f0c-cd0d-d2dc4c9525b9,122539,36
2018-12-14 08:00:25.019,181219003034739,18121408,XBTUSD,Sell,60,3259,ZeroMinusTick,ecac62ec-3da6-4a79-8ed0-b2e4082e6d31,122599,37
2018-12-14 08:00:25.019,181219003034739,18121408,XBTUSD,Sell,20,3258.5,ZeroMinusTick,198a050d-3826-8f62-6e67-ffe3df702f2b,122619,38
2018-12-14 08:00:25.019,181219003034739,18121408,XBTUSD,Sell,1,3258.5,ZeroMinusTick,ef5ec8d3-7923-9d7c-e345-dce3aef2877b,122620,39
2018-12-14 08:00:07.929,181219003034739,18121408,XBTUSD,Sell,1000,3259.5,ZeroMinusTick,5fbef955-a99d-7394-19af-aac31db97734,123620,40
2018-12-14 08:00:08.013,181219003034739,18121408,XBTUSD,Buy,1000,3260,ZeroPlusTick,e7a9562d-7446-c21c-eaea-2505797866fc,124620,41
2018-12-14 08:00:09.805,181219003034739,18121408,XBTUSD,Sell,23165,3259.5,ZeroMinusTick,acc01dc3-a64c-41c8-cb8c-b9207d96d8ec,147785,42
2018-12-14 08:00:09.886,181219003034739,18121408,XBTUSD,Sell,2913,3259.5,ZeroMinusTick,4c8190b7-5231-ce98-23f9-0af47b7a4c0e,150698,43
2018-12-14 08:00:09.930,181219003034739,18121408,XBTUSD,Sell,6,3259.5,ZeroMinusTick,d8c96280-e35d-9c51-60a0-6881c977b1c1,150704,44
2018-12-14 08:00:16.460,181219003034739,18121408,XBTUSD,Sell,296,3259.5,MinusTick,0736c74e-b5f4-678e-6605-af8416d71b2c,151000,45
2018-12-14 08:00:20.022,181219003034739,18121408,XBTUSD,Buy,2371,3260,ZeroPlusTick,ca4ded4a-65c5-3c21-ed62-e08b47ee9f71,153371,46
2018-12-14 08:00:20.114,181219003034739,18121408,XBTUSD,Buy,20,3260,ZeroPlusTick,c65d8299-87af-7251-f1dd-5ade8571db00,153391,47
2018-12-14 08:00:21.146,181219003034739,18121408,XBTUSD,Buy,6865,3260,ZeroPlusTick,03b61f36-d5ef-781e-8d62-c01def9bf044,160256,48
2018-12-14 08:00:21.604,181219003034739,18121408,XBTUSD,Sell,713,3259.5,ZeroMinusTick,654e91ef-f033-f3dd-88f0-ce3fc368b288,160969,49
2018-12-14 08:00:21.702,181219003034739,18121408,XBTUSD,Sell,4939,3259.5,ZeroMinusTick,f0f329b5-480b-f3ea-8079-dc7319fbc5c9,165908,50
2018-12-14 08:00:22.049,181219003034739,18121408,XBTUSD,Sell,444,3259.5,ZeroMinusTick,fd0996e5-a964-21aa-8ead-0bd9052c7b95,166352,51
2018-12-14 08:00:22.070,181219003034739,18121408,XBTUSD,Sell,1556,3259.5,ZeroMinusTick,c5695f35-b6eb-9994-ec89-dc207de20f8e,167908,52
2018-12-14 08:00:22.754,181219003034739,18121408,XBTUSD,Buy,6,3260,ZeroPlusTick,bfb487d2-7cc8-938f-64c0-0d0a50ae53c0,167914,53
2018-12-14 08:00:22.788,181219003034739,18121408,XBTUSD,Sell,422,3259.5,ZeroMinusTick,c3fa6b20-30c1-94c0-dfc3-fd4ebf646722,168336,54
2018-12-14 08:00:23.228,181219003034739,18121408,XBTUSD,Sell,2111,3259.5,ZeroMinusTick,1380bed8-2d77-874a-3daf-a3fbcb91e50f,170447,55
2018-12-14 08:00:07.929,181219003034739,18121408,XBTUSD,Sell,18170,3259.5,ZeroMinusTick,27f72fe3-0719-dfbb-1200-9efe80f8c8b8,188617,56
2018-12-14 08:00:08.013,181219003034739,18121408,XBTUSD,Buy,883,3260,PlusTick,2ac1dd52-51f9-12cb-5d44-20998a0fad40,189500,57
2018-12-14 08:00:09.702,181219003034739,18121408,XBTUSD,Sell,2079,3259.5,ZeroMinusTick,798e5b8e-aad8-fd09-4158-13b9d2956d9e,191579,58
2018-12-14 08:00:13.102,181219003034739,18121408,XBTUSD,Buy,32600,3260,PlusTick,d3f81581-00ab-393e-57b4-32de27549b65,224179,59
2018-12-14 08:00:20.114,181219003034739,18121408,XBTUSD,Buy,30,3260,ZeroPlusTick,6be3b25b-958d-81f9-063b-a219c33c3130,224209,60
2018-12-14 08:00:22.754,181219003034739,18121408,XBTUSD,Buy,41,3260,ZeroPlusTick,26e5ba10-9b22-ff09-6071-079381b78243,224250,61
2018-12-14 08:00:23.228,181219003034739,18121408,XBTUSD,Sell,125000,3259.5,ZeroMinusTick,c93d3e73-c64e-775c-d8d2-d11d2209e2fe,349250,62
2018-12-14 08:00:23.395,181219003034739,18121408,XBTUSD,Sell,3830,3259.5,ZeroMinusTick,7446671e-77e0-fef1-89c2-5432767ef66c,353080,63
2018-12-14 08:00:24.327,181219003034739,18121408,XBTUSD,Sell,30,3259.5,ZeroMinusTick,0365edd7-bfa3-7852-6e81-06cd59b3fba5,353110,64
2018-12-14 08:00:24.327,181219003034739,18121408,XBTUSD,Sell,5660,3259.5,ZeroMinusTick,3137f3b7-96ac-2a2e-0802-fef6e7013848,358770,65
2018-12-14 08:00:25.019,181219003034740,18121408,XBTUSD,Sell,50,3259.5,ZeroMinusTick,baf4196e-c392-185f-2772-f3be7f7e4f37,358820,66
2018-12-14 08:00:25.019,181219003034740,18121408,XBTUSD,Sell,3000,3259.5,ZeroMinusTick,9dc6906b-8b0e-fa62-fdc3-37750e71643b,361820,67
2018-12-14 08:00:25.019,181219003034740,18121408,XBTUSD,Sell,162,3259.5,ZeroMinusTick,615cd05c-ea9a-995e-7f7e-1c113c6cd9f9,361982,68
2018-12-14 08:00:25.019,181219003034740,18121408,XBTUSD,Sell,50,3259,ZeroMinusTick,0c9c636c-3d20-b124-eceb-bdd99a4a37b3,362032,69
2018-12-14 08:00:25.019,181219003034740,18121408,XBTUSD,Sell,30,3258.5,MinusTick,62e9f0c4-38df-5f50-9951-0fd61f937d69,362062,70
2018-12-14 08:00:25.019,181219003034740,18121408,XBTUSD,Sell,50,3258.5,ZeroMinusTick,f462d4b0-d6e1-2a1d-0d32-faf91770fd37,362112,71
2018-12-14 08:00:29.293,181219003034740,18121408,XBTUSD,Sell,4473,3258.5,ZeroMinusTick,473e6723-b207-1acb-bb24-a2018d9e043e,366585,72
2018-12-14 08:00:31.994,181219003034740,18121408,XBTUSD,Sell,11,3258.5,ZeroMinusTick,d7e9ff51-6114-8144-8a24-2ad7b92cde06,366596,73
2018-12-14 08:00:17.163,181219003034740,18121408,XBTUSD,Sell,296,3259.5,ZeroMinusTick,1dc7bdee-c434-9b55-f04b-3fd37e692145,366892,74
2018-12-14 08:00:20.114,181219003034740,18121408,XBTUSD,Buy,10000,3260,ZeroPlusTick,265f8f62-9030-d6f7-22a7-5e3ef6935c00,376892,75
2018-12-14 08:00:23.162,181219003034740,18121408,XBTUSD,Sell,3204,3259.5,ZeroMinusTick,6f2c6e55-fa67-e85e-54e6-599dce0e0acf,380096,76
2018-12-14 08:00:23.228,181219003034740,18121408,XBTUSD,Sell,32,3259.5,ZeroMinusTick,3ea6a585-f01c-95e5-a9d8-8045c2f20203,380128,77
2018-12-14 08:00:24.327,181219003034740,18121408,XBTUSD,Sell,20,3259.5,ZeroMinusTick,c5285d6d-a3a7-4353-2200-2c14ab840435,380148,78
2018-12-14 08:00:24.521,181219003034740,18121408,XBTUSD,Sell,1755,3259.5,ZeroMinusTick,e88ec5d8-8d1c-e60a-50a1-9e52d750f4c8,381903,79
2018-12-14 08:00:25.019,181219003034740,18121408,XBTUSD,Sell,8,3259.5,ZeroMinusTick,a5048592-9b9a-1bf0-b6b3-b9fd561752a8,381911,80
2018-12-14 08:00:25.019,181219003034740,18121408,XBTUSD,Sell,50,3259.5,ZeroMinusTick,69f80f24-2e58-f085-9a66-c70358442dc8,381961,81
2018-12-14 08:00:25.019,181219003034740,18121408,XBTUSD,Sell,500,3259.5,ZeroMinusTick,af3b4e56-c1c2-0a69-b4b2-c9e5bd45b18a,382461,82
2018-12-14 08:00:25.019,181219003034740,18121408,XBTUSD,Sell,250,3259,ZeroMinusTick,929f7675-50d8-99b7-d3a4-03a0596fccb8,382711,83
2018-12-14 08:00:25.019,181219003034740,18121408,XBTUSD,Sell,202,3259,ZeroMinusTick,0f072cc6-ba74-e537-1058-b72c0f059766,382913,84
2018-12-14 08:00:25.019,181219003034740,18121408,XBTUSD,Sell,43,3258.5,ZeroMinusTick,7b8f23ac-b77c-c7c9-982a-b913c101b498,382956,85
2018-12-14 08:00:25.019,181219003034740,18121408,XBTUSD,Sell,27818,3258.5,ZeroMinusTick,c246ede7-3b60-659e-df47-414a1e8a035e,410774,86
2018-12-14 08:00:25.207,181219003034740,18121408,XBTUSD,Sell,1755,3258.5,ZeroMinusTick,a93eb0d5-6410-48ab-7688-123960ed01e9,412529,87
2018-12-14 08:00:28.414,181219003034740,18121408,XBTUSD,Sell,1000,3258.5,ZeroMinusTick,8f3588c0-67eb-a9a0-e5c8-ec6137a66d44,413529,88
2018-12-14 08:00:30.749,181219003034740,18121408,XBTUSD,Sell,493,3258.5,ZeroMinusTick,ad25fcb9-e143-c032-a9c6-aa39745d5b63,414022,89
2018-12-14 08:00:31.019,181219003034740,18121408,XBTUSD,Sell,493,3258.5,ZeroMinusTick,59efc0dd-a84d-ee6d-3d76-b57364b64083,414515,90
2018-12-14 08:00:31.838,181219003034740,18121408,XBTUSD,Sell,493,3258.5,ZeroMinusTick,2ebcf0cb-9d64-f3f6-bf92-b56c52318bf1,415008,91
2018-12-14 08:00:31.994,181219003034740,18121408,XBTUSD,Sell,1000,3258.5,ZeroMinusTick,6a1e990a-8dbc-89c0-6a82-2b0ee9f03f6c,416008,92
2018-12-14 08:00:31.994,181219003034740,18121408,XBTUSD,Sell,50,3258,ZeroMinusTick,34ab2978-c2c8-0a6c-a5f7-e233b3b8a4a4,416058,93
2018-12-14 08:00:32.106,181219003034740,18121408,XBTUSD,Sell,60,3257.5,ZeroMinusTick,b7316f1e-77ba-3779-d7dc-bab86600aaa8,416118,94
2018-12-14 08:00:32.803,181219003034740,18121408,XBTUSD,Sell,16,3257.5,ZeroMinusTick,6ec5a5a0-bbd2-a7e0-a932-1d6fb1449f61,416134,95
2018-12-14 08:00:33.491,181219003034740,18121408,XBTUSD,Sell,50,3257.5,ZeroMinusTick,aa7208fa-a357-005c-6e14-0b49728e6959,416184,96
2018-12-14 08:00:33.491,181219003034740,18121408,XBTUSD,Sell,657,3257.5,ZeroMinusTick,b7742c26-7ba5-398d-7e78-e911d3483bb8,416841,97
2018-12-14 08:00:35.526,181219003034740,18121408,XBTUSD,Sell,1763,3257.5,MinusTick,8c0282c0-4b54-7944-23da-399216d40130,418604,98
2018-12-14 08:00:37.499,181219003034740,18121408,XBTUSD,Buy,78,3258,ZeroPlusTick,a602c6c3-0061-b319-ba50-dba8c4305280,418682,99
2018-12-14 08:00:39.338,181219003034740,18121408,XBTUSD,Sell,449,3257.5,ZeroMinusTick,23f9538c-58b2-0c69-ed0f-14250cf976b0,419131,100
2018-12-14 08:00:39.682,181219003034740,18121408,XBTUSD,Sell,233,3257.5,ZeroMinusTick,8a0fe44d-e6c2-3679-24d0-1643c7186628,419364,101
2018-12-14 08:00:39.996,181219003034740,18121408,XBTUSD,Sell,501,3257.5,ZeroMinusTick,d266c542-6e98-037c-9dd2-e5b2ede8e175,419865,102
2018-12-14 08:00:41.480,181219003034740,18121408,XBTUSD,Buy,25,3258,PlusTick,93e39928-fa64-4fff-a128-4d3e0cd49a6d,419890,103
2018-12-14 08:00:41.953,181219003034740,18121408,XBTUSD,Sell,305,3257.5,ZeroMinusTick,19bbe7a8-ac63-25c1-2361-74675008881b,420195,104
2018-12-14 08:00:58.613,181219003034740,18121408,XBTUSD,Sell,10,3257.5,ZeroMinusTick,db2ab202-e472-8c4e-054b-f1f81eef27d7,420205,105
2018-12-14 08:00:06.636,181219003034740,18121408,XBTUSD,Buy,50,3260,ZeroPlusTick,1f8d2994-5da8-b259-d231-963dde2b1fd5,420255,106
2018-12-14 08:00:07.929,181219003034740,18121408,XBTUSD,Sell,10000,3259.5,ZeroMinusTick,b9708710-16d2-9c20-d5c9-4f29438acc73,430255,107
2018-12-14 08:00:08.013,181219003034740,18121408,XBTUSD,Buy,3117,3260,ZeroPlusTick,55fcbce8-a639-7cc3-2ead-257135c273a6,433372,108
2018-12-14 08:00:08.046,181219003034740,18121408,XBTUSD,Sell,1800,3259.5,MinusTick,f2578bf4-a6c0-6aa0-07b0-6cf51921c9c3,435172,109
2018-12-14 08:00:13.768,181219003034740,18121408,XBTUSD,Buy,2181,3260,ZeroPlusTick,bfe738f5-11b0-252d-f6ea-81de3be160ec,437353,110
2018-12-14 08:00:13.854,181219003034740,18121408,XBTUSD,Buy,1000,3260,ZeroPlusTick,1d5bf510-b2aa-7a4d-a61c-9b70c286478b,438353,111
2018-12-14 08:00:15.312,181219003034740,18121408,XBTUSD,Buy,3674,3260,PlusTick,ac0ffa32-a4ff-5af8-8dbf-ab9946b03bc3,442027,112
2018-12-14 08:00:16.645,181219003034740,18121408,XBTUSD,Sell,406,3259.5,ZeroMinusTick,bf6a477e-bbcd-f2e7-c189-7d89d10a1c37,442433,113
2018-12-14 08:00:20.114,181219003034740,18121408,XBTUSD,Buy,100,3260,ZeroPlusTick,7dcd367c-7ea2-99cf-d073-d27ba13d3d5e,442533,114
2018-12-14 08:00:20.125,181219003034740,18121408,XBTUSD,Sell,2770,3259.5,MinusTick,dbb30cd5-a21d-fc31-06c0-8ab803aecc6c,445303,115
2018-12-14 08:00:23.162,181219003034740,18121408,XBTUSD,Sell,1735,3259.5,ZeroMinusTick,0614a7e4-63ec-e024-6ff6-dca09c9d09cf,447038,116
2018-12-14 08:00:23.228,181219003034740,18121408,XBTUSD,Sell,20661,3259.5,ZeroMinusTick,4ea8a253-1e19-3dcb-9a3b-32db06c3277a,467699,117
2018-12-14 08:00:23.395,181219003034740,18121408,XBTUSD,Sell,162,3259.5,ZeroMinusTick,bde355e4-c514-30f6-1d9a-7d7ac41c2518,467861,118
2018-12-14 08:00:24.327,181219003034740,18121408,XBTUSD,Sell,20,3259.5,ZeroMinusTick,be045096-a872-972f-cdc5-bac98dfd2278,467881,119
2018-12-14 08:00:24.327,181219003034740,18121408,XBTUSD,Sell,4889,3259.5,ZeroMinusTick,dcdf2927-e74a-5e9e-accf-a5ea52020267,472770,120
2018-12-14 08:00:25.019,181219003034740,18121408,XBTUSD,Sell,88,3259.5,ZeroMinusTick,e40836ec-1b46-13b7-e14c-0a4c919f6037,472858,121
2018-12-14 08:00:25.019,181219003034740,18121408,XBTUSD,Sell,15,3259.5,ZeroMinusTick,f0afe157-62d5-a3ee-f2aa-6dc23bd25295,472873,122
2018-12-14 08:00:25.019,181219003034740,18121408,XBTUSD,Sell,36,3259.5,ZeroMinusTick,02b2eeb5-7041-d803-e443-397a39a18c33,472909,123
2018-12-14 08:00:25.019,181219003034740,18121408,XBTUSD,Sell,9,3259,ZeroMinusTick,4c9eca33-5f81-1e00-2a93-8509a89c9eb7,472918,124
2018-12-14 08:00:25.019,181219003034740,18121408,XBTUSD,Sell,333,3258.5,ZeroMinusTick,e50f6743-4e98-ded9-bdf0-1362e412b164,473251,125
2018-12-14 08:00:25.019,181219003034740,18121408,XBTUSD,Sell,10,3258.5,ZeroMinusTick,e0da6cc2-f3bf-c2e5-0daa-3ecac8e60955,473261,126
2018-12-14 08:00:31.994,181219003034740,18121408,XBTUSD,Sell,1000,3258.5,ZeroMinusTick,1d427eed-94b6-1fbe-6898-aff0a5420693,474261,127
2018-12-14 08:00:31.994,181219003034740,18121408,XBTUSD,Sell,16,3258,ZeroMinusTick,eabeef79-91bd-32ef-bf17-4a80c1d948c5,474277,128
2018-12-14 08:00:31.994,181219003034740,18121408,XBTUSD,Sell,162,3258,ZeroMinusTick,35addf16-6bc3-6ef7-0283-04694cb237de,474439,129
2018-12-14 08:00:32.803,181219003034740,18121408,XBTUSD,Sell,9,3257.5,ZeroMinusTick,ea35f294-340e-2944-0fb7-d658965239f6,474448,130
2018-12-14 08:00:33.491,181219003034740,18121408,XBTUSD,Sell,28,3257.5,ZeroMinusTick,2c834359-5945-e8ab-d725-82343cb04b0a,474476,131
2018-12-14 08:00:33.491,181219003034740,18121408,XBTUSD,Sell,22,3257.5,ZeroMinusTick,66406732-8a20-38be-d0f8-66a1efa923fe,474498,132
2018-12-14 08:00:36.110,181219003034740,18121408,XBTUSD,Sell,1073,3257.5,ZeroMinusTick,1b35c478-d51a-ff4e-26af-b71a3e279f11,475571,133
2018-12-14 08:00:41.793,181219003034740,18121408,XBTUSD,Buy,2846,3258,PlusTick,880bf5fa-b0e6-8500-2a3a-1e947ce899a0,478417,134
2018-12-14 08:00:49.203,181219003034740,18121408,XBTUSD,Sell,492,3257.5,ZeroMinusTick,8ec8e5ee-c1a6-87fc-6519-210a5dbbfd45,478909,135
2018-12-14 08:00:49.288,181219003034740,18121408,XBTUSD,Sell,51,3257.5,ZeroMinusTick,33152b4c-c39d-0e80-c2a4-b590f4b37972,478960,136
2018-12-14 08:00:20.114,181219003034740,18121408,XBTUSD,Buy,15,3260,ZeroPlusTick,c7aeeb08-d330-97d8-f123-f6cab92e1319,478975,137
2018-12-14 08:00:20.370,181219003034740,18121408,XBTUSD,Sell,4112,3259.5,ZeroMinusTick,2ba6af20-d9c3-def1-73b7-7d26bafbb5a1,483087,138
2018-12-14 08:00:22.754,181219003034740,18121408,XBTUSD,Buy,162,3260,ZeroPlusTick,f5f02592-9d83-4c16-3e51-9d37867bf92b,483249,139
2018-12-14 08:00:22.788,181219003034740,18121408,XBTUSD,Sell,252,3259.5,MinusTick,9fb00b16-4ec3-ea5a-e28c-69f644085954,483501,140
2018-12-14 08:00:23.228,181219003034740,18121408,XBTUSD,Sell,5000,3259.5,ZeroMinusTick,e7e8c8db-bd0d-f0c6-0839-6a144606b36f,488501,141
2018-12-14 08:00:23.375,181219003034740,18121408,XBTUSD,Sell,250,3259.5,ZeroMinusTick,c4efa493-6985-2d17-aaa8-be24c45501ff,488751,142
2018-12-14 08:00:23.395,181219003034740,18121408,XBTUSD,Sell,1303,3259.5,ZeroMinusTick,2e9438a4-33ec-f536-a2ea-20b77fdf203b,490054,143
2018-12-14 08:00:23.520,181219003034740,18121408,XBTUSD,Sell,697,3259.5,ZeroMinusTick,21292c79-4515-5e85-dc8e-e8d797d26359,490751,144
2018-12-14 08:00:24.244,181219003034741,18121408,XBTUSD,Sell,312,3259.5,ZeroMinusTick,2207bfd4-fb91-9e2e-6542-d176a8850566,491063,145
2018-12-14 08:00:24.327,181219003034741,18121408,XBTUSD,Sell,2,3259.5,ZeroMinusTick,676239a7-7215-16b4-a7fa-5a9b130480bd,491065,146
2018-12-14 08:00:25.019,181219003034741,18121408,XBTUSD,Sell,10,3259.5,ZeroMinusTick,b048228c-d5dd-7305-86a4-383bcd4a0bcd,491075,147
2018-12-14 08:00:25.019,181219003034741,18121408,XBTUSD,Sell,17830,3259.5,ZeroMinusTick,d050eabe-5e64-844c-9227-d60d3165f037,508905,148
2018-12-14 08:00:25.019,181219003034741,18121408,XBTUSD,Sell,34,3259.5,ZeroMinusTick,750a5e29-d86e-a2f4-5fb6-c78d21169ea0,508939,149
2018-12-14 08:00:25.019,181219003034741,18121408,XBTUSD,Sell,2000,3259,ZeroMinusTick,eb0c2c35-7776-a0f6-bc92-9e454963edf8,510939,150
2018-12-14 08:00:25.019,181219003034741,18121408,XBTUSD,Sell,500,3258.5,ZeroMinusTick,5f81ec13-e06c-9924-8869-fe1d6748d341,511439,151
2018-12-14 08:00:25.019,181219003034741,18121408,XBTUSD,Sell,8501,3258.5,ZeroMinusTick,34fdc762-a297-97a3-2bf4-a7401539c7d0,519940,152
2018-12-14 08:00:26.999,181219003034741,18121408,XBTUSD,Sell,1116,3258.5,ZeroMinusTick,8a0bd494-5c61-a3d1-eb97-cfff2dd628d2,521056,153
2018-12-14 08:00:29.369,181219003034741,18121408,XBTUSD,Buy,1287,3259,PlusTick,7c27ad08-9b42-f209-483d-2739cbe89b66,522343,154
2018-12-14 08:00:31.994,181219003034741,18121408,XBTUSD,Sell,1000,3258.5,ZeroMinusTick,6c1b3b35-0e2c-2358-e89f-62f49974e98d,523343,155
2018-12-14 08:00:31.994,181219003034741,18121408,XBTUSD,Sell,76,3258,ZeroMinusTick,d5d8e6b2-5e3c-9f2f-eecc-225df42ecf6d,523419,156
2018-12-14 08:00:31.994,181219003034741,18121408,XBTUSD,Sell,47,3258,ZeroMinusTick,bba3cc4f-687d-06f8-78cd-7947f1278aec,523466,157
2018-12-14 08:00:32.803,181219003034741,18121408,XBTUSD,Sell,9,3257.5,ZeroMinusTick,9073bfef-dfad-93cf-6d6f-885ad1cfe016,523475,158
2018-12-14 08:00:33.491,181219003034741,18121408,XBTUSD,Sell,36,3257.5,ZeroMinusTick,24856286-a7a3-0044-c1f2-ce2f42cfdaa1,523511,159
2018-12-14 08:00:33.491,181219003034741,18121408,XBTUSD,Sell,10,3257.5,ZeroMinusTick,06b96647-8ca4-3238-91e6-c95481e024f6,523521,160
2018-12-14 08:00:36.261,181219003034741,18121408,XBTUSD,Sell,493,3257.5,ZeroMinusTick,5b410744-f37e-6701-e32f-9fa9ce2b0103,524014,161
2018-12-14 08:00:41.608,181219003034741,18121408,XBTUSD,Sell,68,3257.5,ZeroMinusTick,d0b088a7-615e-a9aa-e034-d26decdf678b,524082,162
2018-12-14 08:00:43.159,181219003034741,18121408,XBTUSD,Sell,25,3257.5,ZeroMinusTick,ead808d8-9bff-ef9a-037e-e4752479eaf1,524107,163
2018-12-14 08:00:57.879,181219003034741,18121408,XBTUSD,Sell,1787,3257.5,ZeroMinusTick,8cdfd317-273f-348b-96a3-c4653834ea4b,525894,164
2018-12-14 08:00:57.913,181219003034741,18121408,XBTUSD,Sell,1449,3257.5,ZeroMinusTick,742a394a-8d07-8ec5-b9f5-1c11e261ed33,527343,165
2018-12-14 08:00:58.613,181219003034741,18121408,XBTUSD,Sell,150,3257.5,ZeroMinusTick,8b2fca79-03e0-97b5-fedf-a2afe6b0e18f,527493,166
2018-12-14 08:00:58.613,181219003034741,18121408,XBTUSD,Sell,51,3257.5,ZeroMinusTick,cef8b6d2-a71f-87d8-86d2-3b36917658e8,527544,167
2018-12-14 08:00:59.083,181219003034741,18121408,XBTUSD,Sell,16,3257.5,ZeroMinusTick,73bf28df-236e-3f74-8531-b99bd0f57430,527560,168
2018-12-14 08:00:03.405,181219003034741,18121408,XBTUSD,Sell,100,3259.5,MinusTick,36277f27-cc1f-07e5-85c2-26f64b30c7d6,527660,169
2018-12-14 08:00:15.172,181219003034741,18121408,XBTUSD,Sell,874,3259.5,ZeroMinusTick,e7d583d9-fd19-f020-d087-23fd2358ef95,528534,170
2018-12-14 08:00:15.383,181219003034741,18121408,XBTUSD,Sell,296,3259.5,MinusTick,d3aed68a-b084-198a-04c7-9202b16dc97b,528830,171
2018-12-14 08:00:15.519,181219003034741,18121408,XBTUSD,Sell,874,3259.5,ZeroMinusTick,ff4d015b-8e4f-4145-ccc5-ff2a99ada839,529704,172
2018-12-14 08:00:15.552,181219003034741,18121408,XBTUSD,Buy,505,3260,PlusTick,d7255117-06c7-17af-44e0-96cde9e34a15,530209,173
2018-12-14 08:00:15.572,181219003034741,18121408,XBTUSD,Sell,707,3259.5,MinusTick,4f3409db-f9f8-baff-2df2-d8fe7140d996,530916,174
2018-12-14 08:00:15.625,181219003034741,18121408,XBTUSD,Sell,7005,3259.5,ZeroMinusTick,18195feb-5685-d75c-c435-f588df89dc30,537921,175
2018-12-14 08:00:15.685,181219003034741,18121408,XBTUSD,Buy,1000,3260,PlusTick,be59a0ac-2e0e-e6f0-061b-b68fc5198ad9,538921,176
2018-12-14 08:00:15.738,181219003034741,18121408,XBTUSD,Sell,296,3259.5,MinusTick,4d8c7a4d-efe6-d6d1-38ab-7a9ced106844,539217,177
2018-12-14 08:00:15.865,181219003034741,18121408,XBTUSD,Buy,1000,3260,PlusTick,baeb4a4c-10b0-5c6f-bea5-c597bbef9e4e,540217,178
2018-12-14 08:00:16.554,181219003034741,18121408,XBTUSD,Sell,10974,3259.5,MinusTick,a7e8cd3b-b598-3416-7676-107dd1721658,551191,179
2018-12-14 08:00:20.114,181219003034741,18121408,XBTUSD,Buy,195,3260,ZeroPlusTick,2f18bf34-436b-c43d-94dd-25b3b5d3046d,551386,180
2018-12-14 08:00:21.188,181219003034741,18121408,XBTUSD,Sell,1257,3259.5,MinusTick,6fb3d530-8d96-c2ea-58cb-1d85d9c4526d,552643,181
2018-12-14 08:00:22.754,181219003034741,18121408,XBTUSD,Buy,50,3260,ZeroPlusTick,d78db697-104d-2306-f59b-f089bacfe696,552693,182
2018-12-14 08:00:22.788,181219003034741,18121408,XBTUSD,Sell,1000,3259.5,ZeroMinusTick,f2538133-e569-7edf-9ecc-bba77542c579,553693,183
2018-12-14 08:00:23.228,181219003034741,18121408,XBTUSD,Sell,40,3259.5,ZeroMinusTick,9141e0e2-5b4b-d716-7280-2ace52641c3c,553733,184
2018-12-14 08:00:23.375,181219003034741,18121408,XBTUSD,Sell,202,3259.5,ZeroMinusTick,fb523823-e3d4-0a08-baaf-f8ff98004081,553935,185
2018-12-14 08:00:23.395,181219003034741,18121408,XBTUSD,Sell,162,3259.5,ZeroMinusTick,63d2be7f-f2f4-6645-68f1-e51ec62313a3,554097,186
2018-12-14 08:00:23.520,181219003034741,18121408,XBTUSD,Sell,868,3259.5,ZeroMinusTick,6c4066d3-97e3-4247-e17a-52d1d22ad422,554965,187
2018-12-14 08:00:23.842,181219003034741,18121408,XBTUSD,Sell,4208,3259.5,ZeroMinusTick,0e878be8-5737-66a8-483a-03f5b3f5398d,559173,188
2018-12-14 08:00:24.327,181219003034741,18121408,XBTUSD,Sell,2947,3259.5,ZeroMinusTick,787acd4d-0e5b-b5a3-036a-2021f20b79f2,562120,189
2018-12-14 08:00:24.327,181219003034741,18121408,XBTUSD,Sell,5000,3259.5,ZeroMinusTick,c8bc2211-9eaf-d891-3949-425b0ca857e0,567120,190
2018-12-14 08:00:25.019,181219003034741,18121408,XBTUSD,Sell,500,3259.5,ZeroMinusTick,6d9845e1-e39b-8954-cdf2-443be01894be,567620,191
2018-12-14 08:00:25.019,181219003034741,18121408,XBTUSD,Sell,3000,3259.5,ZeroMinusTick,63034fcc-ae5a-a290-4eeb-b2e547f598a7,570620,192
2018-12-14 08:00:25.019,181219003034741,18121408,XBTUSD,Sell,26,3259,MinusTick,6722c810-44f0-a3bc-b2b6-52189d050b84,570646,193
2018-12-14 08:00:25.019,181219003034741,18121408,XBTUSD,Sell,500,3259,ZeroMinusTick,1d257a90-55a2-756e-c102-7d6fe6ce9448,571146,194
2018-12-14 08:00:25.019,181219003034741,18121408,XBTUSD,Sell,40210,3258.5,ZeroMinusTick,687ade32-7ce2-0223-5ed0-8498940fe3e1,611356,195
2018-12-14 08:00:26.649,181219003034741,18121408,XBTUSD,Sell,1116,3258.5,ZeroMinusTick,511fe675-2f0c-2a18-4ab1-bccb78a6bd5d,612472,196
2018-12-14 08:00:29.407,181219003034741,18121408,XBTUSD,Sell,155,3258.5,MinusTick,84ab7f34-b5e4-e751-ab25-5ca541c6efc0,612627,197
2018-12-14 08:00:31.569,181219003034741,18121408,XBTUSD,Sell,493,3258.5,ZeroMinusTick,8526cc03-0971-6456-64d3-28b14b86235a,613120,198
2018-12-14 08:00:31.994,181219003034741,18121408,XBTUSD,Sell,38,3258.5,ZeroMinusTick,4e4c6c8e-3049-7544-f513-5434aa4e12dd,613158,199
2018-12-14 08:00:31.994,181219003034741,18121408,XBTUSD,Sell,200,3258,ZeroMinusTick,a81009b1-da42-44f5-b384-c13c4c7c8405,613358,200
2018-12-14 08:00:31.994,181219003034741,18121408,XBTUSD,Sell,40,3258,ZeroMinusTick,cf55c153-3791-a729-c182-be3432ca6d99,613398,201
2018-12-14 08:00:32.106,181219003034741,18121408,XBTUSD,Sell,30,3257.5,ZeroMinusTick,8840ee35-9c5a-c35d-790a-6743b37423ca,613428,202
2018-12-14 08:00:32.257,181219003034741,18121408,XBTUSD,Sell,50,3257.5,ZeroMinusTick,9d8c85e6-4721-3ea7-cff6-77fad3c32609,613478,203
2018-12-14 08:00:32.304,181219003034741,18121408,XBTUSD,Buy,1671,3258,PlusTick,caef0818-405e-00e8-dc35-8e35a3161d5a,615149,204
2018-12-14 08:00:32.803,181219003034741,18121408,XBTUSD,Sell,9,3257.5,ZeroMinusTick,c5faecf1-7f59-0a51-90f6-9265948599f6,615158,205
2018-12-14 08:00:33.491,181219003034741,18121408,XBTUSD,Sell,1,3257.5,ZeroMinusTick,3b74c9ad-0dae-a16f-fc11-11bb8eb6f188,615159,206
2018-12-14 08:00:33.491,181219003034741,18121408,XBTUSD,Sell,9,3257.5,ZeroMinusTick,fa2789e5-8208-6541-9b3f-e823c6440c5f,615168,207
2018-12-14 08:00:12.627,181219003034741,18121408,XBTUSD,Buy,19117,3260,ZeroPlusTick,bd8ba4c0-e98f-8549-31d5-3864d62c71c4,634285,208
2018-12-14 08:00:12.958,181219003034741,18121408,XBTUSD,Sell,1277,3259.5,MinusTick,b70cb2aa-8412-806e-bee4-cab275742f33,635562,209
2018-12-14 08:00:12.984,181219003034741,18121408,XBTUSD,Sell,933,3259.5,ZeroMinusTick,18362012-0a90-bbdd-fbcd-ec2bff27e040,636495,210
2018-12-14 08:00:13.084,181219003034741,18121408,XBTUSD,Sell,933,3259.5,ZeroMinusTick,d1179ef1-eea3-9d61-ea54-b1e126b2a958,637428,211
2018-12-14 08:00:16.811,181219003034741,18121408,XBTUSD,Sell,296,3259.5,ZeroMinusTick,0d5ef794-4c2d-bc84-9509-248501c9a426,637724,212
2018-12-14 08:00:20.114,181219003034741,18121408,XBTUSD,Buy,5000,3260,ZeroPlusTick,1f68de3c-9d14-370c-a97b-e51479e0d168,642724,213
2018-12-14 08:00:20.204,181219003034741,18121408,XBTUSD,Sell,1043,3259.5,ZeroMinusTick,acfc5646-471e-5db4-9625-d27131cbe034,643767,214
2018-12-14 08:00:23.228,181219003034741,18121408,XBTUSD,Sell,5000,3259.5,ZeroMinusTick,06b92101-4cad-ac21-9122-2f90e9a245a6,648767,215
2018-12-14 08:00:23.395,181219003034741,18121408,XBTUSD,Sell,21,3259.5,ZeroMinusTick,32b0696b-debd-cd3a-c439-acaa66d9b7e1,648788,216
2018-12-14 08:00:24.327,181219003034741,18121408,XBTUSD,Sell,20,3259.5,ZeroMinusTick,6300bdd7-9476-4910-5b86-a43701ff741b,648808,217
2018-12-14 08:00:24.327,181219003034741,18121408,XBTUSD,Sell,30,3259.5,ZeroMinusTick,aa5e2fe4-c311-6241-f0f8-ea71e06fdc7d,648838,218
2018-12-14 08:00:25.019,181219003034741,18121408,XBTUSD,Sell,28,3259.5,ZeroMinusTick,19fe8e99-b54d-fe31-5a0c-cdb7788d48cf,648866,219
2018-12-14 08:00:25.019,181219003034741,18121408,XBTUSD,Sell,50,3259.5,ZeroMinusTick,ce7e9123-ab1a-9e92-443a-de1693d4c393,648916,220
2018-12-14 08:00:25.019,181219003034741,18121408,XBTUSD,Sell,25,3259.5,ZeroMinusTick,8a73bd3c-2100-f6a1-0c30-29f0c94b2dec,648941,221
2018-12-14 08:00:25.019,181219003034741,18121408,XBTUSD,Sell,200,3259,ZeroMinusTick,c8cbb716-246b-f15c-388b-a9bbedeebe3c,649141,222
2018-12-14 08:00:25.019,181219003034742,18121408,XBTUSD,Sell,60,3258.5,ZeroMinusTick,185ce4a6-8076-e0cb-4b21-04fdfc09a579,649201,223
2018-12-14 08:00:25.019,181219003034742,18121408,XBTUSD,Sell,1,3258.5,ZeroMinusTick,917de81a-f725-d7ce-ad89-5cd57d5e69b7,649202,224
2018-12-14 08:00:26.903,181219003034742,18121408,XBTUSD,Sell,1565,3258.5,ZeroMinusTick,a78ae13e-3d04-1c5e-2527-f47cba5a2ab5,650767,225
2018-12-14 08:00:31.597,181219003034742,18121408,XBTUSD,Sell,25,3258.5,ZeroMinusTick,8d8f1cf5-98a9-8172-edb6-2d11a4260d9c,650792,226
2018-12-14 08:00:31.994,181219003034742,18121408,XBTUSD,Sell,40,3258.5,ZeroMinusTick,9b16e6e9-0b88-0acc-a58b-0bd4ede69c9b,650832,227
2018-12-14 08:00:31.994,181219003034742,18121408,XBTUSD,Sell,100,3258,ZeroMinusTick,32c46aa5-c31d-967b-d3d4-d56d1c3c1422,650932,228
2018-12-14 08:00:31.994,181219003034742,18121408,XBTUSD,Sell,5000,3258,ZeroMinusTick,89ff755b-5888-89a9-aff1-c8cc2286aadd,655932,229
2018-12-14 08:00:32.803,181219003034742,18121408,XBTUSD,Sell,21,3257.5,ZeroMinusTick,3aebe5b8-fd70-fedc-abbd-7aec7826b31a,655953,230
2018-12-14 08:00:33.491,181219003034742,18121408,XBTUSD,Sell,69,3257.5,ZeroMinusTick,32625475-4a75-7697-18fe-95c1b6178d8b,656022,231
2018-12-14 08:00:33.491,181219003034742,18121408,XBTUSD,Sell,10,3257.5,ZeroMinusTick,148eb338-30df-a955-0506-4d52dd7ce741,656032,232
2018-12-14 08:00:37.328,181219003034742,18121408,XBTUSD,Sell,493,3257.5,ZeroMinusTick,8920c1ac-62b8-219d-8f73-fc635469ff1a,656525,233
2018-12-14 08:00:37.429,181219003034742,18121408,XBTUSD,Buy,1668,3258,PlusTick,b3bf9078-57e0-0c9e-d619-eed67ed4c560,658193,234
2018-12-14 08:00:37.464,181219003034742,18121408,XBTUSD,Sell,680,3257.5,MinusTick,8d34cf06-6722-8095-9ff8-575522350445,658873,235
2018-12-14 08:00:37.499,181219003034742,18121408,XBTUSD,Buy,2622,3258,PlusTick,81028560-4739-40f1-e050-b229bb9519c2,661495,236
2018-12-14 08:00:41.460,181219003034742,18121408,XBTUSD,Sell,4807,3257.5,MinusTick,b4bd2909-ab98-f2fb-8aab-6c7b0e816bed,666302,237
2018-12-14 08:00:42.437,181219003034742,18121408,XBTUSD,Sell,268,3257.5,ZeroMinusTick,3a93e7b8-690b-6512-406f-bbc322471382,666570,238
2018-12-14 08:00:44.912,181219003034742,18121408,XBTUSD,Buy,4327,3258,ZeroPlusTick,8ab1e7d9-db65-7ba7-33e7-5e5ce94d0821,670897,239
2018-12-14 08:00:58.613,181219003034742,18121408,XBTUSD,Sell,30,3257.5,ZeroMinusTick,65695cf6-26be-e51c-d2ec-e634d9a1a322,670927,240
2018-12-14 08:00:58.613,181219003034742,18121408,XBTUSD,Sell,201,3257.5,ZeroMinusTick,22edafea-3087-d734-21a0-92207135b199,671128,241
2018-12-14 08:00:59.083,181219003034742,18121408,XBTUSD,Sell,21,3257.5,ZeroMinusTick,e6c47cdd-2787-3eee-441c-5e145f92f3c0,671149,242
2018-12-14 08:00:14.742,181219003034742,18121408,XBTUSD,Buy,986,3260,PlusTick,448f9491-988b-9829-d956-77e127a04581,672135,243
2018-12-14 08:00:14.797,181219003034742,18121408,XBTUSD,Sell,425,3259.5,MinusTick,fc68582b-71e9-fdcd-25f6-38e5ad492af8,672560,244
2018-12-14 08:00:16.491,181219003034742,18121408,XBTUSD,Buy,2000,3260,ZeroPlusTick,f7ea1a67-3036-f462-894f-3d10b25fd730,674560,245
2018-12-14 08:00:19.314,181219003034742,18121408,XBTUSD,Sell,75,3259.5,ZeroMinusTick,a8622d35-12e1-2762-b85c-fe4f51878ce6,674635,246
2018-12-14 08:00:20.114,181219003034742,18121408,XBTUSD,Buy,9,3260,ZeroPlusTick,c5c562ca-d4c4-e9a8-91b0-bbc95f09fb4c,674644,247
2018-12-14 08:00:21.363,181219003034742,18121408,XBTUSD,Sell,14542,3259.5,ZeroMinusTick,72a9c5dd-8b32-bb37-fafb-cd880128858b,689186,248
2018-12-14 08:00:21.708,181219003034742,18121408,XBTUSD,Sell,14542,3259.5,ZeroMinusTick,54ed695f-b534-0b38-bf37-55622ab47a44,703728,249
2018-12-14 08:00:21.978,181219003034742,18121408,XBTUSD,Sell,713,3259.5,ZeroMinusTick,40e82c1a-032d-56d1-ba22-094b7dc2c74c,704441,250
2018-12-14 08:00:22.049,181219003034742,18121408,XBTUSD,Sell,14098,3259.5,ZeroMinusTick,2e281130-0b5f-e66b-79c0-73bcea550838,718539,251
2018-12-14 08:00:22.070,181219003034742,18121408,XBTUSD,Sell,3383,3259.5,ZeroMinusTick,f11ab0c6-858f-52ce-f63e-b62f4b180966,721922,252
2018-12-14 08:00:22.373,181219003034742,18121408,XBTUSD,Sell,713,3259.5,ZeroMinusTick,50d0c398-0c31-6e84-f7d4-4a87a8240e68,722635,253
2018-12-14 08:00:22.754,181219003034742,18121408,XBTUSD,Buy,5000,3260,ZeroPlusTick,359260b7-3057-3a50-2887-3bef7244747c,727635,254
2018-12-14 08:00:22.788,181219003034742,18121408,XBTUSD,Sell,3265,3259.5,ZeroMinusTick,7cebce38-6b9a-e63f-1dc4-61b57961d418,730900,255
2018-12-14 08:00:23.228,181219003034742,18121408,XBTUSD,Sell,6796,3259.5,ZeroMinusTick,f79e6fc6-2143-c106-f92b-19c540e610eb,737696,256
2018-12-14 08:00:23.228,181219003034742,18121408,XBTUSD,Sell,8360,3259.5,ZeroMinusTick,21240783-fd92-91af-fc26-62dc1f3f3be7,746056,257
2018-12-14 08:00:23.395,181219003034742,18121408,XBTUSD,Sell,1200,3259.5,ZeroMinusTick,94bf46fc-265e-54e6-7e04-c2463cf580a7,747256,258
2018-12-14 08:00:24.244,181219003034742,18121408,XBTUSD,Sell,1443,3259.5,ZeroMinusTick,d4f6cf45-b527-dc9b-5b2a-9dd4582950dc,748699,259
2018-12-14 08:00:24.327,181219003034742,18121408,XBTUSD,Sell,4000,3259.5,ZeroMinusTick,359e6d4b-c316-27a7-649a-8ba9809d4d18,752699,260
2018-12-14 08:00:24.603,181219003034742,18121408,XBTUSD,Buy,385,3260,PlusTick,ecb23f15-c099-3c5a-24bd-98ce7a1d3e6f,753084,261
2018-12-14 08:00:24.791,181219003034742,18121408,XBTUSD,Sell,1755,3259.5,MinusTick,13d65cb4-3144-a7ca-1cf0-3c747ac3edde,754839,262
2018-12-14 08:00:25.019,181219003034742,18121408,XBTUSD,Sell,37443,3259.5,ZeroMinusTick,e377cccd-0e9c-c74b-4db9-b678ec20650d,792282,263
2018-12-14 08:00:25.019,181219003034742,18121408,XBTUSD,Sell,50000,3259.5,ZeroMinusTick,409bea6a-8b18-a4ed-14d8-93f4fd045886,842282,264
2018-12-14 08:00:25.019,181219003034742,18121408,XBTUSD,Sell,18,3259.5,ZeroMinusTick,2e103ef9-2bbe-fb39-e133-8c848bf0213e,842300,265
2018-12-14 08:00:25.019,181219003034742,18121408,XBTUSD,Sell,250,3259,ZeroMinusTick,3ee13b66-ea58-af68-fd02-72997c35cf4a,842550,266
2018-12-14 08:00:25.019,181219003034742,18121408,XBTUSD,Sell,15000,3259,ZeroMinusTick,a18c9843-2331-4962-9013-12867f8ad354,857550,267
2018-12-14 08:00:25.019,181219003034742,18121408,XBTUSD,Sell,3000,3258.5,ZeroMinusTick,2ce776c0-a259-8775-1e8e-f090feb5bcb4,860550,268
2018-12-14 08:00:25.019,181219003034742,18121408,XBTUSD,Sell,5000,3258.5,ZeroMinusTick,a0d717b6-ad31-3415-490f-0c5975cae251,865550,269
2018-12-14 08:00:27.338,181219003034742,18121408,XBTUSD,Sell,1116,3258.5,ZeroMinusTick,e1819409-f429-3543-ecf7-2466450dad4a,866666,270
2018-12-14 08:00:27.681,181219003034742,18121408,XBTUSD,Sell,1116,3258.5,ZeroMinusTick,977cb0e0-e340-145f-287b-f3bd527e4dce,867782,271
2018-12-14 08:00:28.021,181219003034742,18121408,XBTUSD,Sell,1116,3258.5,ZeroMinusTick,9564adf9-953c-010b-30c8-41a0a3bfde50,868898,272
2018-12-14 08:00:28.058,181219003034742,18121408,XBTUSD,Sell,15608,3258.5,ZeroMinusTick,564edef0-c731-7b2f-b40d-5331ec8dd405,884506,273
2018-12-14 08:00:29.369,181219003034742,18121408,XBTUSD,Buy,356,3259,ZeroPlusTick,4452d065-308d-31fc-9855-87394776a216,884862,274
2018-12-14 08:00:31.994,181219003034742,18121408,XBTUSD,Sell,7,3258.5,ZeroMinusTick,bb716cce-76cc-59ba-1c48-f2f2e868602e,884869,275
2018-12-14 08:00:31.994,181219003034742,18121408,XBTUSD,Sell,25,3258,ZeroMinusTick,899c70ae-b56d-e1c9-8ef1-afbf816ea880,884894,276
2018-12-14 08:00:31.994,181219003034742,18121408,XBTUSD,Sell,244,3258,ZeroMinusTick,bf99ebcc-a850-d1c1-ba4e-5182478c8e70,885138,277
2018-12-14 08:00:32.106,181219003034742,18121408,XBTUSD,Sell,10,3257.5,MinusTick,5e9d75c8-fd07-eb15-49d8-779e018f2cfb,885148,278
2018-12-14 08:00:32.803,181219003034742,18121408,XBTUSD,Sell,16,3257.5,ZeroMinusTick,9809d128-119a-c95c-f2cd-7735f0b12612,885164,279
2018-12-14 08:00:33.491,181219003034742,18121408,XBTUSD,Sell,9,3257.5,ZeroMinusTick,4c13611d-ad08-16f8-5d09-9831725d4a63,885173,280
2018-12-14 08:00:33.491,181219003034742,18121408,XBTUSD,Sell,50,3257.5,ZeroMinusTick,a3ad9764-9912-c8bc-81d5-c6266b03b4b1,885223,281
2018-12-14 08:00:36.530,181219003034742,18121408,XBTUSD,Sell,493,3257.5,ZeroMinusTick,74410e0c-bd4e-9048-0a5b-ddc9c0449344,885716,282
2018-12-14 08:00:36.795,181219003034742,18121408,XBTUSD,Sell,493,3257.5,ZeroMinusTick,18c2e1da-8076-f283-4f3d-bab93ce3b817,886209,283
2018-12-14 08:00:36.944,181219003034742,18121408,XBTUSD,Buy,224,3258,PlusTick,16edbbb0-3a5f-4017-3edf-f2ec87d15f5c,886433,284
2018-12-14 08:00:37.062,181219003034742,18121408,XBTUSD,Sell,493,3257.5,MinusTick,873c3abd-1502-55b5-3075-9b9a92bfddff,886926,285
2018-12-14 08:00:40.128,181219003034742,18121408,XBTUSD,Buy,1643,3258,PlusTick,b6740e06-825b-13c9-ae44-352c82232a63,888569,286
2018-12-14 08:00:40.327,181219003034742,18121408,XBTUSD,Sell,501,3257.5,MinusTick,b736a41a-7b5b-1c87-7747-833950f8f292,889070,287
2018-12-14 08:00:40.775,181219003034742,18121408,XBTUSD,Sell,305,3257.5,ZeroMinusTick,31635026-03a2-0a31-2e8e-b7d2df2eb878,889375,288
2018-12-14 08:00:40.992,181219003034742,18121408,XBTUSD,Buy,20,3258,PlusTick,d7ea661f-d637-efc2-6037-bd75569d7b08,889395,289
2018-12-14 08:00:22.423,181219003034742,18121408,XBTUSD,Sell,4939,3259.5,ZeroMinusTick,21de2d33-9b71-a5be-721f-8b1ed41e8e22,894334,290
2018-12-14 08:00:22.754,181219003034742,18121408,XBTUSD,Buy,500,3260,ZeroPlusTick,73bd4223-56d8-27bc-e852-e22feb93d52d,894834,291
2018-12-14 08:00:23.228,181219003034742,18121408,XBTUSD,Sell,2000,3259.5,ZeroMinusTick,8a29ef8b-d9b8-0914-3825-a19645245663,896834,292
2018-12-14 08:00:23.375,181219003034742,18121408,XBTUSD,Sell,661,3259.5,ZeroMinusTick,9393223c-7e67-cb59-e8f3-2f26ecc4ee4b,897495,293
2018-12-14 08:00:24.327,181219003034742,18121408,XBTUSD,Sell,10,3259.5,ZeroMinusTick,5c859ab7-0206-cb4b-4191-d5adf62b1e47,897505,294
2018-12-14 08:00:25.019,181219003034742,18121408,XBTUSD,Sell,12375,3259.5,ZeroMinusTick,2734ec58-5e0a-5b91-b3ff-7c00c8dcdb44,909880,295
2018-12-14 08:00:25.019,181219003034742,18121408,XBTUSD,Sell,300,3259.5,ZeroMinusTick,cb96620b-cbcc-255b-daaa-99385f382b7a,910180,296
2018-12-14 08:00:25.019,181219003034742,18121408,XBTUSD,Sell,162,3259.5,ZeroMinusTick,e5bf48a7-d3d8-2068-a4a8-7d13cdc60289,910342,297
2018-12-14 08:00:25.019,181219003034742,18121408,XBTUSD,Sell,70,3259,ZeroMinusTick,1cb29e16-657c-ebab-7bae-25c09a4a2700,910412,298
2018-12-14 08:00:25.019,181219003034742,18121408,XBTUSD,Sell,162,3259,ZeroMinusTick,30de0727-65b7-7a56-962a-0e2e3f8586f4,910574,299
2018-12-14 08:00:25.019,181219003034742,18121408,XBTUSD,Sell,781,3258.5,ZeroMinusTick,b2f3a9e2-dbe4-8d1e-5ea9-b1573be0d598,911355,300
2018-12-14 08:00:29.293,181219003034742,18121408,XBTUSD,Sell,100,3258.5,ZeroMinusTick,444cc534-3d80-83c8-02d6-7f0bd88f3398,911455,301
2018-12-14 08:00:31.994,181219003034742,18121408,XBTUSD,Sell,60,3258.5,ZeroMinusTick,68fc7bad-9574-88c6-e371-a44ff5c8425a,911515,302
2018-12-14 08:00:31.994,181219003034742,18121408,XBTUSD,Sell,10,3258,ZeroMinusTick,04618113-136f-42bb-9502-12f912ab03b2,911525,303
2018-12-14 08:00:31.994,181219003034742,18121408,XBTUSD,Sell,60,3258,ZeroMinusTick,43066e50-cb5b-f65e-2833-4580b605dea1,911585,304
2018-12-14 08:00:32.304,181219003034742,18121408,XBTUSD,Buy,2620,3258,ZeroPlusTick,bbb31b64-a752-e871-8daf-a070c380e171,914205,305
2018-12-14 08:00:32.786,181219003034742,18121408,XBTUSD,Buy,224,3258,ZeroPlusTick,644e5d21-b5e7-664f-17fc-a803d350b22c,914429,306
2018-12-14 08:00:32.803,181219003034742,18121408,XBTUSD,Sell,57,3257.5,MinusTick,a02ad80c-b051-0c27-b5b2-2bcbff6ca99a,914486,307
2018-12-14 08:00:33.215,181219003034742,18121408,XBTUSD,Sell,10,3257.5,ZeroMinusTick,21c608fa-ae32-b85c-cba0-83145bcf094e,914496,308
2018-12-14 08:00:33.491,181219003034742,18121408,XBTUSD,Sell,207,3257.5,ZeroMinusTick,c3078e74-7ac2-6719-4124-ff9cba4febe2,914703,309
2018-12-14 08:00:34.866,181219003034742,18121408,XBTUSD,Buy,1642,3258,PlusTick,b74e46c8-d3db-ea98-8e79-f3c8c00ced71,916345,310
2018-12-14 08:00:35.526,181219003034742,18121408,XBTUSD,Sell,1033,3257.5,ZeroMinusTick,c986e592-104f-012b-053a-46864795f88a,917378,311
2018-12-14 08:00:50.284,181219003034742,18121408,XBTUSD,Sell,492,3257.5,ZeroMinusTick,a7e37f0e-4914-5fae-578b-24fdc25a2076,917870,312
2018-12-14 08:00:58.613,181219003034743,18121408,XBTUSD,Sell,4469,3257.5,ZeroMinusTick,576edb3f-d148-dc68-9e05-41e66009cf3b,922339,313
2018-12-14 08:00:58.613,181219003034743,18121408,XBTUSD,Sell,25,3257.5,ZeroMinusTick,a158ec13-d5c7-98fa-e7c8-945312291015,922364,314
2018-12-14 08:00:59.083,181219003034743,18121408,XBTUSD,Sell,9,3257.5,ZeroMinusTick,99be6c77-53a9-a1d6-49d0-66db513be8d5,922373,315
2018-12-14 08:01:10.424,181219003034743,18121408,XBTUSD,Buy,10000,3258,ZeroPlusTick,f50c20db-cf0c-96e6-3f9e-216f34b19ca6,932373,316
2018-12-14 08:01:10.424,181219003034743,18121408,XBTUSD,Buy,2072,3258,ZeroPlusTick,fd61116e-f1d0-e934-394c-a80133a1c14b,934445,317
2018-12-14 08:01:10.424,181219003034743,18121408,XBTUSD,Buy,8443,3258,ZeroPlusTick,9d8b336a-cdb9-8bcb-6844-ebe7880334c2,942888,318
2018-12-14 08:01:11.060,181219003034743,18121408,XBTUSD,Sell,78,3257.5,MinusTick,4583c499-79fc-338f-dd1f-a8c268a8afa7,942966,319
2018-12-14 08:01:13.083,181219003034743,18121408,XBTUSD,Sell,459,3257.5,MinusTick,c8c7098c-2c2d-62cc-9f5c-30431878fb01,943425,320
2018-12-14 08:01:14.174,181219003034743,18121408,XBTUSD,Sell,2531,3257.5,MinusTick,8da4e59d-4108-cd08-8287-2745e4e6f651,945956,321
2018-12-14 08:01:15.812,181219003034743,18121408,XBTUSD,Buy,5000,3258,ZeroPlusTick,56c01646-c9c2-b85d-a309-011870ca479d,950956,322
2018-12-14 08:01:15.812,181219003034743,18121408,XBTUSD,Buy,23,3258,ZeroPlusTick,a72487f6-b450-b23a-517a-13be7a75e7c6,950979,323
2018-12-14 08:01:15.812,181219003034743,18121408,XBTUSD,Buy,1000,3258,ZeroPlusTick,d09ab299-ae7d-b168-e504-4cd715483a49,951979,324
2018-12-14 08:01:15.812,181219003034743,18121408,XBTUSD,Buy,492,3258,ZeroPlusTick,7661c9e9-bbc6-f3f5-3457-8b14d5aec127,952471,325
2018-12-14 08:01:15.812,181219003034743,18121408,XBTUSD,Buy,28901,3258,ZeroPlusTick,6fed5f21-b58d-3f7b-c607-aa0fccb84052,981372,326
2018-12-14 08:01:16.907,181219003034743,18121408,XBTUSD,Buy,25,3258,ZeroPlusTick,f3b20542-49a3-9408-f62d-f2e9b9cd1819,981397,327
2018-12-14 08:01:17.411,181219003034743,18121408,XBTUSD,Sell,269,3258,ZeroPlusTick,e761aa0f-9af7-2239-0397-c897f14642e1,981666,328
2018-12-14 08:01:18.047,181219003034743,18121408,XBTUSD,Buy,162,3258.5,PlusTick,b72b19a1-e9e2-d755-d1aa-0f80a2c59326,981828,329
2018-12-14 08:01:30.583,181219003034743,18121408,XBTUSD,Buy,18,3258.5,ZeroPlusTick,4e8f2309-b62b-cac1-3c94-0121c1c6ba86,981846,330
2018-12-14 08:01:36.515,181219003034743,18121408,XBTUSD,Buy,1000,3258.5,ZeroPlusTick,afcdb254-2c5d-634a-3e5e-6262f78028a4,982846,331
2018-12-14 08:00:23.375,181219003034743,18121408,XBTUSD,Sell,144,3259.5,ZeroMinusTick,4039dc95-679a-4fa4-e979-f02838f92027,982990,332
2018-12-14 08:00:23.395,181219003034743,18121408,XBTUSD,Sell,260,3259.5,ZeroMinusTick,fb0b6adb-cba3-f6fc-bab4-ab9c1c83d500,983250,333
2018-12-14 08:00:24.327,181219003034743,18121408,XBTUSD,Sell,1000,3259.5,ZeroMinusTick,7937050a-4090-f509-3ca3-24eb5e9261b7,984250,334
2018-12-14 08:00:24.465,181219003034743,18121408,XBTUSD,Sell,1257,3259.5,ZeroMinusTick,f6a76852-d4e8-2252-61e8-6efe42647269,985507,335
2018-12-14 08:00:25.019,181219003034743,18121408,XBTUSD,Sell,3712,3259.5,ZeroMinusTick,3c00c2b8-2981-8546-e092-c6247949fe9c,989219,336
2018-12-14 08:00:25.019,181219003034743,18121408,XBTUSD,Sell,5000,3259.5,ZeroMinusTick,ae87966c-250d-715a-d45e-9ae5dc9d2eff,994219,337
2018-12-14 08:00:25.019,181219003034743,18121408,XBTUSD,Sell,27,3259.5,ZeroMinusTick,25aa38f4-b75c-34f9-eb31-1700e7f40386,994246,338
2018-12-14 08:00:25.019,181219003034743,18121408,XBTUSD,Sell,30,3259,ZeroMinusTick,154fefe5-2593-4527-482f-026dea9ef9eb,994276,339
2018-12-14 08:00:25.019,181219003034743,18121408,XBTUSD,Sell,36,3259,ZeroMinusTick,e0c6281d-6367-47af-8f97-91e4159358b2,994312,340
2018-12-14 08:00:25.019,181219003034743,18121408,XBTUSD,Sell,150,3258.5,ZeroMinusTick,035ef4ec-6b33-37c6-426d-39c2bf3e3129,994462,341
2018-12-14 08:00:31.994,181219003034743,18121408,XBTUSD,Sell,1722,3258.5,ZeroMinusTick,0bd7fc9a-9346-bb54-007b-20486283ecc4,996184,342
2018-12-14 08:00:31.994,181219003034743,18121408,XBTUSD,Sell,500,3258,MinusTick,a122d5dd-7b1a-6c09-f3f1-6f1a3515d84c,996684,343
2018-12-14 08:00:31.994,181219003034743,18121408,XBTUSD,Sell,15,3258,ZeroMinusTick,f4ed88e4-fa46-a798-7bcb-690dee4b2ee6,996699,344
2018-12-14 08:00:32.106,181219003034743,18121408,XBTUSD,Sell,393,3257.5,ZeroMinusTick,d06c60be-0d01-6687-f3ff-3a54396e2b78,997092,345
2018-12-14 08:00:32.803,181219003034743,18121408,XBTUSD,Sell,12,3257.5,ZeroMinusTick,f8790c6e-3012-076e-80f0-f34efe2cbc4f,997104,346
2018-12-14 08:00:33.159,181219003034743,18121408,XBTUSD,Sell,1290,3257.5,ZeroMinusTick,0b289e0a-0ba5-2d3e-6fa0-72d604aad437,998394,347
2018-12-14 08:00:33.491,181219003034743,18121408,XBTUSD,Sell,17,3257.5,ZeroMinusTick,3cb545e5-df31-bc0b-77c1-7111e20cf8bd,998411,348
2018-12-14 08:00:33.847,181219003034743,18121408,XBTUSD,Sell,1290,3257.5,ZeroMinusTick,29ff56cc-ce26-a779-75ba-c348384d9bcc,999701,349
2018-12-14 08:00:34.184,181219003034743,18121408,XBTUSD,Sell,1290,3257.5,ZeroMinusTick,2cbc45aa-23e4-590c-9e10-8e8009a435a1,1000991,350
2018-12-14 08:00:35.809,181219003034743,18121408,XBTUSD,Buy,1000,3258,PlusTick,4c3cf3bb-97b1-f5c9-bfd9-820f76763fee,1001991,351
2018-12-14 08:00:36.110,181219003034743,18121408,XBTUSD,Sell,1467,3257.5,MinusTick,28ccd974-49e6-9978-e224-abc8e0912ac2,1003458,352
2018-12-14 08:00:38.571,181219003034743,18121408,XBTUSD,Sell,680,3257.5,MinusTick,210942b5-9a1e-6580-a2ae-acdf07e7f9c5,1004138,353
2018-12-14 08:00:38.734,181219003034743,18121408,XBTUSD,Buy,2888,3258,PlusTick,02e183b1-f8f8-8ed9-4cdb-607f219419b9,1007026,354
2018-12-14 08:00:38.853,181219003034743,18121408,XBTUSD,Sell,50,3257.5,MinusTick,dd4916f9-9aab-d0f2-69d0-d223f1051b5a,1007076,355
2018-12-14 08:00:38.984,181219003034743,18121408,XBTUSD,Sell,501,3257.5,ZeroMinusTick,431290f7-dd47-7414-14e8-3b2ffc11bd9a,1007577,356
2018-12-14 08:00:41.465,181219003034743,18121408,XBTUSD,Sell,3000,3257.5,ZeroMinusTick,163f058c-dfc0-7a71-0351-067ae95779ac,1010577,357
2018-12-14 08:00:43.159,181219003034743,18121408,XBTUSD,Sell,280,3257.5,ZeroMinusTick,55192dba-a763-b1dc-25d5-9e7deed44ce2,1010857,358
2018-12-14 08:00:58.613,181219003034743,18121408,XBTUSD,Sell,9,3257.5,ZeroMinusTick,1a41ef05-e974-4125-b150-02db6cbdd508,1010866,359
2018-12-14 08:00:58.613,181219003034743,18121408,XBTUSD,Sell,117,3257.5,ZeroMinusTick,f32319b6-1fe6-3af8-8f6d-82d6e49558a7,1010983,360
2018-12-14 08:00:59.083,181219003034743,18121408,XBTUSD,Sell,12,3257.5,ZeroMinusTick,fb98d25a-6996-9591-d4e0-58b98f6337d7,1010995,361
2018-12-14 08:00:59.885,181219003034743,18121408,XBTUSD,Sell,1000,3257.5,ZeroMinusTick,4999286a-0d0b-ba63-2a2c-2cc3294c4d05,1011995,362
2018-12-14 08:01:04.289,181219003034743,18121408,XBTUSD,Sell,100,3257.5,MinusTick,49ceed35-e89b-d7c4-2861-9aca52773328,1012095,363
2018-12-14 08:01:10.424,181219003034743,18121408,XBTUSD,Buy,6731,3258,PlusTick,1cb17a7f-5e1f-0d27-05b2-3e9c2d08750b,1018826,364
2018-12-14 08:01:10.424,181219003034743,18121408,XBTUSD,Buy,5000,3258,ZeroPlusTick,c4707558-b60f-a01f-d9cb-862a200ecde2,1023826,365
2018-12-14 08:01:10.424,181219003034743,18121408,XBTUSD,Buy,23470,3258,ZeroPlusTick,2c1de9ac-eb4e-635c-73f3-25f69c9b4af9,1047296,366
2018-12-14 08:01:13.472,181219003034743,18121408,XBTUSD,Buy,20000,3258,PlusTick,8e98c04c-1396-f593-d641-c8aa18407edf,1067296,367
2018-12-14 08:01:15.812,181219003034743,18121408,XBTUSD,Buy,493,3258,ZeroPlusTick,c42a941a-371f-37a5-efd6-8dc2428d0779,1067789,368
2018-12-14 08:01:15.812,181219003034743,18121408,XBTUSD,Buy,653,3258,ZeroPlusTick,559a7871-7287-8884-03aa-ca1b23189d50,1068442,369
2018-12-14 08:01:15.812,181219003034743,18121408,XBTUSD,Buy,30,3258,ZeroPlusTick,12c2e12d-6fc9-5af1-fd81-cbb76304681a,1068472,370
2018-12-14 08:01:15.812,181219003034743,18121408,XBTUSD,Buy,51,3258,ZeroPlusTick,22ef1252-1029-0de2-ae76-a035a7b5247e,1068523,371
2018-12-14 08:01:15.812,181219003034743,18121408,XBTUSD,Buy,562,3258,ZeroPlusTick,97a7d270-f9ae-489e-d7f1-2cab3e8d554e,1069085,372
2018-12-14 08:01:27.917,181219003034743,18121408,XBTUSD,Sell,30,3258,MinusTick,f6fa2c17-1bc4-617d-5def-db09ec708d81,1069115,373
2018-12-14 08:01:35.244,181219003034743,18121408,XBTUSD,Buy,23,3258.5,ZeroPlusTick,b9a98837-6eb7-3dae-fd94-58e671ef615c,1069138,374
2018-12-14 08:00:25.651,181219003034743,18121408,XBTUSD,Buy,3713,3259,PlusTick,bc8ac4c0-e6f8-e171-fad1-06b27c3eb3a4,1072851,375
2018-12-14 08:00:25.669,181219003034743,18121408,XBTUSD,Sell,1755,3258.5,MinusTick,60b9931b-2543-bd38-7a4c-13a59154cc84,1074606,376
2018-12-14 08:00:25.704,181219003034743,18121408,XBTUSD,Sell,1565,3258.5,ZeroMinusTick,32a03bd1-75fd-b169-8f5e-a05f4dec3f74,1076171,377
2018-12-14 08:00:25.914,181219003034743,18121408,XBTUSD,Sell,514,3258.5,ZeroMinusTick,f91376de-648b-d004-bcec-ce760889359d,1076685,378
2018-12-14 08:00:29.330,181219003034743,18121408,XBTUSD,Sell,156,3258.5,ZeroMinusTick,cb11ec4c-973f-ccce-132e-10bd67a93700,1076841,379
2018-12-14 08:00:31.994,181219003034743,18121408,XBTUSD,Sell,23,3258.5,ZeroMinusTick,d9996e2a-1876-fe4a-c1a1-1dbabf7232d0,1076864,380
2018-12-14 08:00:31.994,181219003034743,18121408,XBTUSD,Sell,30,3258,ZeroMinusTick,243369bd-8c04-553b-ccc1-b690ff581edc,1076894,381
2018-12-14 08:00:31.994,181219003034743,18121408,XBTUSD,Sell,162,3258,ZeroMinusTick,384d851e-a98c-6ca9-0540-834e32864d43,1077056,382
2018-12-14 08:00:32.803,181219003034743,18121408,XBTUSD,Sell,22,3257.5,ZeroMinusTick,27057d3f-df5c-2ae5-1a01-0ac2a28d5fb7,1077078,383
2018-12-14 08:00:33.491,181219003034743,18121408,XBTUSD,Sell,77,3257.5,ZeroMinusTick,ba3b83f2-fd92-ce55-772d-4b9a8fe72aa9,1077155,384
2018-12-14 08:00:33.491,181219003034743,18121408,XBTUSD,Sell,9,3257.5,ZeroMinusTick,58b32dd0-632e-12e8-32c2-d0c45d68393c,1077164,385
2018-12-14 08:00:36.110,181219003034743,18121408,XBTUSD,Sell,94,3257.5,ZeroMinusTick,ccfb544a-fb8b-5c2a-98a5-aa49f2759fee,1077258,386
2018-12-14 08:00:41.793,181219003034743,18121408,XBTUSD,Buy,38,3258,ZeroPlusTick,b99e4e42-aa6f-966c-b88c-ed0e2b6876ac,1077296,387
2018-12-14 08:00:47.561,181219003034743,18121408,XBTUSD,Buy,172,3258,ZeroPlusTick,0b8bc74d-c387-9554-20e5-fdac497f7b73,1077468,388
2018-12-14 08:00:47.648,181219003034743,18121408,XBTUSD,Buy,617,3258,ZeroPlusTick,a8e0275c-a042-9d1e-b4cf-61128c320e2b,1078085,389
2018-12-14 08:00:47.839,181219003034743,18121408,XBTUSD,Buy,1637,3258,ZeroPlusTick,29d7c21b-6d88-f0c9-28ab-18e3f891c116,1079722,390
2018-12-14 08:00:48.261,181219003034743,18121408,XBTUSD,Sell,51,3257.5,MinusTick,923a699f-257d-a1b1-a649-f5c43f8ab0fc,1079773,391
2018-12-14 08:00:48.616,181219003034743,18121408,XBTUSD,Sell,51,3257.5,ZeroMinusTick,962e10cb-43c8-e7bb-bbf3-4b747083c24c,1079824,392
2018-12-14 08:00:48.950,181219003034743,18121408,XBTUSD,Sell,51,3257.5,ZeroMinusTick,bfb5ecea-2e0d-8aa2-4be4-1fcf0edd67bf,1079875,393
2018-12-14 08:00:58.613,181219003034743,18121408,XBTUSD,Sell,15,3257.5,ZeroMinusTick,e9cfe8ea-d6e2-23de-fa9f-dd506d98f4f7,1079890,394
2018-12-14 08:00:58.613,181219003034743,18121408,XBTUSD,Sell,234,3257.5,ZeroMinusTick,574d199c-5b1e-a774-ae73-8d20b6c2a3eb,1080124,395
2018-12-14 08:00:59.083,181219003034743,18121408,XBTUSD,Sell,15,3257.5,ZeroMinusTick,8535072f-703b-02ae-b341-5999438aa957,1080139,396
2018-12-14 08:01:10.424,181219003034743,18121408,XBTUSD,Buy,5000,3258,ZeroPlusTick,9aec0b2b-8b24-9567-6cae-6564c913db37,1085139,397
2018-12-14 08:01:10.424,181219003034743,18121408,XBTUSD,Buy,5000,3258,ZeroPlusTick,3e9f24c3-e6dc-c75c-9c17-b36b6c45c110,1090139,398
2018-12-14 08:01:15.146,181219003034743,18121408,XBTUSD,Buy,100,3258,PlusTick,34d884b0-58f5-5b34-e1f6-e60cb2efdfc7,1090239,399
2018-12-14 08:01:15.285,181219003034743,18121408,XBTUSD,Sell,459,3257.5,MinusTick,9e342f59-14b7-3a2e-b3bc-19c8381c543c,1090698,400
2018-12-14 08:01:15.354,181219003034743,18121408,XBTUSD,Sell,2531,3257.5,ZeroMinusTick,dddd8d68-a6e2-efba-cf74-0157f058dca8,1093229,401
2018-12-14 08:01:15.812,181219003034743,18121408,XBTUSD,Buy,2686,3258,PlusTick,475bec52-6000-86e6-1277-bc1bba2126a2,1095915,402
2018-12-14 08:01:15.812,181219003034744,18121408,XBTUSD,Buy,15,3258,ZeroPlusTick,25aa969d-888f-5b73-3b39-38d9dc2b0ad9,1095930,403
2018-12-14 08:01:15.812,181219003034744,18121408,XBTUSD,Buy,60,3258,ZeroPlusTick,6440c1b8-e4b0-d873-efb0-d06b45d5a979,1095990,404
2018-12-14 08:01:15.812,181219003034744,18121408,XBTUSD,Buy,2000,3258,ZeroPlusTick,acf8008b-e8c0-ae7b-ccfc-c7e8bbfc63af,1097990,405
2018-12-14 08:01:15.812,181219003034744,18121408,XBTUSD,Buy,50,3258,ZeroPlusTick,d0ad4d6e-a249-050d-5d7e-466549ff0ef1,1098040,406
2018-12-14 08:01:18.047,181219003034744,18121408,XBTUSD,Buy,10,3258.5,ZeroPlusTick,8a3d88ca-682d-8aa7-67b1-d9c9a8a68338,1098050,407
2018-12-14 08:01:18.250,181219003034744,18121408,XBTUSD,Buy,500,3258.5,PlusTick,eaf99394-c71c-bfc5-d4ac-26df27022256,1098550,408
2018-12-14 08:01:24.654,181219003034744,18121408,XBTUSD,Buy,3,3258.5,ZeroPlusTick,744408b3-5039-e34c-cddb-199ecdcda013,1098553,409
2018-12-14 08:01:35.244,181219003034744,18121408,XBTUSD,Buy,10,3258.5,ZeroPlusTick,3be2b9f5-3316-fd0c-1320-622e093e862d,1098563,410
2018-12-14 08:01:36.515,181219003034744,18121408,XBTUSD,Buy,1000,3258.5,ZeroPlusTick,872a2e5e-dd4c-76ac-be7e-86517ca43f31,1099563,411
2018-12-14 08:01:52.826,181219003034744,18121408,XBTUSD,Buy,200,3258.5,ZeroPlusTick,73716bb9-4dea-aa3d-3865-5253da316b6f,1099763,412
2018-12-14 08:01:57.785,181219003034744,18121408,XBTUSD,Buy,100,3258.5,ZeroPlusTick,f587dd28-b5b0-e212-e7db-bff5b812fd45,1099863,413
2018-12-14 08:01:57.785,181219003034744,18121408,XBTUSD,Buy,1116,3259,ZeroPlusTick,ca1e3a6c-621f-f38e-15a3-b88e2ebd1b5a,1100979,414
2018-12-14 08:01:57.785,181219003034744,18121408,XBTUSD,Buy,162,3259,ZeroPlusTick,24781a70-946e-3ab4-3f27-06cb0f9c200b,1101141,415
2018-12-14 08:01:57.785,181219003034744,18121408,XBTUSD,Buy,81,3259,ZeroPlusTick,d0a9745d-22f7-d6a7-43b5-7d6bd03af2c4,1101222,416
2018-12-14 08:01:57.785,181219003034744,18121408,XBTUSD,Buy,1000,3259.5,ZeroPlusTick,759a70ac-e681-6126-4ca6-0faf6de3cd52,1102222,417
2018-12-14 08:01:57.785,181219003034744,18121408,XBTUSD,Buy,20,3260,ZeroPlusTick,e3c53aa7-7524-36a7-ea98-7b5323cfc6cb,1102242,418
2018-12-14 08:00:31.994,181219003034744,18121408,XBTUSD,Sell,70,3258,ZeroMinusTick,5562bb3f-8c27-1eb8-c2be-41887cb385da,1102312,419
2018-12-14 08:00:31.994,181219003034744,18121408,XBTUSD,Sell,1321,3258,ZeroMinusTick,ed9a698c-a139-6002-dd32-9548e4627496,1103633,420
2018-12-14 08:00:32.803,181219003034744,18121408,XBTUSD,Sell,1119,3257.5,ZeroMinusTick,ed8e6c13-f69e-bd1e-2118-7af6f9bb60c9,1104752,421
2018-12-14 08:00:33.491,181219003034744,18121408,XBTUSD,Sell,16,3257.5,ZeroMinusTick,50e55f24-23bb-37a8-eb4b-1303d62eaf51,1104768,422
2018-12-14 08:00:33.491,181219003034744,18121408,XBTUSD,Sell,13,3257.5,ZeroMinusTick,15d0f29a-75da-432d-b67b-e397e0a8a315,1104781,423
2018-12-14 08:00:36.110,181219003034744,18121408,XBTUSD,Sell,162,3257.5,ZeroMinusTick,51fd8d25-bd85-9e13-a3be-fd00ab49d6c2,1104943,424
2018-12-14 08:00:41.880,181219003034744,18121408,XBTUSD,Sell,494,3257.5,MinusTick,31c4dea6-efea-d177-92fa-da12267a019f,1105437,425
2018-12-14 08:00:50.017,181219003034744,18121408,XBTUSD,Sell,22,3257.5,ZeroMinusTick,6df41af8-1571-f99c-b257-15feaf32295f,1105459,426
2018-12-14 08:00:58.613,181219003034744,18121408,XBTUSD,Sell,14,3257.5,ZeroMinusTick,009cb120-dde9-7884-e8ad-a9e7bb080a5f,1105473,427
2018-12-14 08:00:58.613,181219003034744,18121408,XBTUSD,Sell,469,3257.5,ZeroMinusTick,a5bc3768-0a47-7b33-f022-3d88839e0f4e,1105942,428
2018-12-14 08:00:59.083,181219003034744,18121408,XBTUSD,Sell,8,3257.5,ZeroMinusTick,1cd30285-31d0-9013-4baf-18519e82e1cd,1105950,429
2018-12-14 08:00:59.083,181219003034744,18121408,XBTUSD,Sell,95,3257.5,ZeroMinusTick,10f3bdb3-828d-c214-6207-f6087e419c18,1106045,430
2018-12-14 08:01:00.784,181219003034744,18121408,XBTUSD,Sell,1449,3257.5,ZeroMinusTick,229a2636-a989-7ce4-2565-67955fdf22b8,1107494,431
2018-12-14 08:01:00.820,181219003034744,18121408,XBTUSD,Buy,10000,3258,PlusTick,c1209a68-8217-6003-9fed-629d24c219af,1117494,432
2018-12-14 08:01:10.424,181219003034744,18121408,XBTUSD,Buy,8000,3258,ZeroPlusTick,b6c3ac54-8b1d-88d8-3173-8b7f6d6d28fa,1125494,433
2018-12-14 08:01:10.424,181219003034744,18121408,XBTUSD,Buy,5000,3258,ZeroPlusTick,df6618a3-f64b-938f-211d-4bef2d35c0a6,1130494,434
2018-12-14 08:01:15.812,181219003034744,18121408,XBTUSD,Buy,30,3258,ZeroPlusTick,db05a1aa-d3ed-12db-8b05-a25ac2fe06c8,1130524,435
2018-12-14 08:01:15.812,181219003034744,18121408,XBTUSD,Buy,70,3258,ZeroPlusTick,6338672f-b9f0-0082-4cdf-bd6cddd1da32,1130594,436
2018-12-14 08:01:15.812,181219003034744,18121408,XBTUSD,Buy,494,3258,ZeroPlusTick,bb3164a5-c1e1-c05f-f85f-0ca3810befd5,1131088,437
2018-12-14 08:01:15.812,181219003034744,18121408,XBTUSD,Buy,492,3258,ZeroPlusTick,f4d9309e-49dc-cde8-ac08-502541fa23d1,1131580,438
2018-12-14 08:01:16.907,181219003034744,18121408,XBTUSD,Buy,27,3258,ZeroPlusTick,9a7a2465-d7ad-0e47-dc3e-cc3d7ffcc140,1131607,439
2018-12-14 08:01:23.915,181219003034744,18121408,XBTUSD,Buy,480,3258.5,ZeroPlusTick,ca25df0e-f71c-bde8-91a1-e8cd442b7177,1132087,440
2018-12-14 08:01:35.244,181219003034744,18121408,XBTUSD,Buy,162,3258.5,ZeroPlusTick,10c8f67f-6b12-5d23-633a-5419ff5567b7,1132249,441
2018-12-14 08:01:36.515,181219003034744,18121408,XBTUSD,Buy,1000,3258.5,ZeroPlusTick,12f1e70b-0b65-592e-a6d7-3819a0e31df2,1133249,442
2018-12-14 08:01:46.632,181219003034744,18121408,XBTUSD,Buy,4167,3258.5,ZeroPlusTick,06bd952c-55e3-e063-7a7c-06109080cd2a,1137416,443
2018-12-14 08:01:52.826,181219003034744,18121408,XBTUSD,Buy,1000,3258.5,ZeroPlusTick,ed4be311-c195-f544-2aa7-942241e29a95,1138416,444
2018-12-14 08:01:54.759,181219003034744,18121408,XBTUSD,Buy,2,3258.5,ZeroPlusTick,1a67755f-f85a-4d47-d159-6ec44c505699,1138418,445
2018-12-14 08:01:57.785,181219003034744,18121408,XBTUSD,Buy,3261,3258.5,ZeroPlusTick,f51fd04b-e227-8a28-674b-5e6b24c56c00,1141679,446
2018-12-14 08:01:57.785,181219003034744,18121408,XBTUSD,Buy,1116,3259,ZeroPlusTick,e6a374fb-8542-adb7-9454-cd3385f8b2f6,1142795,447
2018-12-14 08:01:57.785,181219003034744,18121408,XBTUSD,Buy,50,3259,ZeroPlusTick,e2d68321-8102-90ed-5549-f7824029512d,1142845,448
2018-12-14 08:01:57.785,181219003034744,18121408,XBTUSD,Buy,26,3259,ZeroPlusTick,aeea39f3-e6f7-8f27-549c-db3256162422,1142871,449
2018-12-14 08:01:57.785,181219003034744,18121408,XBTUSD,Buy,50,3259.5,ZeroPlusTick,32411c14-b92f-793c-b891-f9e89be63dc0,1142921,450
2018-12-14 08:01:57.785,181219003034744,18121408,XBTUSD,Buy,196,3260,ZeroPlusTick,79520344-b7ef-b3c1-d609-c848b7d84cc7,1143117,451
2018-12-14 08:01:57.785,181219003034744,18121408,XBTUSD,Buy,14542,3260,ZeroPlusTick,dcce53a3-59cf-27f9-a05a-207df34aacde,1157659,452
2018-12-14 08:01:57.785,181219003034744,18121408,XBTUSD,Buy,150,3260,ZeroPlusTick,16288efc-4995-feb1-d2a7-a56fa00615ff,1157809,453
2018-12-14 08:01:57.785,181219003034744,18121408,XBTUSD,Buy,500,3260,ZeroPlusTick,b3c06501-806b-40a0-edcc-09bb96f51621,1158309,454
2018-12-14 08:02:01.790,181219003034744,18121408,XBTUSD,Buy,80,3260,ZeroPlusTick,de3775b9-b241-b760-f842-ad038bcf8408,1158389,455
2018-12-14 08:02:03.697,181219003034744,18121408,XBTUSD,Buy,45,3260,ZeroPlusTick,c3794046-2e6f-32fc-d173-22b8d9753534,1158434,456
2018-12-14 08:02:08.783,181219003034744,18121408,XBTUSD,Buy,20,3260,ZeroPlusTick,6cb176d4-29fe-5af9-8ad3-c35dee1ca4b1,1158454,457
2018-12-14 08:02:09.227,181219003034744,18121408,XBTUSD,Buy,200,3260,ZeroPlusTick,67aae8ab-d890-3291-4d82-7b0ed8ed5b72,1158654,458
2018-12-14 08:00:36.110,181219003034744,18121408,XBTUSD,Sell,204,3257.5,ZeroMinusTick,21e06cb4-6038-d32d-8f1b-52e12cc67ba4,1158858,459
2018-12-14 08:00:39.338,181219003034744,18121408,XBTUSD,Sell,52,3257.5,ZeroMinusTick,1f2050d5-17c8-5ae1-02da-3e8694e38d6e,1158910,460
2018-12-14 08:00:39.668,181219003034744,18121408,XBTUSD,Sell,501,3257.5,ZeroMinusTick,0d47d3d3-9bf5-51cc-f335-b6d46591e711,1159411,461
2018-12-14 08:00:39.682,181219003034744,18121408,XBTUSD,Sell,447,3257.5,ZeroMinusTick,21455acc-e2c6-adbf-9c05-3b61609f537d,1159858,462
2018-12-14 08:00:42.163,181219003034744,18121408,XBTUSD,Sell,494,3257.5,ZeroMinusTick,f7ef6fd0-19c0-df74-b81f-0bd5436e70d3,1160352,463
2018-12-14 08:00:42.437,181219003034744,18121408,XBTUSD,Sell,226,3257.5,ZeroMinusTick,2ea53478-e945-b4d6-2ebc-a29393758f26,1160578,464
2018-12-14 08:00:42.717,181219003034744,18121408,XBTUSD,Sell,494,3257.5,ZeroMinusTick,cfed6bc8-92ec-457b-f01a-5bd0fa4bdcea,1161072,465
2018-12-14 08:00:44.912,181219003034744,18121408,XBTUSD,Buy,1673,3258,PlusTick,4b30c11f-b199-9e13-937a-b8fd26aa889b,1162745,466
2018-12-14 08:00:49.466,181219003034744,18121408,XBTUSD,Sell,492,3257.5,ZeroMinusTick,3f1aeb61-9390-08cf-2567-84a14581edf3,1163237,467
2018-12-14 08:00:49.740,181219003034744,18121408,XBTUSD,Sell,492,3257.5,ZeroMinusTick,bef94002-ae03-b224-f8fe-472e827ed2ff,1163729,468
2018-12-14 08:00:50.017,181219003034744,18121408,XBTUSD,Sell,295,3257.5,ZeroMinusTick,2e670f95-4d09-1797-6712-843cbeec5f67,1164024,469
2018-12-14 08:00:54.078,181219003034744,18121408,XBTUSD,Sell,100,3257.5,ZeroMinusTick,b63771ce-ab2f-d268-bdb6-969227d6a7ba,1164124,470
2018-12-14 08:00:58.613,181219003034744,18121408,XBTUSD,Sell,9,3257.5,ZeroMinusTick,340cc81d-a60a-a5ec-3abb-79f00c611e37,1164133,471
2018-12-14 08:00:58.613,181219003034744,18121408,XBTUSD,Sell,1323,3257.5,ZeroMinusTick,886401c1-09c6-71e5-6c74-3818242066f0,1165456,472
2018-12-14 08:00:58.976,181219003034744,18121408,XBTUSD,Sell,1787,3257.5,ZeroMinusTick,594187da-ddfc-bad8-0285-8fff1362e8bb,1167243,473
2018-12-14 08:00:59.083,181219003034744,18121408,XBTUSD,Sell,1217,3257.5,ZeroMinusTick,d5ee1cb3-18fc-a97e-1899-5a68bdac5db4,1168460,474
2018-12-14 08:00:59.083,181219003034744,18121408,XBTUSD,Sell,9,3257.5,ZeroMinusTick,0825f781-add0-1a40-3b8e-fa33c0cdb315,1168469,475
2018-12-14 08:01:10.424,181219003034744,18121408,XBTUSD,Buy,5000,3258,ZeroPlusTick,8d2212a6-9a89-bab2-9d25-f84bdbd48a0d,1173469,476
2018-12-14 08:01:10.424,181219003034744,18121408,XBTUSD,Buy,5000,3258,ZeroPlusTick,8d979804-1519-8999-30be-c80be395a4ab,1178469,477
2018-12-14 08:01:15.812,181219003034744,18121408,XBTUSD,Buy,162,3258,ZeroPlusTick,a5e5a97f-2919-09c5-e351-b428d9affa60,1178631,478
2018-12-14 08:01:15.812,181219003034744,18121408,XBTUSD,Buy,493,3258,ZeroPlusTick,b833f7ef-c499-82cc-74b3-af887bf624f3,1179124,479
2018-12-14 08:01:15.812,181219003034744,18121408,XBTUSD,Buy,71,3258,ZeroPlusTick,e8453d22-4c5c-5484-f3b2-c4994977099c,1179195,480
2018-12-14 08:01:15.812,181219003034744,18121408,XBTUSD,Buy,5000,3258,ZeroPlusTick,83f8c0e9-f4aa-2cf6-8168-e73b441d9d0c,1184195,481
2018-12-14 08:01:18.047,181219003034744,18121408,XBTUSD,Buy,278,3258.5,ZeroPlusTick,6aa39da1-1f0f-e6bb-9260-80ccc71d7e4a,1184473,482
2018-12-14 08:01:36.515,181219003034744,18121408,XBTUSD,Buy,195,3258.5,ZeroPlusTick,7eb03d5f-9bdf-5da6-e972-dec13adce6c1,1184668,483
2018-12-14 08:01:45.131,181219003034744,18121408,XBTUSD,Buy,22,3258.5,ZeroPlusTick,946fdd01-be86-7581-052e-0aea92e420e7,1184690,484
2018-12-14 08:01:48.928,181219003034744,18121408,XBTUSD,Buy,5000,3258.5,ZeroPlusTick,6c7d8d10-c3fb-6f68-6221-dd4ec67f8ee3,1189690,485
2018-12-14 08:01:52.826,181219003034744,18121408,XBTUSD,Buy,1000,3258.5,ZeroPlusTick,360bde6d-e64f-9e22-f4de-c850317a8fb5,1190690,486
2018-12-14 08:01:57.785,181219003034744,18121408,XBTUSD,Buy,50,3258.5,ZeroPlusTick,8863eaed-035c-1b84-46ae-48e525b30dd5,1190740,487
2018-12-14 08:01:57.785,181219003034744,18121408,XBTUSD,Buy,4170,3259,ZeroPlusTick,c7485ca2-f250-9d7a-9d8b-fbf54ba51d59,1194910,488
2018-12-14 08:01:57.785,181219003034744,18121408,XBTUSD,Buy,9,3259,ZeroPlusTick,7406df1e-55f9-89a0-552a-9bf90bbd21eb,1194919,489
2018-12-14 08:01:57.785,181219003034744,18121408,XBTUSD,Buy,34,3259,ZeroPlusTick,f70d0fc3-d0ee-66eb-d584-de5a2702d8a9,1194953,490
2018-12-14 08:01:57.785,181219003034744,18121408,XBTUSD,Buy,500,3259.5,ZeroPlusTick,79ffc769-da2c-9fd5-4be6-e249c18533e6,1195453,491
2018-12-14 08:01:57.785,181219003034745,18121408,XBTUSD,Buy,933,3260,ZeroPlusTick,5780c883-affd-f908-ef43-78085dda48fe,1196386,492
2018-12-14 08:01:57.785,181219003034745,18121408,XBTUSD,Buy,713,3260,ZeroPlusTick,c2562a8b-db2d-062a-444e-f7ead8190367,1197099,493
2018-12-14 08:01:57.785,181219003034745,18121408,XBTUSD,Buy,150,3260,ZeroPlusTick,5174d20c-0498-74e1-32b9-cfbf60b5149b,1197249,494
2018-12-14 08:01:57.785,181219003034745,18121408,XBTUSD,Buy,3000,3260,ZeroPlusTick,cd30bf54-cc88-6f95-2795-55eac26b2841,1200249,495
2018-12-14 08:02:03.697,181219003034745,18121408,XBTUSD,Buy,2000,3260,ZeroPlusTick,4a95693b-a8e5-0db0-80dd-d8a61377e751,1202249,496
2018-12-14 08:02:06.810,181219003034745,18121408,XBTUSD,Buy,40,3260,ZeroPlusTick,01f11390-fdd4-32e7-41ff-c744cfc40aa8,1202289,497
2018-12-14 08:02:14.229,181219003034745,18121408,XBTUSD,Buy,45,3260,ZeroPlusTick,74e54f13-dd9b-83c3-1562-9feb5f8f8082,1202334,498
2018-12-14 08:00:41.608,181219003034745,18121408,XBTUSD,Sell,426,3257.5,MinusTick,58076a06-a47c-1ba8-44cd-b1267bdf6dcd,1202760,499
2018-12-14 08:00:58.613,181219003034745,18121408,XBTUSD,Sell,12,3257.5,ZeroMinusTick,2ccff502-67e0-9525-1683-c83b82383b1a,1202772,500
2018-12-14 08:00:59.083,181219003034745,18121408,XBTUSD,Sell,22,3257.5,ZeroMinusTick,85e8ebb7-da17-0d18-fd4f-15959d332e03,1202794,501
2018-12-14 08:01:05.774,181219003034745,18121408,XBTUSD,Buy,3269,3258,ZeroPlusTick,467f76d0-12f5-cd66-94a4-adef8f29f2d7,1206063,502
2018-12-14 08:01:10.424,181219003034745,18121408,XBTUSD,Buy,5000,3258,ZeroPlusTick,0f7b1b60-059d-01d3-5c91-9f51e0bf3e61,1211063,503
2018-12-14 08:01:10.424,181219003034745,18121408,XBTUSD,Buy,400,3258,ZeroPlusTick,44d22c1f-214f-54c7-10fa-0913bb9a224f,1211463,504
2018-12-14 08:01:14.274,181219003034745,18121408,XBTUSD,Sell,300,3257.5,ZeroMinusTick,6fa4b7a4-07bf-62ef-59c9-1cac477685de,1211763,505
2018-12-14 08:01:15.812,181219003034745,18121408,XBTUSD,Buy,100,3258,ZeroPlusTick,a86b9e01-4cbb-14ce-516d-1dc7c182246f,1211863,506
2018-12-14 08:01:15.812,181219003034745,18121408,XBTUSD,Buy,53,3258,ZeroPlusTick,a24b1270-41f5-db44-157f-0badecb75a50,1211916,507
2018-12-14 08:01:15.812,181219003034745,18121408,XBTUSD,Buy,501,3258,ZeroPlusTick,a49456bc-744c-2bae-13c5-e009efdc206f,1212417,508
2018-12-14 08:01:15.812,181219003034745,18121408,XBTUSD,Buy,51,3258,ZeroPlusTick,c88e041b-6480-cc9b-779e-e9b573327304,1212468,509
2018-12-14 08:01:15.812,181219003034745,18121408,XBTUSD,Buy,11,3258,ZeroPlusTick,cc596c51-8bfe-7c51-19a6-ca59b903d1a1,1212479,510
2018-12-14 08:01:16.907,181219003034745,18121408,XBTUSD,Buy,29,3258,ZeroPlusTick,6fecd04e-3075-7861-f0ff-ada62fbbf0e3,1212508,511
2018-12-14 08:01:17.411,181219003034745,18121408,XBTUSD,Sell,731,3258,ZeroPlusTick,f35caf10-0f8f-ef79-37e8-707c7ac2b84e,1213239,512
2018-12-14 08:01:18.047,181219003034745,18121408,XBTUSD,Buy,50,3258.5,ZeroPlusTick,3935984f-9665-3945-7ed1-47a146072b3d,1213289,513
2018-12-14 08:01:18.239,181219003034745,18121408,XBTUSD,Sell,1800,3258,MinusTick,8b510c6e-0f97-84f5-1565-37310d7e0eaa,1215089,514
2018-12-14 08:01:21.161,181219003034745,18121408,XBTUSD,Buy,150,3258.5,PlusTick,2243ae49-5b6f-4f7b-e0c0-f72c95a4dea6,1215239,515
2018-12-14 08:01:29.393,181219003034745,18121408,XBTUSD,Sell,1000,3258,ZeroMinusTick,87f57d66-f2ca-c48a-0fdb-34646dc69ba7,1216239,516
2018-12-14 08:01:29.484,181219003034745,18121408,XBTUSD,Buy,217,3258.5,PlusTick,2b869dd0-b4d5-caf9-1925-878982a847e5,1216456,517
2018-12-14 08:01:29.552,181219003034745,18121408,XBTUSD,Buy,476,3258.5,ZeroPlusTick,a7dedf2e-0566-581f-b77c-8975351fdf56,1216932,518
2018-12-14 08:01:29.612,181219003034745,18121408,XBTUSD,Sell,833,3258,MinusTick,eb81a56c-dff3-519a-5e53-82185b045f84,1217765,519
2018-12-14 08:01:29.935,181219003034745,18121408,XBTUSD,Sell,1500,3258,ZeroMinusTick,af4f8bd5-d2f0-b503-82c3-b3cdc4e68210,1219265,520
2018-12-14 08:01:30.018,181219003034745,18121408,XBTUSD,Buy,300,3258.5,PlusTick,f6253d39-9e2b-a9ec-cddf-9a410a0aaa0d,1219565,521
2018-12-14 08:01:41.235,181219003034745,18121408,XBTUSD,Buy,8,3258.5,PlusTick,50f964be-edf4-9e59-899c-340d15a4e2dc,1219573,522
2018-12-14 08:01:48.035,181219003034745,18121408,XBTUSD,Buy,153,3258.5,ZeroPlusTick,7ccbae0c-d6c1-0926-c34e-d8b02d240c1e,1219726,523
2018-12-14 08:01:52.826,181219003034745,18121408,XBTUSD,Buy,2000,3258.5,ZeroPlusTick,68498e7a-518a-b835-7973-9acdcd517712,1221726,524
2018-12-14 08:01:57.785,181219003034745,18121408,XBTUSD,Buy,11707,3258.5,ZeroPlusTick,07816555-a450-c9e5-b02e-9c7f26cd9b98,1233433,525
2018-12-14 08:01:57.785,181219003034745,18121408,XBTUSD,Buy,24,3259,PlusTick,de3a645b-0f51-5f2f-db7e-8511b39c461a,1233457,526
2018-12-14 08:01:57.785,181219003034745,18121408,XBTUSD,Buy,3687,3259,ZeroPlusTick,64d9c792-115c-e06a-05a7-ac28d9a8d6aa,1237144,527
2018-12-14 08:01:57.785,181219003034745,18121408,XBTUSD,Buy,53,3259,ZeroPlusTick,7b2b21ee-7a71-725a-11de-16bf7a2a0bf3,1237197,528
2018-12-14 08:01:57.785,181219003034745,18121408,XBTUSD,Buy,30,3259.5,ZeroPlusTick,d66e8393-5a67-95a0-9106-5300b3cfa12c,1237227,529
2018-12-14 08:01:57.785,181219003034745,18121408,XBTUSD,Buy,150,3260,ZeroPlusTick,00bb8da7-7f8f-df1d-0cc5-fb0e2903cd65,1237377,530
2018-12-14 08:01:57.785,181219003034745,18121408,XBTUSD,Buy,296,3260,ZeroPlusTick,5a229756-eb97-b5d4-dfc4-153f69a99a27,1237673,531
2018-12-14 08:01:57.785,181219003034745,18121408,XBTUSD,Buy,5000,3260,ZeroPlusTick,32ab7db7-4469-cd97-45ac-96fa79d0277d,1242673,532
2018-12-14 08:01:57.785,181219003034745,18121408,XBTUSD,Buy,54,3260,ZeroPlusTick,1fc121ec-cf04-358e-bb4f-f0a8c20da89a,1242727,533
2018-12-14 08:01:57.840,181219003034745,18121408,XBTUSD,Sell,130,3258,MinusTick,350ed0c1-431b-73d3-d7da-7fd7ac345e4a,1242857,534
2018-12-14 08:01:59.153,181219003034745,18121408,XBTUSD,Sell,6010,3259.5,ZeroPlusTick,e4e949fa-c977-0e46-0da5-ee28f64223d1,1248867,535
2018-12-14 08:01:59.956,181219003034745,18121408,XBTUSD,Buy,34,3260,PlusTick,db6dee86-004c-348a-2cde-713b9f8a4f3f,1248901,536
2018-12-14 08:02:03.697,181219003034745,18121408,XBTUSD,Buy,22,3260,ZeroPlusTick,f5c9caf4-5c5d-216f-388c-9fae243be74d,1248923,537
2018-12-14 08:02:04.608,181219003034745,18121408,XBTUSD,Buy,500,3260,ZeroPlusTick,4b383dc3-284c-4a9f-f6cb-7c63ca15b7e7,1249423,538
2018-12-14 08:02:05.096,181219003034745,18121408,XBTUSD,Sell,88,3259.5,MinusTick,db2bc32e-d1a1-bbe2-5bc3-1349e11ab128,1249511,539
2018-12-14 08:02:14.229,181219003034745,18121408,XBTUSD,Buy,533,3260,ZeroPlusTick,a0e26a0b-60b9-1898-3e6c-48e84afa531b,1250044,540
2018-12-14 08:00:50.017,181219003034745,18121408,XBTUSD,Sell,175,3257.5,ZeroMinusTick,c6c825a7-cbef-db93-94a8-1c331c68e409,1250219,541
2018-12-14 08:00:56.896,181219003034745,18121408,XBTUSD,Sell,30,3257.5,ZeroMinusTick,48e1c1f8-a62a-dd15-c0f5-f8d3b6570d7d,1250249,542
2018-12-14 08:00:58.613,181219003034745,18121408,XBTUSD,Sell,60,3257.5,ZeroMinusTick,fa016cbb-cd3b-aa18-9bbe-7427dc027e7c,1250309,543
2018-12-14 08:00:58.613,181219003034745,18121408,XBTUSD,Sell,58,3257.5,ZeroMinusTick,65f6cb86-d6ce-8bc3-8c6a-0cb08fcc3a63,1250367,544
2018-12-14 08:00:59.083,181219003034745,18121408,XBTUSD,Sell,9,3257.5,ZeroMinusTick,70741c9e-581e-e312-7bab-4cc8c540d3f1,1250376,545
2018-12-14 08:01:00.726,181219003034745,18121408,XBTUSD,Sell,1787,3257.5,ZeroMinusTick,5445496e-7de6-70db-1a48-263f6ee35fc2,1252163,546
2018-12-14 08:01:05.662,181219003034745,18121408,XBTUSD,Sell,20,3257.5,ZeroMinusTick,6abd1957-5e3c-4619-66c5-d8ee74a4d984,1252183,547
2018-12-14 08:01:05.774,181219003034745,18121408,XBTUSD,Buy,6731,3258,PlusTick,34bc5550-3143-6717-0199-90b6c42843ee,1258914,548
2018-12-14 08:01:10.424,181219003034745,18121408,XBTUSD,Buy,1240,3258,ZeroPlusTick,b31f5a62-fef7-0784-14fc-5a4e5c82640d,1260154,549
2018-12-14 08:01:10.424,181219003034745,18121408,XBTUSD,Buy,125000,3258,ZeroPlusTick,10f4bceb-9ab3-2cce-287f-06d5d4ddc333,1385154,550
2018-12-14 08:01:15.812,181219003034745,18121408,XBTUSD,Buy,24,3258,ZeroPlusTick,b20e5bf2-bf7e-24d4-b9d9-7acb9fc2b58c,1385178,551
2018-12-14 08:01:15.812,181219003034745,18121408,XBTUSD,Buy,1290,3258,ZeroPlusTick,cad25416-383e-eae7-65fb-92cba63eb421,1386468,552
2018-12-14 08:01:15.812,181219003034745,18121408,XBTUSD,Buy,501,3258,ZeroPlusTick,634dca21-0c58-d4f1-01e1-03837eaea5f4,1386969,553
2018-12-14 08:01:15.812,181219003034745,18121408,XBTUSD,Buy,10000,3258,ZeroPlusTick,c1674ab8-9b47-a78a-efde-74365a18cbe3,1396969,554
2018-12-14 08:01:15.812,181219003034745,18121408,XBTUSD,Buy,9,3258,ZeroPlusTick,7d90a497-9372-88cb-9f27-525028fb7284,1396978,555
2018-12-14 08:01:20.480,181219003034745,18121408,XBTUSD,Buy,12,3258.5,ZeroPlusTick,e53c59f0-2ac5-7dce-d929-d988f79f7ca5,1396990,556
2018-12-14 08:01:20.525,181219003034745,18121408,XBTUSD,Sell,42,3258,MinusTick,4b36f49e-7f91-d2d5-9940-cc2cc62d4a98,1397032,557
2018-12-14 08:01:37.552,181219003034745,18121408,XBTUSD,Buy,12,3258.5,ZeroPlusTick,fc54d9e3-1c9e-01ae-1728-f06e9dfc98e2,1397044,558
2018-12-14 08:01:38.081,181219003034745,18121408,XBTUSD,Sell,3000,3258,MinusTick,4e571cf1-55b2-facb-8a10-8cd11b187c25,1400044,559
2018-12-14 08:01:46.632,181219003034745,18121408,XBTUSD,Buy,17197,3258.5,ZeroPlusTick,8d4077cf-9fc8-c73f-6a3d-a78d3a64792d,1417241,560
2018-12-14 08:01:48.035,181219003034745,18121408,XBTUSD,Buy,5216,3258.5,ZeroPlusTick,b6ab616c-60a9-231d-295d-7ee055811d04,1422457,561
2018-12-14 08:01:56.511,181219003034745,18121408,XBTUSD,Buy,100,3258.5,ZeroPlusTick,8eb6a089-2209-2a87-c458-dc5dc2577b8b,1422557,562
2018-12-14 08:01:57.785,181219003034745,18121408,XBTUSD,Buy,33,3258.5,ZeroPlusTick,6d49ab33-44f1-52d9-6a11-c75f64af36b3,1422590,563
2018-12-14 08:01:57.785,181219003034745,18121408,XBTUSD,Buy,427,3259,ZeroPlusTick,c84fa767-e6cb-c4a5-c9b1-dc77d0bcbe46,1423017,564
2018-12-14 08:01:57.785,181219003034745,18121408,XBTUSD,Buy,30,3259,ZeroPlusTick,1021568d-ece8-e9dc-d45a-4bfb399a60be,1423047,565
2018-12-14 08:01:57.785,181219003034745,18121408,XBTUSD,Buy,736,3259,ZeroPlusTick,ac7ada5c-575e-3915-e166-c2f839c68a33,1423783,566
2018-12-14 08:01:57.785,181219003034745,18121408,XBTUSD,Buy,1000,3259.5,ZeroPlusTick,90d19844-bc01-3324-4f2c-9daf2a73d06b,1424783,567
2018-12-14 08:01:57.785,181219003034745,18121408,XBTUSD,Buy,874,3260,ZeroPlusTick,b8bd4ed0-79d5-6edf-ebff-9ff911764050,1425657,568
2018-12-14 08:01:57.785,181219003034745,18121408,XBTUSD,Buy,4939,3260,ZeroPlusTick,76b0d5db-769d-f22d-57a9-44746fe0cf09,1430596,569
2018-12-14 08:01:57.785,181219003034745,18121408,XBTUSD,Buy,92,3260,ZeroPlusTick,ffaa9831-3f4b-1adc-a7ec-a302dab20441,1430688,570
2018-12-14 08:01:57.785,181219003034745,18121408,XBTUSD,Buy,7645,3260,ZeroPlusTick,2a4c6413-4d62-53b3-fbda-fb476f2b1b1b,1438333,571
2018-12-14 08:01:59.153,181219003034745,18121408,XBTUSD,Sell,10000,3259.5,ZeroPlusTick,13e3d5a8-492e-fe1f-2eab-6b5e161feffb,1448333,572
2018-12-14 08:01:59.956,181219003034745,18121408,XBTUSD,Buy,16,3260,ZeroPlusTick,b508ef88-a35c-bdbd-5487-c36fb15b03f2,1448349,573
2018-12-14 08:02:04.012,181219003034745,18121408,XBTUSD,Buy,50,3260,ZeroPlusTick,a20b42bd-fff2-82c1-e1ac-14e90dcf5c46,1448399,574
2018-12-14 08:02:14.229,181219003034745,18121408,XBTUSD,Buy,221,3260,ZeroPlusTick,5a4fb4f2-bd8d-1d00-db0e-cee45ead8eb8,1448620,575
2018-12-14 08:02:29.495,181219003034745,18121408,XBTUSD,Buy,800,3260,ZeroPlusTick,cf89dd5f-74de-9102-1962-8dd3e9ba4716,1449420,576
2018-12-14 08:02:36.734,181219003034745,18121408,XBTUSD,Buy,10,3260,ZeroPlusTick,0e2a4feb-ce1a-4044-edbf-fd826ccf4530,1449430,577
2018-12-14 08:02:36.734,181219003034745,18121408,XBTUSD,Buy,18,3260.5,ZeroPlusTick,1951a1dc-c44e-266e-864b-0b0a8253a68c,1449448,578
2018-12-14 08:02:37.041,181219003034745,18121408,XBTUSD,Buy,132,3260.5,ZeroPlusTick,3cf9b265-3e4f-53dc-d4fb-684703c0f145,1449580,579
2018-12-14 08:00:58.613,181219003034745,18121408,XBTUSD,Sell,744,3257.5,ZeroMinusTick,4bc5f8ab-1d38-6a5f-40ad-7c2369b3af83,1450324,580
2018-12-14 08:00:59.083,181219003034745,18121408,XBTUSD,Sell,16,3257.5,ZeroMinusTick,a94a8750-9a9c-c97f-a120-dea653632399,1450340,581
2018-12-14 08:01:09.904,181219003034746,18121408,XBTUSD,Sell,259,3257.5,MinusTick,456da69f-a20c-f026-a35c-7f5268880e5c,1450599,582
2018-12-14 08:01:10.091,181219003034746,18121408,XBTUSD,Sell,259,3257.5,ZeroMinusTick,ae0204c2-7d6a-a3fd-cc75-4c25ffb4409b,1450858,583
2018-12-14 08:01:10.424,181219003034746,18121408,XBTUSD,Buy,4644,3258,ZeroPlusTick,b8547551-efce-7f58-f41b-0aea16ad05d0,1455502,584
2018-12-14 08:01:10.424,181219003034746,18121408,XBTUSD,Buy,5000,3258,ZeroPlusTick,3c40eaab-d18d-6d2c-f488-afe933abd661,1460502,585
2018-12-14 08:01:11.065,181219003034746,18121408,XBTUSD,Sell,3,3257.5,ZeroMinusTick,9eff88d4-6856-70f0-b5b6-d3154bae2d2b,1460505,586
2018-12-14 08:01:12.212,181219003034746,18121408,XBTUSD,Buy,2000,3258,ZeroPlusTick,8e6b58dc-4290-3b0a-2a3e-7fdebf10dcb7,1462505,587
2018-12-14 08:01:12.873,181219003034746,18121408,XBTUSD,Buy,175,3258,ZeroPlusTick,77b44c85-e3fc-86bc-804a-27fe758d5798,1462680,588
2018-12-14 08:01:12.926,181219003034746,18121408,XBTUSD,Buy,363,3258,ZeroPlusTick,f09467ca-863a-77f8-c816-fb4a93de1c7d,1463043,589
2018-12-14 08:01:14.185,181219003034746,18121408,XBTUSD,Sell,459,3257.5,ZeroMinusTick,10bfbd68-6f19-8dc9-2a81-ea351ce0ac2e,1463502,590
2018-12-14 08:01:14.688,181219003034746,18121408,XBTUSD,Sell,130,3257.5,ZeroMinusTick,cb56aced-0dce-ac9b-e609-9e1f78349f2f,1463632,591
2018-12-14 08:01:15.812,181219003034746,18121408,XBTUSD,Buy,1290,3258,ZeroPlusTick,4d60807d-5c56-34b0-333f-1fcca8c91c8c,1464922,592
2018-12-14 08:01:15.812,181219003034746,18121408,XBTUSD,Buy,493,3258,ZeroPlusTick,b9d9de46-82e3-367a-6ce0-20a83ce8103a,1465415,593
2018-12-14 08:01:15.812,181219003034746,18121408,XBTUSD,Buy,500,3258,ZeroPlusTick,f66d6e66-a3c1-233b-2333-232b1fc2b782,1465915,594
2018-12-14 08:01:15.812,181219003034746,18121408,XBTUSD,Buy,16,3258,ZeroPlusTick,b1fc678c-0ba2-38fc-d7ea-2b42b159eae1,1465931,595
2018-12-14 08:01:16.336,181219003034746,18121408,XBTUSD,Buy,2572,3258,ZeroPlusTick,2ce312af-d63a-040d-4525-66f9b9932db2,1468503,596
2018-12-14 08:01:16.542,181219003034746,18121408,XBTUSD,Sell,2531,3257.5,MinusTick,7cac4ed0-64d8-b165-9f26-1abb1fc70797,1471034,597
2018-12-14 08:01:16.907,181219003034746,18121408,XBTUSD,Buy,188,3258,PlusTick,34080a30-c20a-0fa6-e16a-40a744efecf6,1471222,598
2018-12-14 08:01:36.515,181219003034746,18121408,XBTUSD,Buy,6685,3258.5,ZeroPlusTick,cac6f23c-2e78-2776-f958-6088d2040632,1477907,599
2018-12-14 08:01:46.632,181219003034746,18121408,XBTUSD,Buy,25000,3258.5,ZeroPlusTick,cf36392a-d1d4-8cce-5db6-3d8f83a58884,1502907,600
2018-12-14 08:01:47.286,181219003034746,18121408,XBTUSD,Buy,9,3258.5,ZeroPlusTick,48a40648-0326-a8f6-0fe0-88d32029ebcd,1502916,601
2018-12-14 08:01:52.826,181219003034746,18121408,XBTUSD,Buy,10,3258.5,ZeroPlusTick,8cd23815-4f35-639a-847c-930ee40f6201,1502926,602
2018-12-14 08:01:57.785,181219003034746,18121408,XBTUSD,Buy,10,3258.5,ZeroPlusTick,e665658f-04c1-e8c7-3c85-0bcfc33f478c,1502936,603
2018-12-14 08:01:57.785,181219003034746,18121408,XBTUSD,Buy,9,3259,ZeroPlusTick,2adf9575-156d-f13c-db11-2dd16694d53d,1502945,604
2018-12-14 08:01:57.785,181219003034746,18121408,XBTUSD,Buy,9,3259,ZeroPlusTick,77e9a702-0caa-c60c-dfab-b59e64de71ef,1502954,605
2018-12-14 08:01:57.785,181219003034746,18121408,XBTUSD,Buy,162,3259,ZeroPlusTick,c972e423-f7e4-9d67-b636-a4e3c31bb6d8,1503116,606
2018-12-14 08:01:57.785,181219003034746,18121408,XBTUSD,Buy,1000,3259.5,ZeroPlusTick,bc0dd5a8-37f1-123e-f56e-9ff4d0ec3ae8,1504116,607
2018-12-14 08:01:57.785,181219003034746,18121408,XBTUSD,Buy,100,3260,ZeroPlusTick,ef764d23-94bd-883d-ead6-b2d03159b7db,1504216,608
2018-12-14 08:01:57.785,181219003034746,18121408,XBTUSD,Buy,713,3260,ZeroPlusTick,0ca03e98-6e60-28df-5562-495d0c13d3d0,1504929,609
2018-12-14 08:01:57.785,181219003034746,18121408,XBTUSD,Buy,100,3260,ZeroPlusTick,469e816a-64b0-837d-b8a2-cf66f259b4e1,1505029,610
2018-12-14 08:01:57.785,181219003034746,18121408,XBTUSD,Buy,5000,3260,ZeroPlusTick,1430f2f3-7497-6796-7419-db29d9d5abaf,1510029,611
2018-12-14 08:02:04.012,181219003034746,18121408,XBTUSD,Buy,637,3260,ZeroPlusTick,8d74e050-3307-a6a3-f351-b5acea0f8d02,1510666,612
2018-12-14 08:02:13.087,181219003034746,18121408,XBTUSD,Buy,323,3260,ZeroPlusTick,e26c0a92-9fdd-bd8a-97d9-e6890e86993d,1510989,613
2018-12-14 08:02:22.209,181219003034746,18121408,XBTUSD,Buy,1000,3260,ZeroPlusTick,874ff6ca-defd-8ff2-371f-245fea1098ce,1511989,614
2018-12-14 08:02:27.260,181219003034746,18121408,XBTUSD,Buy,25,3260,PlusTick,7e5b44b9-1f28-2145-d11c-0b5355328266,1512014,615
2018-12-14 08:02:32.897,181219003034746,18121408,XBTUSD,Buy,10000,3260,ZeroPlusTick,06ffa51d-8392-5a1f-fbe0-a38cad188a70,1522014,616
2018-12-14 08:02:36.734,181219003034746,18121408,XBTUSD,Buy,243,3260,ZeroPlusTick,17e1661d-23ad-078a-c2ea-749d2d987022,1522257,617
2018-12-14 08:01:10.424,181219003034746,18121408,XBTUSD,Buy,5000,3258,ZeroPlusTick,fc2937ea-8e2a-1c08-e82b-9b9730342663,1527257,618
2018-12-14 08:01:10.424,181219003034746,18121408,XBTUSD,Buy,5000,3258,ZeroPlusTick,2c6d2663-ad62-c927-0c42-5f99da06686e,1532257,619
2018-12-14 08:01:11.730,181219003034746,18121408,XBTUSD,Buy,2,3258,PlusTick,b0663935-eb65-7f50-a437-1d923e574d6b,1532259,620
2018-12-14 08:01:15.812,181219003034746,18121408,XBTUSD,Buy,493,3258,ZeroPlusTick,7c8705f9-3474-6c42-76ad-c58aca9845e0,1532752,621
2018-12-14 08:01:15.812,181219003034746,18121408,XBTUSD,Buy,15,3258,ZeroPlusTick,ec3caa85-f5a2-bd85-4bfb-eb753136d4d8,1532767,622
2018-12-14 08:01:15.812,181219003034746,18121408,XBTUSD,Buy,1100,3258,ZeroPlusTick,2c399471-ad15-b55f-c423-4f5134cb64ff,1533867,623
2018-12-14 08:01:15.812,181219003034746,18121408,XBTUSD,Buy,51,3258,ZeroPlusTick,5b75fabc-2095-09a3-3b7a-4b59657dbb2b,1533918,624
2018-12-14 08:01:15.812,181219003034746,18121408,XBTUSD,Buy,50,3258,ZeroPlusTick,617711a0-4b19-af81-3a8a-12fb12158963,1533968,625
2018-12-14 08:01:41.235,181219003034746,18121408,XBTUSD,Buy,92,3258.5,ZeroPlusTick,8e2f24c0-71dd-5d8b-5f26-88e5823465f3,1534060,626
2018-12-14 08:01:45.123,181219003034746,18121408,XBTUSD,Buy,2000,3258.5,PlusTick,6e3c73c7-4ff9-65dd-4893-ef0ef9faeb0c,1536060,627
2018-12-14 08:01:46.632,181219003034746,18121408,XBTUSD,Buy,2750,3258.5,ZeroPlusTick,30af1fe7-4f02-db53-ce82-331702353963,1538810,628
2018-12-14 08:01:52.826,181219003034746,18121408,XBTUSD,Buy,1000,3258.5,ZeroPlusTick,39a8ab0f-f465-87f1-74c2-35094098fc1e,1539810,629
2018-12-14 08:01:57.785,181219003034746,18121408,XBTUSD,Buy,25,3258.5,ZeroPlusTick,9a92c46c-6606-1b38-240c-6e7002a5c41c,1539835,630
2018-12-14 08:01:57.785,181219003034746,18121408,XBTUSD,Buy,1755,3259,ZeroPlusTick,a88c591c-5b28-f8cc-12a5-b5a1b58cdc96,1541590,631
2018-12-14 08:01:57.785,181219003034746,18121408,XBTUSD,Buy,19,3259,ZeroPlusTick,7c09fa67-2e22-96bc-fb44-2df4d339d6e0,1541609,632
2018-12-14 08:01:57.785,181219003034746,18121408,XBTUSD,Buy,17,3259,ZeroPlusTick,04cbfa24-d59e-7be6-5218-4ecd40310197,1541626,633
2018-12-14 08:01:57.785,181219003034746,18121408,XBTUSD,Buy,1000,3259.5,ZeroPlusTick,c1dd0dad-5c36-78a5-a861-d6bf6e831d6c,1542626,634
2018-12-14 08:01:57.785,181219003034746,18121408,XBTUSD,Buy,196,3260,ZeroPlusTick,91aaaa64-122e-ac5f-7980-55367748d54e,1542822,635
2018-12-14 08:01:57.785,181219003034746,18121408,XBTUSD,Buy,1000,3260,ZeroPlusTick,acf4b2da-56b4-99d7-1322-1ef97809ec86,1543822,636
2018-12-14 08:01:57.785,181219003034746,18121408,XBTUSD,Buy,30,3260,ZeroPlusTick,250d4ef1-6e71-a9fa-fc89-6f67e725ed69,1543852,637
2018-12-14 08:01:57.785,181219003034746,18121408,XBTUSD,Buy,300,3260,ZeroPlusTick,f5bc2133-854f-ea07-766b-d2fbb7ee986d,1544152,638
2018-12-14 08:02:04.012,181219003034746,18121408,XBTUSD,Buy,9313,3260,ZeroPlusTick,8b71371f-4eb6-40e5-8f6b-db18c2e825e3,1553465,639
2018-12-14 08:02:18.556,181219003034746,18121408,XBTUSD,Buy,120,3260,ZeroPlusTick,23a7a350-cefb-a54b-4732-2a045965e67f,1553585,640
2018-12-14 08:02:29.495,181219003034746,18121408,XBTUSD,Buy,562,3260,ZeroPlusTick,40555d52-1352-c693-5aef-ac2aaa7ee893,1554147,641
2018-12-14 08:02:35.310,181219003034746,18121408,XBTUSD,Buy,1,3260,ZeroPlusTick,690d92ee-13e8-8e87-9ebb-d2ff1d159959,1554148,642
2018-12-14 08:02:35.779,181219003034746,18121408,XBTUSD,Sell,1007,3259.5,MinusTick,5195d33a-700f-9305-039c-7a1a2d972f7f,1555155,643
2018-12-14 08:02:36.734,181219003034746,18121408,XBTUSD,Buy,20,3260,ZeroPlusTick,f71ef77c-954f-2e91-11a5-5cb22b51a139,1555175,644
2018-12-14 08:02:36.734,181219003034746,18121408,XBTUSD,Buy,3,3260.5,ZeroPlusTick,9718cd1b-3d30-1f13-d1c7-66578fa49f43,1555178,645
2018-12-14 08:02:37.041,181219003034746,18121408,XBTUSD,Buy,48,3260.5,ZeroPlusTick,7e9c9382-0d9e-42a0-0b1d-ba24d940b10a,1555226,646
2018-12-14 08:02:38.251,181219003034746,18121408,XBTUSD,Sell,425,3260,ZeroMinusTick,9d320d8e-e7c4-b0f8-16c0-5150f440820d,1555651,647
2018-12-14 08:02:45.176,181219003034746,18121408,XBTUSD,Buy,186,3260.5,PlusTick,ba315030-868a-eed3-88fb-dee78bf09a71,1555837,648
2018-12-14 08:02:51.440,181219003034746,18121408,XBTUSD,Sell,37,3260,ZeroMinusTick,287908c7-53d7-1730-361d-b51904205e76,1555874,649
2018-12-14 08:02:56.709,181219003034746,18121408,XBTUSD,Buy,1,3260.5,ZeroPlusTick,eb36d51b-3d9d-d74e-25e0-e255bf542b86,1555875,650
2018-12-14 08:03:01.567,181219003034746,18121408,XBTUSD,Buy,5000,3260.5,ZeroPlusTick,ac8fe406-2831-0072-f673-e3c5608e691a,1560875,651
2018-12-14 08:03:01.567,181219003034746,18121408,XBTUSD,Buy,1007,3260.5,ZeroPlusTick,3f5da61d-8d65-a797-ac63-3834a4498440,1561882,652
2018-12-14 08:03:01.567,181219003034746,18121408,XBTUSD,Buy,31,3260.5,ZeroPlusTick,48b5295c-c27e-3843-6ada-f545f05f68a7,1561913,653
2018-12-14 08:03:08.457,181219003034746,18121408,XBTUSD,Buy,1500,3261,ZeroPlusTick,6ab7ea82-3253-03a4-00de-143fd976b97b,1563413,654
2018-12-14 08:03:09.959,181219003034746,18121408,XBTUSD,Buy,10,3261,ZeroPlusTick,275b5fe3-6f34-27d5-b9d5-41dd366ee6c7,1563423,655
2018-12-14 08:01:10.424,181219003034746,18121408,XBTUSD,Buy,5000,3258,ZeroPlusTick,ec5d79f0-7316-7be8-bc8f-1912ea5866ff,1568423,656
2018-12-14 08:01:10.424,181219003034746,18121408,XBTUSD,Buy,5000,3258,ZeroPlusTick,1ec1af9f-dfb7-6a1b-baa4-8e38a088b521,1573423,657
2018-12-14 08:01:12.126,181219003034746,18121408,XBTUSD,Buy,100,3258,ZeroPlusTick,0643950f-24a7-357a-a825-87f868e24e24,1573523,658
2018-12-14 08:01:12.926,181219003034746,18121408,XBTUSD,Buy,137,3258,ZeroPlusTick,31c6c83a-7192-9be2-bfdf-bb42e84d870e,1573660,659
2018-12-14 08:01:15.812,181219003034746,18121408,XBTUSD,Buy,1000,3258,ZeroPlusTick,d4863bf1-8323-aa7c-f80f-ce4941d7d16b,1574660,660
2018-12-14 08:01:15.812,181219003034746,18121408,XBTUSD,Buy,100,3258,ZeroPlusTick,78eca21f-8bc1-e193-62be-2149c87ff4e1,1574760,661
2018-12-14 08:01:15.812,181219003034746,18121408,XBTUSD,Buy,30,3258,ZeroPlusTick,28b42233-1377-935d-6b99-232e245424d1,1574790,662
2018-12-14 08:01:15.812,181219003034746,18121408,XBTUSD,Buy,494,3258,ZeroPlusTick,de61ea22-ca8e-ea54-01f6-ac87874d7295,1575284,663
2018-12-14 08:01:15.812,181219003034746,18121408,XBTUSD,Buy,3000,3258,ZeroPlusTick,84dfdef7-5d37-0812-74f8-1b71746b3f9e,1578284,664
2018-12-14 08:01:35.244,181219003034746,18121408,XBTUSD,Buy,805,3258.5,ZeroPlusTick,9fe12026-b90c-cebc-c8cd-ff65fe0118b0,1579089,665
2018-12-14 08:01:36.515,181219003034746,18121408,XBTUSD,Buy,20,3258.5,ZeroPlusTick,8f71d4d0-ddc3-bb02-40c2-80c4cb690a9a,1579109,666
2018-12-14 08:01:44.702,181219003034746,18121408,XBTUSD,Sell,30,3258,MinusTick,1e0e02ad-beca-c678-4053-ce4aafbb9fd2,1579139,667
2018-12-14 08:01:57.785,181219003034746,18121408,XBTUSD,Buy,72,3258.5,ZeroPlusTick,caafc55c-7d37-6deb-58b5-0914bdca7fcc,1579211,668
2018-12-14 08:01:57.785,181219003034746,18121408,XBTUSD,Buy,30,3259,ZeroPlusTick,223edbeb-9bbc-7158-8063-655bcd4b517e,1579241,669
2018-12-14 08:01:57.785,181219003034746,18121408,XBTUSD,Buy,15,3259,ZeroPlusTick,e001d62c-b4eb-3c1e-c3e0-e73faccfcd36,1579256,670
2018-12-14 08:01:57.785,181219003034746,18121408,XBTUSD,Buy,24,3259.5,ZeroPlusTick,8c46bccb-245a-28a9-a016-5554c2ea49c6,1579280,671
2018-12-14 08:01:57.785,181219003034747,18121408,XBTUSD,Buy,34,3259.5,ZeroPlusTick,4b85609b-1149-31f7-ec9f-be4ad1955f13,1579314,672
2018-12-14 08:01:57.785,181219003034747,18121408,XBTUSD,Buy,874,3260,ZeroPlusTick,9ad11077-8dbc-d502-a1b3-873c195cf8c4,1580188,673
2018-12-14 08:01:57.785,181219003034747,18121408,XBTUSD,Buy,4939,3260,ZeroPlusTick,ff38c674-c990-527f-7744-819af416bb36,1585127,674
2018-12-14 08:01:57.785,181219003034747,18121408,XBTUSD,Buy,100,3260,ZeroPlusTick,dd206747-e1e4-ba90-5615-9124bd6d1de1,1585227,675
2018-12-14 08:01:57.785,181219003034747,18121408,XBTUSD,Buy,2250,3260,ZeroPlusTick,97e198bd-c8e6-1968-750c-342df3210d05,1587477,676
2018-12-14 08:02:03.697,181219003034747,18121408,XBTUSD,Buy,1000,3260,ZeroPlusTick,09121afe-6541-6038-8412-b7ae36f3dcb8,1588477,677
2018-12-14 08:02:04.570,181219003034747,18121408,XBTUSD,Buy,1000,3260,ZeroPlusTick,4206605c-3427-13ef-f879-e6f244f83287,1589477,678
2018-12-14 08:02:13.630,181219003034747,18121408,XBTUSD,Sell,1,3259.5,MinusTick,5f53c01e-7722-d0e7-1666-a82557f4ac74,1589478,679
2018-12-14 08:02:14.229,181219003034747,18121408,XBTUSD,Buy,177,3260,PlusTick,e31ffc9d-150e-93a0-522d-69e57e99a582,1589655,680
2018-12-14 08:02:32.897,181219003034747,18121408,XBTUSD,Buy,20,3260,ZeroPlusTick,834ecba9-726c-6df9-3025-7cfdc9dc8f44,1589675,681
2018-12-14 08:02:36.734,181219003034747,18121408,XBTUSD,Buy,25,3260,ZeroPlusTick,ac510e33-cc95-07e3-2eae-ab2a842b3430,1589700,682
2018-12-14 08:02:56.709,181219003034747,18121408,XBTUSD,Buy,163,3260.5,ZeroPlusTick,7ce10d40-6165-c20a-3e72-b4ad38c3e584,1589863,683
2018-12-14 08:03:01.567,181219003034747,18121408,XBTUSD,Buy,1000,3260.5,ZeroPlusTick,600c7c9e-5f5f-2ad9-16cb-a00b1195213f,1590863,684
2018-12-14 08:03:01.567,181219003034747,18121408,XBTUSD,Buy,53,3260.5,ZeroPlusTick,89498718-1877-b371-b2db-41605574cc4a,1590916,685
2018-12-14 08:03:02.450,181219003034747,18121408,XBTUSD,Buy,1000,3260.5,MinusTick,acc18aae-7bc7-dcb6-a12d-b1221a7fc031,1591916,686
2018-12-14 08:03:09.959,181219003034747,18121408,XBTUSD,Buy,150,3261,ZeroPlusTick,fa708299-32aa-6425-a7fa-9cecee2c13e1,1592066,687
2018-12-14 08:03:09.959,181219003034747,18121408,XBTUSD,Buy,40,3261,ZeroPlusTick,1e8010c9-2560-dca1-c04c-a7946896cd43,1592106,688
2018-12-14 08:03:09.959,181219003034747,18121408,XBTUSD,Buy,200,3261.5,ZeroPlusTick,b6425c61-c3de-7fd9-4201-02dccfad82d7,1592306,689
2018-12-14 08:03:09.959,181219003034747,18121408,XBTUSD,Buy,20,3261.5,ZeroPlusTick,06dec02c-6d1f-10c2-0bdd-ceb1111ef63a,1592326,690
2018-12-14 08:03:09.959,181219003034747,18121408,XBTUSD,Buy,1691,3262,ZeroPlusTick,84af5d10-56f8-905e-144f-4bd275721aa6,1594017,691
2018-12-14 08:03:09.959,181219003034747,18121408,XBTUSD,Buy,7000,3262,ZeroPlusTick,e407b548-9d11-5af1-3b71-edc646895a6f,1601017,692
2018-12-14 08:03:17.869,181219003034747,18121408,XBTUSD,Buy,1750,3262,ZeroPlusTick,76505ae7-be77-20b2-7975-a191b3ec84af,1602767,693
2018-12-14 08:01:36.515,181219003034747,18121408,XBTUSD,Buy,100,3258.5,ZeroPlusTick,3a1d1eac-a53c-e100-9719-614dd859484d,1602867,694
2018-12-14 08:01:46.632,181219003034747,18121408,XBTUSD,Buy,886,3258.5,ZeroPlusTick,28ef78cc-acb7-a1df-6faf-60bc225f86c1,1603753,695
2018-12-14 08:01:56.769,181219003034747,18121408,XBTUSD,Buy,2000,3258.5,ZeroPlusTick,b8ddd8c8-3bda-982a-5591-a46980e44bac,1605753,696
2018-12-14 08:01:57.785,181219003034747,18121408,XBTUSD,Buy,34,3258.5,ZeroPlusTick,082c2d17-ac22-8d36-d8e9-e8bc052ded19,1605787,697
2018-12-14 08:01:57.785,181219003034747,18121408,XBTUSD,Buy,70,3259,ZeroPlusTick,d4118b27-1cbe-eb8f-a515-b14dc715c8be,1605857,698
2018-12-14 08:01:57.785,181219003034747,18121408,XBTUSD,Buy,15,3259,ZeroPlusTick,c2e021a3-fb72-ede3-2bce-3a28044f5da0,1605872,699
2018-12-14 08:01:57.785,181219003034747,18121408,XBTUSD,Buy,1,3259.5,PlusTick,11a4ed4f-c121-4835-607f-9e874517dc9d,1605873,700
2018-12-14 08:01:57.785,181219003034747,18121408,XBTUSD,Buy,14,3260,PlusTick,3c23218c-e693-7614-8d25-7213af724d25,1605887,701
2018-12-14 08:01:57.785,181219003034747,18121408,XBTUSD,Buy,874,3260,ZeroPlusTick,26cfdc6b-2b39-586c-55d8-f02c43e88eab,1606761,702
2018-12-14 08:01:57.785,181219003034747,18121408,XBTUSD,Buy,713,3260,ZeroPlusTick,0ef7dbf9-ad0e-b2c9-eb27-f36678bf725b,1607474,703
2018-12-14 08:01:57.785,181219003034747,18121408,XBTUSD,Buy,50,3260,ZeroPlusTick,ecfe85b9-e34f-8966-f44e-d886317a6f08,1607524,704
2018-12-14 08:01:57.785,181219003034747,18121408,XBTUSD,Buy,1800,3260,ZeroPlusTick,5c11d57b-139e-369d-b49c-0021aa5bafe1,1609324,705
2018-12-14 08:01:59.153,181219003034747,18121408,XBTUSD,Sell,24000,3259.5,PlusTick,bb158c9e-b5f3-6253-87ac-a2ac1f177b1d,1633324,706
2018-12-14 08:01:59.956,181219003034747,18121408,XBTUSD,Buy,350,3260,ZeroPlusTick,7b324632-9f81-3b87-8d09-8fc3aaadeff1,1633674,707
2018-12-14 08:02:03.697,181219003034747,18121408,XBTUSD,Buy,2000,3260,ZeroPlusTick,c6a4dde5-94c2-d8c5-8173-4227c193ada9,1635674,708
2018-12-14 08:02:04.388,181219003034747,18121408,XBTUSD,Buy,800,3260,ZeroPlusTick,21b4d2ea-8d5d-e3a6-89fb-91a7812a9da8,1636474,709
2018-12-14 08:02:22.209,181219003034747,18121408,XBTUSD,Buy,712,3260,ZeroPlusTick,e368f832-fe12-5cf7-2f80-7c51e7ed65b7,1637186,710
2018-12-14 08:02:32.897,181219003034747,18121408,XBTUSD,Buy,1874,3260,ZeroPlusTick,db41ef17-377d-8380-463d-3b73446cb1bb,1639060,711
2018-12-14 08:02:36.734,181219003034747,18121408,XBTUSD,Buy,20,3260,ZeroPlusTick,8a1cc278-ecd0-ffba-96d9-b566413cb959,1639080,712
2018-12-14 08:02:42.735,181219003034747,18121408,XBTUSD,Sell,50,3260,MinusTick,eacdadd4-1678-af16-6ec3-c0355b478c18,1639130,713
2018-12-14 08:02:56.709,181219003034747,18121408,XBTUSD,Buy,10,3260.5,ZeroPlusTick,e2b388fa-f843-c44b-e83e-b7e02b2bcc45,1639140,714
2018-12-14 08:03:01.567,181219003034747,18121408,XBTUSD,Buy,9,3260.5,ZeroPlusTick,0876decf-5243-ee33-0b96-e0a1edf72b82,1639149,715
2018-12-14 08:03:01.567,181219003034747,18121408,XBTUSD,Buy,17,3260.5,ZeroPlusTick,58c80158-1bb5-5036-7631-75789eeaa056,1639166,716
2018-12-14 08:03:01.567,181219003034747,18121408,XBTUSD,Buy,22,3261,PlusTick,d695467e-b993-6456-f7e8-3ff6c27f92a0,1639188,717
2018-12-14 08:03:09.959,181219003034747,18121408,XBTUSD,Buy,70,3261,ZeroPlusTick,494501a3-21d5-d2b5-57b3-150fb90f2e66,1639258,718
2018-12-14 08:03:09.959,181219003034747,18121408,XBTUSD,Buy,16,3261,ZeroPlusTick,4387a738-26cc-818c-0655-de50f26d505a,1639274,719
2018-12-14 08:03:09.959,181219003034747,18121408,XBTUSD,Buy,2000,3261.5,ZeroPlusTick,f32959d4-45b3-2374-15ef-24cacca5476a,1641274,720
2018-12-14 08:03:09.959,181219003034747,18121408,XBTUSD,Buy,1787,3261.5,ZeroPlusTick,16d5d32c-2fd0-6b2a-3623-2caf0efef9b0,1643061,721
2018-12-14 08:03:09.959,181219003034747,18121408,XBTUSD,Buy,10,3262,ZeroPlusTick,419c54fe-dab1-64b0-0a5b-7b28f95ff42d,1643071,722
2018-12-14 08:03:09.959,181219003034747,18121408,XBTUSD,Buy,1000,3262,ZeroPlusTick,304a8829-a18e-e1da-b0ac-b66d2c3e1edb,1644071,723
2018-12-14 08:03:09.959,181219003034747,18121408,XBTUSD,Buy,2133,3262,ZeroPlusTick,c45f051a-e49a-6eba-8dd9-cb659ab46d59,1646204,724
2018-12-14 08:03:09.959,181219003034747,18121408,XBTUSD,Buy,162,3262,ZeroPlusTick,edbbd36c-3d8f-6d88-ada4-188267ebcd28,1646366,725
2018-12-14 08:03:17.052,181219003034747,18121408,XBTUSD,Buy,1450,3262,ZeroPlusTick,bcddec0c-4df0-3d62-f662-4fa2e072d139,1647816,726
2018-12-14 08:01:48.035,181219003034747,18121408,XBTUSD,Buy,21,3258.5,ZeroPlusTick,b2b1ae76-8f3d-519e-7e87-2bc248dcf12c,1647837,727
2018-12-14 08:01:52.826,181219003034747,18121408,XBTUSD,Buy,790,3258.5,ZeroPlusTick,c7bdcaf6-a7ce-44e3-4f72-1a02728bdefc,1648627,728
2018-12-14 08:01:57.110,181219003034747,18121408,XBTUSD,Buy,1400,3258.5,ZeroPlusTick,91f76ec7-c444-7c15-3f59-5c009330dbf1,1650027,729
2018-12-14 08:01:57.304,181219003034747,18121408,XBTUSD,Buy,1,3258.5,ZeroPlusTick,5c9c838d-9548-c60a-8297-0a1b8ff82ebd,1650028,730
2018-12-14 08:01:57.769,181219003034747,18121408,XBTUSD,Buy,4000,3258.5,ZeroPlusTick,4861225d-452b-ccd8-487e-35e062320840,1654028,731
2018-12-14 08:01:57.785,181219003034747,18121408,XBTUSD,Buy,162,3258.5,ZeroPlusTick,b28c8f0f-f8db-bd27-24b4-4ca5aa5f96a2,1654190,732
2018-12-14 08:01:57.785,181219003034747,18121408,XBTUSD,Buy,1755,3259,ZeroPlusTick,c70c9830-3a93-2a7d-a2e1-a3110ff77632,1655945,733
2018-12-14 08:01:57.785,181219003034747,18121408,XBTUSD,Buy,30,3259,ZeroPlusTick,af47b788-106f-6d63-b028-d46481f50ad3,1655975,734
2018-12-14 08:01:57.785,181219003034747,18121408,XBTUSD,Buy,15,3259,ZeroPlusTick,1edf4d4b-0af9-afbb-67cc-4195964e8831,1655990,735
2018-12-14 08:01:57.785,181219003034747,18121408,XBTUSD,Buy,15,3259.5,ZeroPlusTick,bddb38de-1b92-24be-ca46-1eba418390a1,1656005,736
2018-12-14 08:01:57.785,181219003034747,18121408,XBTUSD,Buy,1000,3260,ZeroPlusTick,ef688819-8e25-3532-32ad-2476f0d516d1,1657005,737
2018-12-14 08:01:57.785,181219003034747,18121408,XBTUSD,Buy,296,3260,ZeroPlusTick,e2dcc001-2701-17ce-db42-6b78c1c62408,1657301,738
2018-12-14 08:01:57.785,181219003034747,18121408,XBTUSD,Buy,70,3260,ZeroPlusTick,206b5ad2-4273-832d-0c2e-64d168cbb03b,1657371,739
2018-12-14 08:01:57.785,181219003034747,18121408,XBTUSD,Buy,45,3260,ZeroPlusTick,866e344e-a731-92aa-8b4c-ff4113fbcfe1,1657416,740
2018-12-14 08:02:03.697,181219003034747,18121408,XBTUSD,Buy,570,3260,ZeroPlusTick,abddab15-5b47-848d-526b-5d573909f974,1657986,741
2018-12-14 08:02:06.673,181219003034747,18121408,XBTUSD,Buy,50,3260,PlusTick,0949633c-3482-0a00-4ffc-2bc67296a877,1658036,742
2018-12-14 08:02:13.087,181219003034747,18121408,XBTUSD,Buy,1077,3260,ZeroPlusTick,e9ffa72c-21f1-197a-99a6-713d0a283908,1659113,743
2018-12-14 08:02:22.209,181219003034747,18121408,XBTUSD,Buy,220,3260,ZeroPlusTick,c6268840-3b54-ab34-167f-8aee02d24f94,1659333,744
2018-12-14 08:02:29.495,181219003034747,18121408,XBTUSD,Buy,100,3260,ZeroPlusTick,77df6114-f2a1-9c37-0005-7b9a7bbcd1ab,1659433,745
2018-12-14 08:02:32.627,181219003034747,18121408,XBTUSD,Buy,549,3260,ZeroPlusTick,47e0586d-2d95-66b7-a929-84d6c96398a3,1659982,746
2018-12-14 08:02:32.897,181219003034747,18121408,XBTUSD,Buy,8000,3260,ZeroPlusTick,3bb2e5bf-1fd6-e5d0-a394-2ceabf3fe241,1667982,747
2018-12-14 08:02:33.437,181219003034747,18121408,XBTUSD,Buy,500,3260,ZeroPlusTick,3884f2e5-6dd8-6699-6094-8ccc71d9f4fb,1668482,748
2018-12-14 08:02:33.757,181219003034747,18121408,XBTUSD,Buy,1200,3260,ZeroPlusTick,46dbc6aa-05ca-b396-c9bb-c0df4cdcc21a,1669682,749
2018-12-14 08:02:36.734,181219003034747,18121408,XBTUSD,Buy,20,3260,ZeroPlusTick,c64ca697-2b38-98b3-8664-e37e4d1d6a20,1669702,750
2018-12-14 08:02:36.734,181219003034747,18121408,XBTUSD,Buy,1030,3260.5,ZeroPlusTick,91bd845d-8210-49c1-b1e8-b18bd821a148,1670732,751
2018-12-14 08:02:36.935,181219003034747,18121408,XBTUSD,Buy,2000,3260.5,ZeroPlusTick,61cb99be-5818-eb67-5ce3-e73a6f3b5e53,1672732,752
2018-12-14 08:02:37.041,181219003034747,18121408,XBTUSD,Buy,1970,3260.5,ZeroPlusTick,56c0b3c4-8dd2-d892-e38e-8d29c4f2abad,1674702,753
2018-12-14 08:02:53.572,181219003034747,18121408,XBTUSD,Buy,383,3260.5,ZeroPlusTick,33146474-5268-fd1f-2c0b-6db067a2c0be,1675085,754
2018-12-14 08:02:56.709,181219003034747,18121408,XBTUSD,Buy,50,3260.5,ZeroPlusTick,4ea786be-ecd5-8fb8-b38f-208eb1143cb3,1675135,755
2018-12-14 08:03:01.567,181219003034747,18121408,XBTUSD,Buy,2758,3260.5,ZeroPlusTick,4a83eb61-925f-b3a9-afed-a781ef3a397d,1677893,756
2018-12-14 08:03:01.567,181219003034747,18121408,XBTUSD,Buy,4575,3260.5,ZeroPlusTick,d3a16b2b-946f-b462-b282-52d445a24f6d,1682468,757
