timestamp,reformattedDate,hour,symbol,side,size,price,tickDirection,trdMatchID,volTime,tickTime
2018-12-14 01:09:19.648,181219003044648,18121401,XBTUSD,Buy,100,3264,PlusTick,826a30a7-f509-631e-d137-eb840c9a87c5,100,1
2018-12-14 01:12:17.690,181219003044648,18121401,XBTUSD,Buy,3250,3257,PlusTick,4385286c-3b38-fb66-0ad9-f6a9919efd4f,3350,2
2018-12-14 01:31:52.358,181219003044648,18121401,XBTUSD,Buy,9,3251,PlusTick,78b8f229-7cb4-84b0-6a81-cdbdb29ea78c,3359,3
2018-12-14 01:00:02.850,181219003044648,18121401,XBTUSD,Sell,9538,3267,ZeroMinusTick,3b8c8eed-611c-0661-d48a-77b10b628af0,12897,4
2018-12-14 01:00:03.555,181219003044648,18121401,XBTUSD,Buy,1,3267.5,ZeroPlusTick,1b69ff65-683d-f9b5-5ebd-aaec3df26018,12898,5
2018-12-14 01:00:03.716,181219003044648,18121401,XBTUSD,Buy,200,3267.5,ZeroPlusTick,fb0e6576-fe76-0988-7da7-7a1ebea5c76c,13098,6
2018-12-14 01:00:03.823,181219003044648,18121401,XBTUSD,Buy,300,3267.5,ZeroPlusTick,a3013500-e557-2d0f-0316-938914cbda25,13398,7
2018-12-14 01:00:03.876,181219003044648,18121401,XBTUSD,Buy,150,3267.5,ZeroPlusTick,40d8719a-ec3e-795a-256d-c082d84ac9d3,13548,8
2018-12-14 01:00:03.992,181219003044648,18121401,XBTUSD,Buy,300,3267.5,ZeroPlusTick,b1d5fbe1-a064-d060-b16c-ca34f378777d,13848,9
2018-12-14 01:00:04.017,181219003044648,18121401,XBTUSD,Buy,9000,3267.5,ZeroPlusTick,0882586a-a812-422f-37e8-0fbe4fa0cf7e,22848,10
2018-12-14 01:00:04.160,181219003044648,18121401,XBTUSD,Buy,778,3267.5,ZeroPlusTick,00dd3065-b01e-099b-b3f3-c5df5d2241ef,23626,11
2018-12-14 01:00:12.026,181219003044648,18121401,XBTUSD,Sell,652,3267,ZeroMinusTick,54f7b9b3-5965-18d5-be45-394c36db96cb,24278,12
2018-12-14 01:00:15.337,181219003044648,18121401,XBTUSD,Sell,4115,3267,MinusTick,2af7ab79-a8f9-8291-6238-f41232af2958,28393,13
2018-12-14 01:00:02.810,181219003044648,18121401,XBTUSD,Sell,2000,3267,MinusTick,52ee39fd-66f3-9c56-5435-d4d41ae5cfbb,30393,14
2018-12-14 01:00:03.310,181219003044648,18121401,XBTUSD,Buy,200,3267.5,ZeroPlusTick,cc819205-466d-4fac-866d-8b1fe3fb3681,30593,15
2018-12-14 01:00:03.352,181219003044648,18121401,XBTUSD,Buy,500,3267.5,ZeroPlusTick,3b2a6dce-2881-0778-1958-519f4981ee2b,31093,16
2018-12-14 01:00:03.380,181219003044648,18121401,XBTUSD,Buy,15,3267.5,ZeroPlusTick,8bff7db2-21f8-4097-7fd6-ef6dd60559dc,31108,17
2018-12-14 01:00:04.187,181219003044648,18121401,XBTUSD,Sell,3,3267,MinusTick,3ddcdf31-f5bb-d54c-0df7-7f6faff56e56,31111,18
2018-12-14 01:00:04.669,181219003044648,18121401,XBTUSD,Buy,200,3267.5,PlusTick,b1b5ec7c-8e63-fd26-4722-3d94883b0333,31311,19
2018-12-14 01:00:04.737,181219003044648,18121401,XBTUSD,Sell,1000,3267,MinusTick,9445977f-9a6a-d7c4-3c7f-28f407487113,32311,20
2018-12-14 01:00:04.766,181219003044648,18121401,XBTUSD,Buy,100,3267.5,PlusTick,2cac8970-5de9-2852-598a-e371e8d17394,32411,21
2018-12-14 01:00:12.026,181219003044648,18121401,XBTUSD,Sell,41,3267,MinusTick,c15f3bd0-d7ec-ddf4-7ce7-1b34cc7f3419,32452,22
2018-12-14 01:00:24.010,181219003044648,18121401,XBTUSD,Sell,5,3267,ZeroMinusTick,247d74f5-d32e-1044-4f76-06758c9fdb85,32457,23
2018-12-14 01:00:26.488,181219003044648,18121401,XBTUSD,Sell,20,3267,ZeroMinusTick,66874ab9-7f34-7e06-e046-34f26b74fd9a,32477,24
2018-12-14 01:00:02.876,181219003044648,18121401,XBTUSD,Buy,111,3267.5,PlusTick,dc38c2d1-9205-3e5c-3eb9-c12be7d832b6,32588,25
2018-12-14 01:00:03.000,181219003044648,18121401,XBTUSD,Buy,1000,3267.5,ZeroPlusTick,4d116e1f-a38a-0510-b0e9-c873134d1106,33588,26
2018-12-14 01:00:03.019,181219003044648,18121401,XBTUSD,Sell,10000,3267,MinusTick,f44f33e3-6cdc-3245-b57f-ac011aa39596,43588,27
2018-12-14 01:00:03.196,181219003044648,18121401,XBTUSD,Buy,50,3267.5,PlusTick,6662f533-0ae1-3159-262a-6842afcdf8ee,43638,28
2018-12-14 01:00:03.219,181219003044648,18121401,XBTUSD,Buy,3000,3267.5,ZeroPlusTick,80513b74-3398-fd33-5298-56e46d2f9924,46638,29
2018-12-14 01:00:03.274,181219003044648,18121401,XBTUSD,Buy,19,3267.5,ZeroPlusTick,2222f67d-3c0a-1d1c-20a4-f31ecf0c8771,46657,30
2018-12-14 01:00:15.337,181219003044648,18121401,XBTUSD,Sell,681,3267,ZeroMinusTick,fcebfc40-82eb-3abc-7065-72f8af93ef70,47338,31
2018-12-14 01:00:27.977,181219003044648,18121401,XBTUSD,Buy,164,3267.5,PlusTick,43154072-60fa-4fe3-d683-d9eba4fb3a4c,47502,32
2018-12-14 01:00:41.485,181219003044648,18121401,XBTUSD,Sell,1992,3267,ZeroMinusTick,cd6cf1e5-454c-fae0-72d1-3f6892b4c0b0,49494,33
2018-12-14 01:00:54.221,181219003044648,18121401,XBTUSD,Sell,700,3267,ZeroMinusTick,91ef265c-5ea6-e07c-2cf3-db6b713344b3,50194,34
2018-12-14 01:00:06.377,181219003044648,18121401,XBTUSD,Buy,200,3267.5,ZeroPlusTick,20088dd1-396c-e57d-0b6a-22e92943f605,50394,35
2018-12-14 01:00:15.350,181219003044648,18121401,XBTUSD,Buy,11,3267.5,PlusTick,8ce5678c-8c08-b115-cc32-cdc419aa5114,50405,36
2018-12-14 01:00:28.862,181219003044648,18121401,XBTUSD,Buy,4000,3267.5,ZeroPlusTick,6f7603c5-0b99-8dbe-f7f5-f7e63891cc16,54405,37
2018-12-14 01:00:40.471,181219003044648,18121401,XBTUSD,Sell,20,3267,ZeroMinusTick,91cc0c50-38c9-9bce-af69-ba1af417d60a,54425,38
2018-12-14 01:00:44.927,181219003044648,18121401,XBTUSD,Sell,1,3267,ZeroMinusTick,e8034239-9fd2-9d12-c24c-b212794282d5,54426,39
2018-12-14 01:00:04.160,181219003044649,18121401,XBTUSD,Buy,222,3267.5,ZeroPlusTick,dbff0aff-4ef7-7d7e-a5e2-23c17c35b52e,54648,40
2018-12-14 01:00:26.488,181219003044649,18121401,XBTUSD,Sell,78,3267,MinusTick,c184af5e-e44d-dd48-b6d3-0e684402d8b6,54726,41
2018-12-14 01:00:40.471,181219003044649,18121401,XBTUSD,Sell,20,3267,ZeroMinusTick,96add696-ea47-fb97-cda4-09dbd0a16c3c,54746,42
2018-12-14 01:00:48.222,181219003044649,18121401,XBTUSD,Sell,400,3267,ZeroMinusTick,892f44f0-da89-2357-2ebd-e4f43cd8abe2,55146,43
2018-12-14 01:00:51.572,181219003044649,18121401,XBTUSD,Sell,5000,3267,ZeroMinusTick,7f0ff0f2-3cc3-a7f7-016f-890cef2be5bf,60146,44
2018-12-14 01:00:52.438,181219003044649,18121401,XBTUSD,Sell,1000,3267,ZeroMinusTick,6a8d1af5-654e-64a8-6744-47dbb89f1c3f,61146,45
2018-12-14 01:00:55.837,181219003044649,18121401,XBTUSD,Sell,13068,3267,ZeroMinusTick,0182c578-de2a-f2a3-153d-62a256e0ad16,74214,46
2018-12-14 01:00:57.067,181219003044649,18121401,XBTUSD,Sell,200,3267,ZeroMinusTick,305def82-6d46-2872-a8e9-449cd7074998,74414,47
2018-12-14 01:00:58.735,181219003044649,18121401,XBTUSD,Sell,12480,3267,ZeroMinusTick,c957ae03-1e99-6d9a-7c25-c8a8cec82411,86894,48
2018-12-14 01:00:58.821,181219003044649,18121401,XBTUSD,Sell,20,3267,ZeroMinusTick,3e06ac57-800f-b230-b7d9-774a71174796,86914,49
2018-12-14 01:00:58.821,181219003044649,18121401,XBTUSD,Sell,658,3267,ZeroMinusTick,3e99ebd1-e3e1-d5d4-06d3-c791ead3ae32,87572,50
2018-12-14 01:00:58.821,181219003044649,18121401,XBTUSD,Sell,11500,3267,ZeroMinusTick,b8b8d755-3843-5034-3c84-3ca536cd1ea3,99072,51
2018-12-14 01:00:59.032,181219003044649,18121401,XBTUSD,Sell,340,3267,ZeroMinusTick,84660b64-5463-7388-681e-9adfc80b22a3,99412,52
2018-12-14 01:01:01.511,181219003044649,18121401,XBTUSD,Buy,200,3267.5,ZeroPlusTick,b1f836d4-5f5c-6097-fe1b-158ebf4c016c,99612,53
2018-12-14 01:01:04.055,181219003044649,18121401,XBTUSD,Sell,163,3267,ZeroMinusTick,9c5c4f25-29cb-0c1c-3fcc-f8557c458ad2,99775,54
2018-12-14 01:01:04.785,181219003044649,18121401,XBTUSD,Sell,25,3267,ZeroMinusTick,2f47d434-ea58-c772-add8-6c217b1c0bb6,99800,55
2018-12-14 01:00:02.903,181219003044649,18121401,XBTUSD,Buy,2000,3267.5,ZeroPlusTick,7034899b-cd31-7b34-77ac-300edd7c4bef,101800,56
2018-12-14 01:00:02.938,181219003044649,18121401,XBTUSD,Buy,200,3267.5,ZeroPlusTick,5c0666a6-4148-f42a-0f5c-f23b88f27dce,102000,57
2018-12-14 01:00:02.972,181219003044649,18121401,XBTUSD,Buy,25,3267.5,ZeroPlusTick,93999e90-644a-8e59-6ec1-d2ecce9aa674,102025,58
2018-12-14 01:00:02.988,181219003044649,18121401,XBTUSD,Buy,400,3267.5,ZeroPlusTick,d1d1c661-13ba-a7b6-9091-a6111b101f04,102425,59
2018-12-14 01:00:10.718,181219003044649,18121401,XBTUSD,Sell,100,3267,ZeroMinusTick,b26f472e-bcc2-7817-6d61-533a8c7548a9,102525,60
2018-12-14 01:00:12.026,181219003044649,18121401,XBTUSD,Sell,22,3267,ZeroMinusTick,0758850b-65a8-65fc-bd55-ec5b50a72c02,102547,61
2018-12-14 01:00:15.337,181219003044649,18121401,XBTUSD,Sell,204,3267,ZeroMinusTick,1c7b8243-de50-0d02-301b-6a4d36b5a261,102751,62
2018-12-14 01:00:18.232,181219003044649,18121401,XBTUSD,Sell,20,3267,MinusTick,56141aac-7416-c650-d6c1-4be20a1d532e,102771,63
2018-12-14 01:00:38.149,181219003044649,18121401,XBTUSD,Buy,327,3267.5,ZeroPlusTick,a7af4380-5791-add7-6e65-4f0e4bee11c8,103098,64
2018-12-14 01:00:40.471,181219003044649,18121401,XBTUSD,Sell,20,3267,ZeroMinusTick,4751dae0-c4d6-86df-92cb-cc8c9cc4c3fd,103118,65
2018-12-14 01:00:44.927,181219003044649,18121401,XBTUSD,Sell,163,3267,ZeroMinusTick,e5f0ddbc-d1f7-153f-79d9-271ae04f95cd,103281,66
2018-12-14 01:00:55.837,181219003044649,18121401,XBTUSD,Sell,326,3267,ZeroMinusTick,ac7a80f3-dd64-2c58-c114-6873045e6507,103607,67
2018-12-14 01:00:57.067,181219003044649,18121401,XBTUSD,Sell,300,3267,ZeroMinusTick,698aedda-7635-668b-e41e-5508ef0d8089,103907,68
2018-12-14 01:00:58.291,181219003044649,18121401,XBTUSD,Sell,20,3267,MinusTick,6c86a86d-6baf-85fe-5b38-68729eae3bfc,103927,69
2018-12-14 01:00:58.821,181219003044649,18121401,XBTUSD,Sell,16,3267,ZeroMinusTick,207e88a3-014c-679b-f428-7e092099581c,103943,70
2018-12-14 01:00:58.821,181219003044649,18121401,XBTUSD,Sell,218,3267,ZeroMinusTick,57f63041-dde0-2148-b8f6-4f4a42a71713,104161,71
2018-12-14 01:00:58.821,181219003044649,18121401,XBTUSD,Sell,282,3267,ZeroMinusTick,d3b32a14-3bea-6f01-d385-e71145c48e48,104443,72
2018-12-14 01:00:58.821,181219003044649,18121401,XBTUSD,Sell,1936,3267,ZeroMinusTick,dcf62253-8268-42c6-6d78-f79fc48c25fc,106379,73
2018-12-14 01:00:59.032,181219003044649,18121401,XBTUSD,Sell,5,3267,ZeroMinusTick,0864f28f-6a8e-cfac-9998-1aa2edac257e,106384,74
2018-12-14 01:01:01.429,181219003044649,18121401,XBTUSD,Buy,4000,3267.5,PlusTick,234c944f-1074-902e-e9b9-f445b0ee580b,110384,75
2018-12-14 01:01:02.005,181219003044649,18121401,XBTUSD,Buy,15,3267.5,ZeroPlusTick,133d4f60-4461-da7c-060e-be0b97205cf7,110399,76
2018-12-14 01:01:03.245,181219003044649,18121401,XBTUSD,Sell,1500,3267,ZeroMinusTick,9be47f9d-9dee-2368-d9bd-33bf59eba956,111899,77
2018-12-14 01:01:04.055,181219003044649,18121401,XBTUSD,Sell,545,3267,ZeroMinusTick,da26596b-54f2-3943-ebbc-efdefe8df205,112444,78
2018-12-14 01:01:04.785,181219003044649,18121401,XBTUSD,Sell,27,3267,ZeroMinusTick,360cfc3e-78b0-63b3-daf8-2267979023d2,112471,79
2018-12-14 01:00:02.690,181219003044649,18121401,XBTUSD,Sell,321,3267,MinusTick,216753d0-f461-1575-9370-214bd77a95a2,112792,80
2018-12-14 01:00:02.767,181219003044649,18121401,XBTUSD,Buy,355,3267.5,PlusTick,aa0bdc5b-242d-349b-74f6-251ca5c8bab2,113147,81
2018-12-14 01:00:12.026,181219003044649,18121401,XBTUSD,Sell,300,3267,ZeroMinusTick,8c40e7d7-b4a1-f87e-fad1-820d8926f2f1,113447,82
2018-12-14 01:00:15.337,181219003044649,18121401,XBTUSD,Sell,5000,3267,ZeroMinusTick,576c1d57-f5d6-f841-5148-dcbf5afa7296,118447,83
2018-12-14 01:00:18.232,181219003044649,18121401,XBTUSD,Sell,90,3267,ZeroMinusTick,5d04b22f-0ad3-24ca-52b0-ab4396bf2a63,118537,84
2018-12-14 01:00:24.010,181219003044649,18121401,XBTUSD,Sell,85,3267,ZeroMinusTick,3e44d658-3273-481b-5ebe-a5e2035110d5,118622,85
2018-12-14 01:00:40.471,181219003044649,18121401,XBTUSD,Sell,92,3267,ZeroMinusTick,439edb03-61f3-e9e6-c7bf-bdc7089bc6be,118714,86
2018-12-14 01:00:51.477,181219003044649,18121401,XBTUSD,Sell,400,3267,MinusTick,d2bde49c-3bd5-58fc-92f8-985830d4b164,119114,87
2018-12-14 01:00:52.438,181219003044649,18121401,XBTUSD,Sell,100,3267,ZeroMinusTick,5f7333df-b512-0dae-4076-3d31237934e4,119214,88
2018-12-14 01:00:55.837,181219003044649,18121401,XBTUSD,Sell,3932,3267,ZeroMinusTick,fa145a5e-33f3-97ae-b2f7-28c16b56e41b,123146,89
2018-12-14 01:00:57.067,181219003044649,18121401,XBTUSD,Sell,6068,3267,ZeroMinusTick,3293f670-86b0-ddef-4df6-5df18b3673d6,129214,90
2018-12-14 01:00:57.067,181219003044649,18121401,XBTUSD,Sell,8182,3267,ZeroMinusTick,d3ac43b7-fcf6-52f3-3746-0254063f141e,137396,91
2018-12-14 01:00:58.358,181219003044649,18121401,XBTUSD,Sell,1000,3267,ZeroMinusTick,50edfc9d-410c-b6dc-7edb-c43fbd0ee5e3,138396,92
2018-12-14 01:00:58.821,181219003044649,18121401,XBTUSD,Sell,11146,3267,ZeroMinusTick,c84e107d-895b-9984-7326-4db9148f619b,149542,93
2018-12-14 01:00:58.821,181219003044649,18121401,XBTUSD,Sell,13,3267,ZeroMinusTick,699e07fb-1559-7ae8-12c0-a487170a6865,149555,94
2018-12-14 01:00:58.821,181219003044649,18121401,XBTUSD,Sell,28,3267,ZeroMinusTick,fa892399-57b2-88fe-15ab-2a3c8b65cfdc,149583,95
2018-12-14 01:00:59.032,181219003044649,18121401,XBTUSD,Sell,24065,3267,ZeroMinusTick,d9078253-fed9-29e3-8795-ec6a0fe0f01a,173648,96
2018-12-14 01:00:59.032,181219003044649,18121401,XBTUSD,Sell,4095,3267,ZeroMinusTick,bb83ed8a-135d-fcc8-1e6c-ba7df016aaa2,177743,97
2018-12-14 01:01:00.641,181219003044649,18121401,XBTUSD,Sell,2000,3267,ZeroMinusTick,2dd388a3-4455-e2ea-4077-f1d26bdb5899,179743,98
2018-12-14 01:01:04.785,181219003044649,18121401,XBTUSD,Sell,1,3267,ZeroMinusTick,6c9834c5-b93b-6257-ad69-706677643b35,179744,99
2018-12-14 01:01:06.725,181219003044649,18121401,XBTUSD,Sell,30,3267,ZeroMinusTick,ad4cd69e-ea7e-2eca-2fba-77268b2bdc28,179774,100
2018-12-14 01:01:07.041,181219003044649,18121401,XBTUSD,Sell,3000,3267,ZeroMinusTick,7e66ebf3-018e-9485-76c2-4c93e02f8675,182774,101
2018-12-14 01:01:10.828,181219003044649,18121401,XBTUSD,Buy,62,3267,PlusTick,e600cb58-3e30-74b3-9f07-aa0cf0e8f536,182836,102
2018-12-14 01:01:11.400,181219003044649,18121401,XBTUSD,Sell,28,3266.5,MinusTick,214f6d91-4bf0-1944-2baf-4a506fc1c4b4,182864,103
2018-12-14 01:00:05.817,181219003044649,18121401,XBTUSD,Buy,2000,3267.5,ZeroPlusTick,9901d0b2-548e-2364-b072-3927171ede5e,184864,104
2018-12-14 01:00:12.026,181219003044649,18121401,XBTUSD,Sell,885,3267,ZeroMinusTick,7cbae063-5539-5b7f-c85b-aaa43f6e9171,185749,105
2018-12-14 01:00:14.344,181219003044650,18121401,XBTUSD,Buy,19,3267.5,PlusTick,cb8c2c75-f1b9-261b-fb27-afc48253172b,185768,106
2018-12-14 01:00:40.471,181219003044650,18121401,XBTUSD,Sell,18,3267,MinusTick,7fc68187-b5c4-14a3-142d-a46f47c44266,185786,107
2018-12-14 01:00:41.485,181219003044650,18121401,XBTUSD,Sell,8,3267,ZeroMinusTick,735f6fb8-6c63-f953-f7b3-2be97ee20102,185794,108
2018-12-14 01:00:42.166,181219003044650,18121401,XBTUSD,Sell,27,3267,ZeroMinusTick,80c7749b-1a75-787d-ebea-e94d99cb584b,185821,109
2018-12-14 01:00:52.212,181219003044650,18121401,XBTUSD,Buy,15,3267.5,PlusTick,f6365b06-80b1-1825-1887-6eba40f80a6c,185836,110
2018-12-14 01:00:52.438,181219003044650,18121401,XBTUSD,Sell,610,3267,MinusTick,18ec6deb-307c-7548-d82f-cb0c9c252398,186446,111
2018-12-14 01:00:55.445,181219003044650,18121401,XBTUSD,Sell,3000,3267,ZeroMinusTick,fb5658d5-dbd8-8010-53be-d93c7f67500e,189446,112
2018-12-14 01:00:55.837,181219003044650,18121401,XBTUSD,Sell,2539,3267,ZeroMinusTick,487cadc3-65bf-7f05-b28f-791f31c8bbfb,191985,113
2018-12-14 01:00:57.067,181219003044650,18121401,XBTUSD,Sell,1993,3267,ZeroMinusTick,b1151cb6-6959-5fb7-c5ac-b10c1ef40a2c,193978,114
2018-12-14 01:00:58.821,181219003044650,18121401,XBTUSD,Sell,3344,3267,ZeroMinusTick,cf3850b3-fc81-76e3-5a96-8c10d3bbbc09,197322,115
2018-12-14 01:00:58.821,181219003044650,18121401,XBTUSD,Sell,71,3267,ZeroMinusTick,f1a52c64-15c4-400f-2332-c279cb722c19,197393,116
2018-12-14 01:00:58.821,181219003044650,18121401,XBTUSD,Sell,203,3267,ZeroMinusTick,6decd722-f3cb-beb6-df6e-95e7b4d73233,197596,117
2018-12-14 01:00:59.032,181219003044650,18121401,XBTUSD,Sell,12,3267,ZeroMinusTick,c147c148-da6f-5b76-d5a3-5de4488fe83c,197608,118
2018-12-14 01:01:00.641,181219003044650,18121401,XBTUSD,Sell,163,3267,ZeroMinusTick,30f416dc-43ab-86fb-011a-1c065a955fcf,197771,119
2018-12-14 01:01:02.838,181219003044650,18121401,XBTUSD,Sell,567,3267,MinusTick,077d2475-da05-d4bf-7792-0830cb507e9f,198338,120
2018-12-14 01:01:04.785,181219003044650,18121401,XBTUSD,Sell,50,3267,ZeroMinusTick,a288b63b-b421-aa21-c7e5-699071410e5e,198388,121
2018-12-14 01:01:17.028,181219003044650,18121401,XBTUSD,Sell,50,3266.5,ZeroMinusTick,e55eb8ff-a669-e990-f081-d10f0458785e,198438,122
2018-12-14 01:00:06.196,181219003044650,18121401,XBTUSD,Buy,10,3267.5,ZeroPlusTick,2e18d20a-783a-caf2-241c-f43a4fb309f7,198448,123
2018-12-14 01:00:42.166,181219003044650,18121401,XBTUSD,Sell,12,3267,ZeroMinusTick,0e280381-927b-b7fd-a094-d548f0537c3e,198460,124
2018-12-14 01:00:48.484,181219003044650,18121401,XBTUSD,Sell,2000,3267,ZeroMinusTick,a84e3f91-4985-9f42-6ab2-2615bbe12b32,200460,125
2018-12-14 01:00:48.597,181219003044650,18121401,XBTUSD,Sell,100,3267,ZeroMinusTick,4961034f-038a-2765-a80d-9199685a88c5,200560,126
2018-12-14 01:00:52.438,181219003044650,18121401,XBTUSD,Sell,100,3267,ZeroMinusTick,3edb7ec2-2cac-67e0-f711-f5677a5613f2,200660,127
2018-12-14 01:00:52.757,181219003044650,18121401,XBTUSD,Sell,2461,3267,ZeroMinusTick,036e8f2b-613a-fbc4-87e2-851338c4ab40,203121,128
2018-12-14 01:00:55.837,181219003044650,18121401,XBTUSD,Sell,9801,3267,ZeroMinusTick,f37e8719-c237-8b6c-7e9b-69c3b01a4b73,212922,129
2018-12-14 01:00:57.067,181219003044650,18121401,XBTUSD,Sell,57,3267,ZeroMinusTick,2cbd336a-9329-7b8c-e563-5b0afbe092be,212979,130
2018-12-14 01:00:57.104,181219003044650,18121401,XBTUSD,Buy,15,3267.5,PlusTick,e5f88cf8-899c-1c1e-2ca5-b1a5bed09596,212994,131
2018-12-14 01:00:58.821,181219003044650,18121401,XBTUSD,Sell,500,3267,ZeroMinusTick,85f4c4cf-5afc-6ea1-48bb-518bcf7b490f,213494,132
2018-12-14 01:00:58.821,181219003044650,18121401,XBTUSD,Sell,50,3267,ZeroMinusTick,fd66cdee-1f72-4354-f93f-30c628333879,213544,133
2018-12-14 01:00:58.821,181219003044650,18121401,XBTUSD,Sell,3,3267,ZeroMinusTick,01890f37-0c33-831b-6161-ca1755025f71,213547,134
2018-12-14 01:00:58.821,181219003044650,18121401,XBTUSD,Sell,20,3267,ZeroMinusTick,9c304751-6ae7-9bc2-795a-6c2f5f9b13a1,213567,135
2018-12-14 01:00:59.032,181219003044650,18121401,XBTUSD,Sell,25,3267,ZeroMinusTick,bff17750-15d7-2407-f536-285ba3656fe7,213592,136
2018-12-14 01:01:01.276,181219003044650,18121401,XBTUSD,Sell,1000,3267,ZeroMinusTick,13e8c6ef-9ac5-88c8-dd1b-09475659d0a3,214592,137
2018-12-14 01:01:04.055,181219003044650,18121401,XBTUSD,Sell,163,3267,ZeroMinusTick,d9d6182b-e58c-9ca3-92e0-4bf352400d56,214755,138
2018-12-14 01:01:04.785,181219003044650,18121401,XBTUSD,Sell,50,3267,ZeroMinusTick,f3c35ded-c2b5-d511-710e-43a63c9b8aeb,214805,139
2018-12-14 01:01:08.480,181219003044650,18121401,XBTUSD,Sell,30,3267,ZeroMinusTick,b3db469b-27ca-8b13-8712-9a8bb6eb30ed,214835,140
2018-12-14 01:01:11.568,181219003044650,18121401,XBTUSD,Sell,30,3266.5,ZeroMinusTick,7e4e1689-be26-63cd-ef24-ef3a54efe30f,214865,141
2018-12-14 01:01:12.146,181219003044650,18121401,XBTUSD,Sell,867,3266.5,ZeroMinusTick,69fd3b8a-a8f0-7d33-196a-3fbce93fe2c2,215732,142
2018-12-14 01:01:17.028,181219003044650,18121401,XBTUSD,Sell,10000,3266.5,ZeroMinusTick,a03a3cc7-fe30-d5f9-7ad3-c0b8947fae53,225732,143
2018-12-14 01:01:18.198,181219003044650,18121401,XBTUSD,Sell,27,3266.5,ZeroMinusTick,d97c0d7d-8974-3efd-1a03-f80422349318,225759,144
2018-12-14 01:01:40.105,181219003044650,18121401,XBTUSD,Sell,200,3266.5,MinusTick,3727039b-ee67-6e67-2599-8fa31b16ffbf,225959,145
2018-12-14 01:01:55.096,181219003044650,18121401,XBTUSD,Sell,22,3266.5,ZeroMinusTick,de411fc5-598e-fdd3-e7e3-f7b14889e465,225981,146
2018-12-14 01:00:04.149,181219003044650,18121401,XBTUSD,Buy,500,3267.5,ZeroPlusTick,da684234-f982-eec2-9c20-18f1b9fccdd0,226481,147
2018-12-14 01:00:09.733,181219003044650,18121401,XBTUSD,Sell,743,3267,MinusTick,a2c4b0c0-4803-1698-82ec-b82d86754396,227224,148
2018-12-14 01:00:11.482,181219003044650,18121401,XBTUSD,Buy,19,3267.5,PlusTick,5bcc3a19-4dc5-a043-30ee-dbca30c5f889,227243,149
2018-12-14 01:00:24.010,181219003044650,18121401,XBTUSD,Sell,1910,3267,ZeroMinusTick,d5e700bd-d4c8-37e1-ecf9-2cbae8d8179b,229153,150
2018-12-14 01:00:26.488,181219003044650,18121401,XBTUSD,Sell,2,3267,ZeroMinusTick,e7b6656a-2972-dbca-0c15-d79f1bfb9df1,229155,151
2018-12-14 01:00:29.356,181219003044650,18121401,XBTUSD,Buy,13,3267.5,ZeroPlusTick,b4bff292-413a-3070-f72e-94563047fd01,229168,152
2018-12-14 01:00:42.166,181219003044650,18121401,XBTUSD,Sell,12,3267,ZeroMinusTick,55b60b93-7b70-03aa-84fa-2dbe24805cb0,229180,153
2018-12-14 01:00:48.982,181219003044650,18121401,XBTUSD,Buy,131,3267.5,PlusTick,c2e15e37-06a6-5ca9-e1c3-f755e9e9d891,229311,154
2018-12-14 01:00:52.438,181219003044650,18121401,XBTUSD,Sell,227,3267,ZeroMinusTick,0f676f34-7066-157a-4ebf-31008238f7e8,229538,155
2018-12-14 01:00:52.757,181219003044650,18121401,XBTUSD,Sell,773,3267,ZeroMinusTick,8fc91e3a-863b-0721-3c75-a89c191b89d3,230311,156
2018-12-14 01:00:54.244,181219003044650,18121401,XBTUSD,Sell,1000,3267,ZeroMinusTick,fb99db5a-39d4-8fe1-1a12-e7266afefc63,231311,157
2018-12-14 01:00:55.837,181219003044650,18121401,XBTUSD,Sell,220,3267,ZeroMinusTick,55679626-b592-e78c-f172-83d09bf93685,231531,158
2018-12-14 01:00:57.067,181219003044650,18121401,XBTUSD,Sell,250,3267,ZeroMinusTick,271690fd-12bf-b40f-b5a7-dd3f0a1b818a,231781,159
2018-12-14 01:00:58.821,181219003044650,18121401,XBTUSD,Sell,7520,3267,ZeroMinusTick,d17d1c39-599e-47b2-5ef4-562fdd3cd72e,239301,160
2018-12-14 01:00:58.821,181219003044650,18121401,XBTUSD,Sell,10,3267,ZeroMinusTick,1c7520bd-3047-e5e6-2a7f-9ceead4c3b20,239311,161
2018-12-14 01:00:58.821,181219003044650,18121401,XBTUSD,Sell,459,3267,ZeroMinusTick,156f9afb-c4ae-c0ee-c253-ad7aa068a327,239770,162
2018-12-14 01:00:58.821,181219003044650,18121401,XBTUSD,Sell,163,3267,ZeroMinusTick,31098324-ad7d-bf05-9696-f0df6435addc,239933,163
2018-12-14 01:00:59.032,181219003044650,18121401,XBTUSD,Sell,163,3267,ZeroMinusTick,da661487-5cc3-3a03-ff50-fd3e583f9727,240096,164
2018-12-14 01:01:04.055,181219003044650,18121401,XBTUSD,Sell,8,3267,ZeroMinusTick,18430c46-a395-d68f-5d67-498629e41475,240104,165
2018-12-14 01:01:06.644,181219003044650,18121401,XBTUSD,Sell,1000,3267,ZeroMinusTick,b6c7cb5b-b54b-6d39-6a5d-7d11eb41aa9c,241104,166
2018-12-14 01:01:08.480,181219003044650,18121401,XBTUSD,Sell,35,3267,ZeroMinusTick,f6716f97-9d21-5312-5d8e-78894bf48eec,241139,167
2018-12-14 01:01:17.028,181219003044650,18121401,XBTUSD,Sell,55,3266.5,ZeroMinusTick,671aff92-a76c-ce45-70a5-6ad4d770dae6,241194,168
2018-12-14 01:01:22.044,181219003044650,18121401,XBTUSD,Sell,2000,3266.5,ZeroMinusTick,f4f64a4d-5712-3ee1-04c9-076e49eeee8f,243194,169
2018-12-14 01:01:37.410,181219003044650,18121401,XBTUSD,Buy,120,3267,PlusTick,86c041be-38ce-c214-60f6-e50ea376a3f7,243314,170
2018-12-14 01:01:45.415,181219003044650,18121401,XBTUSD,Sell,1000,3266.5,ZeroMinusTick,4ee3d986-1d62-e190-7ed5-5a485246a49e,244314,171
2018-12-14 01:01:47.281,181219003044650,18121401,XBTUSD,Sell,2000,3266.5,ZeroMinusTick,bc4f3ddc-2259-dddf-863c-e19d5ba691cf,246314,172
2018-12-14 01:02:01.460,181219003044650,18121401,XBTUSD,Buy,150,3267,PlusTick,5bec8129-d8c9-95f4-6a64-86389094ee18,246464,173
2018-12-14 01:02:41.908,181219003044650,18121401,XBTUSD,Sell,50,3266.5,ZeroMinusTick,aa448498-6e00-c9e8-3c49-79e0de4af1a4,246514,174
2018-12-14 01:02:43.036,181219003044650,18121401,XBTUSD,Buy,2000,3267,PlusTick,b1323b9a-0f6c-8cd9-9cec-6c516db604a0,248514,175
2018-12-14 01:02:47.885,181219003044650,18121401,XBTUSD,Sell,8000,3266.5,ZeroMinusTick,2802d4f7-38cf-d92b-1712-ce971a2a3a3c,256514,176
2018-12-14 01:03:01.468,181219003044651,18121401,XBTUSD,Buy,250,3267,ZeroPlusTick,60e914a9-aa48-ade9-3971-5587c50baed5,256764,177
2018-12-14 01:00:24.752,181219003044651,18121401,XBTUSD,Buy,1000,3267.5,PlusTick,2449a30b-14ef-97d5-5642-7f918a809395,257764,178
2018-12-14 01:00:30.557,181219003044651,18121401,XBTUSD,Buy,8514,3267.5,ZeroPlusTick,347ee5ce-63ac-b7e8-9913-c4d72925aa42,266278,179
2018-12-14 01:00:40.471,181219003044651,18121401,XBTUSD,Sell,30,3267,ZeroMinusTick,a9506714-d0a0-65dd-2737-efa95b12ea9f,266308,180
2018-12-14 01:00:44.927,181219003044651,18121401,XBTUSD,Sell,1284,3267,ZeroMinusTick,bb71dd30-60c2-9dce-3c1d-f52923c00a7a,267592,181
2018-12-14 01:00:52.438,181219003044651,18121401,XBTUSD,Sell,100,3267,ZeroMinusTick,e475921d-9439-b496-a196-8220202855ca,267692,182
2018-12-14 01:00:53.385,181219003044651,18121401,XBTUSD,Sell,300,3267,ZeroMinusTick,16e98d3a-e701-88b5-3502-cf15162f4ec8,267992,183
2018-12-14 01:00:57.067,181219003044651,18121401,XBTUSD,Sell,10000,3267,ZeroMinusTick,1651522d-db69-9b2f-b50c-24d0a3939eb9,277992,184
2018-12-14 01:00:58.291,181219003044651,18121401,XBTUSD,Sell,1480,3267,ZeroMinusTick,6bafe1a3-1031-6f45-2ee5-f946d93f4c53,279472,185
2018-12-14 01:00:58.821,181219003044651,18121401,XBTUSD,Sell,45,3267,ZeroMinusTick,a9dba4c8-13f1-c4b8-44c4-9279762f1c65,279517,186
2018-12-14 01:00:58.821,181219003044651,18121401,XBTUSD,Sell,318,3267,ZeroMinusTick,fdd1271e-0cf4-becf-6cc5-f025c77ca004,279835,187
2018-12-14 01:00:58.821,181219003044651,18121401,XBTUSD,Sell,24,3267,ZeroMinusTick,ce43f532-538a-96de-8ffe-44c8adcc73e1,279859,188
2018-12-14 01:00:58.923,181219003044651,18121401,XBTUSD,Sell,9999,3267,ZeroMinusTick,db3f9581-4df2-1b76-99d7-2cea5c78ab0e,289858,189
2018-12-14 01:00:59.032,181219003044651,18121401,XBTUSD,Sell,3267,3267,ZeroMinusTick,35ed9e50-67a6-7417-566b-0e0c943cf9de,293125,190
2018-12-14 01:01:00.641,181219003044651,18121401,XBTUSD,Sell,820,3267,ZeroMinusTick,af2c769a-8ff8-bfc9-f5d2-7886d42e0619,293945,191
2018-12-14 01:01:04.055,181219003044651,18121401,XBTUSD,Sell,5000,3267,ZeroMinusTick,339ff490-9af0-1ff6-d977-7bb4e50b49c1,298945,192
2018-12-14 01:01:08.181,181219003044651,18121401,XBTUSD,Sell,174,3267,MinusTick,27d0ad65-d0cf-661f-2b0a-317a8428cfbf,299119,193
2018-12-14 01:01:11.568,181219003044651,18121401,XBTUSD,Sell,30,3266.5,ZeroMinusTick,e83cf4b7-ddb8-411c-ca43-6e8ee69d0e5b,299149,194
2018-12-14 01:01:13.612,181219003044651,18121401,XBTUSD,Buy,52,3267,PlusTick,1badd9f4-0988-12b8-5b28-8029cda3566d,299201,195
2018-12-14 01:01:17.028,181219003044651,18121401,XBTUSD,Sell,20,3266.5,ZeroMinusTick,3eb4d0fd-c48c-508a-c1c6-fd49f908cbf6,299221,196
2018-12-14 01:01:32.474,181219003044651,18121401,XBTUSD,Sell,319,3266.5,MinusTick,30805924-363e-be20-1558-6f62a655ffe1,299540,197
2018-12-14 01:01:47.281,181219003044651,18121401,XBTUSD,Sell,1859,3266.5,ZeroMinusTick,af14d375-196a-938c-7e03-c29a84a8dee8,301399,198
2018-12-14 01:02:01.472,181219003044651,18121401,XBTUSD,Buy,5,3267,ZeroPlusTick,69d05a98-070b-e98b-6e95-82c867c93eac,301404,199
2018-12-14 01:02:03.186,181219003044651,18121401,XBTUSD,Sell,150,3266.5,MinusTick,b96a5ff3-1009-a6c5-5052-5ffa7d9b7590,301554,200
2018-12-14 01:02:08.549,181219003044651,18121401,XBTUSD,Sell,86,3266.5,ZeroMinusTick,9b288d79-d645-2773-0762-906f5e9f0503,301640,201
2018-12-14 01:02:08.940,181219003044651,18121401,XBTUSD,Buy,3266,3267,PlusTick,6bba99b6-fa91-1412-532d-35110804f0e8,304906,202
2018-12-14 01:02:12.611,181219003044651,18121401,XBTUSD,Sell,500,3266.5,MinusTick,663e5e8b-d66b-697e-0348-af378e70168e,305406,203
2018-12-14 01:02:23.684,181219003044651,18121401,XBTUSD,Sell,200,3266.5,ZeroMinusTick,e7afcd05-0742-cfd0-80bc-2c1822fad61f,305606,204
2018-12-14 01:02:23.732,181219003044651,18121401,XBTUSD,Sell,1000,3266.5,ZeroMinusTick,9fdc51db-01af-24e8-e832-7bf291886627,306606,205
2018-12-14 01:02:25.672,181219003044651,18121401,XBTUSD,Sell,2,3266.5,ZeroMinusTick,765daab8-3398-7eeb-9b9b-d9de3d2cd8fb,306608,206
2018-12-14 01:02:26.017,181219003044651,18121401,XBTUSD,Sell,2,3266.5,ZeroMinusTick,49334205-7236-a275-b63d-6962d41b6caf,306610,207
2018-12-14 01:02:38.847,181219003044651,18121401,XBTUSD,Sell,1782,3266.5,ZeroMinusTick,b6355d9d-56a5-38fa-a03d-bc79692f423b,308392,208
2018-12-14 01:02:41.908,181219003044651,18121401,XBTUSD,Sell,10,3266.5,ZeroMinusTick,dd2a9497-c202-2c6d-66f4-8ddca1446a03,308402,209
2018-12-14 01:03:10.766,181219003044651,18121401,XBTUSD,Sell,13,3266.5,ZeroMinusTick,85168fe6-7980-cf23-ff41-f6a1f97c19e2,308415,210
2018-12-14 01:03:26.316,181219003044651,18121401,XBTUSD,Sell,200,3266.5,ZeroMinusTick,988e63a1-d564-fd5e-bae7-cfa0d1617c9a,308615,211
2018-12-14 01:03:33.315,181219003044651,18121401,XBTUSD,Buy,2600,3267,PlusTick,e6bac624-fb5f-f7f5-c5d3-0de7ec25149f,311215,212
2018-12-14 01:03:33.603,181219003044651,18121401,XBTUSD,Sell,2000,3266.5,MinusTick,99c8cfbd-3bb0-939d-886b-5dbce7fa08eb,313215,213
2018-12-14 01:03:45.806,181219003044651,18121401,XBTUSD,Sell,30,3266.5,ZeroMinusTick,0eb0ad37-3e0a-185e-bb57-4037408f54de,313245,214
2018-12-14 01:03:45.806,181219003044651,18121401,XBTUSD,Sell,9,3266.5,ZeroMinusTick,28e91c43-d410-7bc6-4a7a-4ebebf77f45d,313254,215
2018-12-14 01:03:45.806,181219003044651,18121401,XBTUSD,Sell,300,3266.5,ZeroMinusTick,4516c0c8-44e3-f08a-5da3-ae6d7bb9be2a,313554,216
2018-12-14 01:03:45.806,181219003044651,18121401,XBTUSD,Sell,100,3266.5,ZeroMinusTick,563e57cf-6f14-d262-cfcd-181d4cf097a6,313654,217
2018-12-14 01:03:47.947,181219003044651,18121401,XBTUSD,Sell,100,3266,ZeroMinusTick,3def8126-5593-45ba-458a-054c073c2067,313754,218
2018-12-14 01:03:47.947,181219003044651,18121401,XBTUSD,Sell,71,3266,ZeroMinusTick,3848946d-b5ee-197e-652a-1106201f1b54,313825,219
2018-12-14 01:03:47.947,181219003044651,18121401,XBTUSD,Sell,7000,3266,ZeroMinusTick,d67a30ae-e310-d492-ad7a-36dbb3a8f99b,320825,220
2018-12-14 01:00:30.557,181219003044651,18121401,XBTUSD,Buy,1486,3267.5,ZeroPlusTick,41b5fc6f-44a2-53e9-087f-36a2110fc46b,322311,221
2018-12-14 01:00:39.598,181219003044651,18121401,XBTUSD,Buy,15,3267.5,ZeroPlusTick,534e9205-4040-b3c9-83a9-8f6d95dc6ed1,322326,222
2018-12-14 01:00:44.927,181219003044651,18121401,XBTUSD,Sell,52,3267,ZeroMinusTick,4ebd76f0-0fab-af84-aec2-6c635b9925d2,322378,223
2018-12-14 01:00:52.438,181219003044651,18121401,XBTUSD,Sell,163,3267,ZeroMinusTick,494c2e1e-aef8-7864-535f-3ec63dc01a68,322541,224
2018-12-14 01:00:55.837,181219003044651,18121401,XBTUSD,Sell,10000,3267,ZeroMinusTick,a6af8ff8-7d85-716f-4e15-8fd10a2184a2,332541,225
2018-12-14 01:00:57.067,181219003044651,18121401,XBTUSD,Sell,1800,3267,ZeroMinusTick,5d7d17de-379d-565d-9e4d-8e258ea0e57b,334341,226
2018-12-14 01:00:58.735,181219003044651,18121401,XBTUSD,Sell,2520,3267,ZeroMinusTick,672cdb37-400a-cb29-32c0-c57370be6063,336861,227
2018-12-14 01:00:58.821,181219003044651,18121401,XBTUSD,Sell,50,3267,ZeroMinusTick,3b8d72c7-0678-3ff3-aa4c-58a517924fda,336911,228
2018-12-14 01:00:58.821,181219003044651,18121401,XBTUSD,Sell,429,3267,ZeroMinusTick,356fbb57-175e-e639-bbcf-d350472634f7,337340,229
2018-12-14 01:00:58.821,181219003044651,18121401,XBTUSD,Sell,11,3267,ZeroMinusTick,b3be25a2-2ec5-0e6e-c066-355f28d2d21a,337351,230
2018-12-14 01:00:59.032,181219003044651,18121401,XBTUSD,Sell,27,3267,ZeroMinusTick,7fa3fafb-0af9-e51b-07bc-11cf96f0b58d,337378,231
2018-12-14 01:01:00.641,181219003044651,18121401,XBTUSD,Sell,2320,3267,ZeroMinusTick,444f6981-4586-0b99-55e9-833e704d10aa,339698,232
2018-12-14 01:01:00.712,181219003044651,18121401,XBTUSD,Sell,600,3267,ZeroMinusTick,8790390c-471b-5b83-e217-38171e4a1150,340298,233
2018-12-14 01:01:01.529,181219003044651,18121401,XBTUSD,Buy,400,3267.5,ZeroPlusTick,67a0c27d-8776-6ffa-3e20-776eee2714cc,340698,234
2018-12-14 01:01:01.702,181219003044651,18121401,XBTUSD,Buy,2000,3267.5,ZeroPlusTick,1df9558d-c30c-16d8-5c93-bf5041383c08,342698,235
2018-12-14 01:01:01.737,181219003044651,18121401,XBTUSD,Buy,2000,3267.5,ZeroPlusTick,2561da07-58b3-0119-2e36-d7d5a2b349b3,344698,236
2018-12-14 01:01:04.055,181219003044651,18121401,XBTUSD,Sell,205,3267,ZeroMinusTick,4307040e-f0bd-ff02-fefc-7fb28ab7c7a7,344903,237
2018-12-14 01:01:04.785,181219003044651,18121401,XBTUSD,Sell,33,3267,ZeroMinusTick,89bd881a-86d8-52d8-ee81-99e8d8e9c7f0,344936,238
2018-12-14 01:01:11.568,181219003044651,18121401,XBTUSD,Sell,101,3266.5,ZeroMinusTick,64cc5a55-fb78-e0aa-93a8-05462a0171e8,345037,239
2018-12-14 01:01:12.146,181219003044651,18121401,XBTUSD,Sell,2399,3266.5,ZeroMinusTick,66573f63-b655-ea78-e1a4-f66fda231b90,347436,240
2018-12-14 01:01:17.028,181219003044651,18121401,XBTUSD,Sell,254,3266.5,ZeroMinusTick,5590969a-9a7b-baf6-c4e3-7d2932e773df,347690,241
2018-12-14 01:01:18.198,181219003044651,18121401,XBTUSD,Sell,473,3266.5,ZeroMinusTick,7a9719c7-71c0-1dc7-ea32-346bfb19a6a8,348163,242
2018-12-14 01:01:24.445,181219003044651,18121401,XBTUSD,Sell,13,3266.5,ZeroMinusTick,02b03ccb-22a3-40a1-f776-e595fee3e3a5,348176,243
2018-12-14 01:01:30.438,181219003044651,18121401,XBTUSD,Sell,150,3266.5,ZeroMinusTick,6b57001f-21af-d8c2-52d8-147cb9351d92,348326,244
2018-12-14 01:01:47.281,181219003044651,18121401,XBTUSD,Sell,1984,3266.5,ZeroMinusTick,0fef880b-60fc-dfaf-a85f-f898d119eda0,350310,245
2018-12-14 01:01:48.686,181219003044651,18121401,XBTUSD,Sell,4897,3266.5,ZeroMinusTick,03d3de1f-1005-4a43-f52e-544bf4ab694b,355207,246
2018-12-14 01:01:55.096,181219003044651,18121401,XBTUSD,Sell,653,3266.5,ZeroMinusTick,ab2d38dd-6026-ab85-8b4a-ed7ffa579c13,355860,247
2018-12-14 01:02:01.490,181219003044651,18121401,XBTUSD,Buy,5000,3267,ZeroPlusTick,d3c32ef3-2fe8-6324-789e-c9254595f8a3,360860,248
2018-12-14 01:02:03.784,181219003044651,18121401,XBTUSD,Sell,1500,3266.5,ZeroMinusTick,40c28c23-4e4c-a1a7-ba61-1665157b9534,362360,249
2018-12-14 01:02:17.982,181219003044651,18121401,XBTUSD,Sell,13568,3266.5,ZeroMinusTick,b08d3d8a-a873-d089-6a3b-4bd4e4ac8090,375928,250
2018-12-14 01:02:41.908,181219003044651,18121401,XBTUSD,Sell,50,3266.5,ZeroMinusTick,4f8596e9-7e76-1f9d-fd9f-7b659b4d1528,375978,251
2018-12-14 01:02:52.285,181219003044651,18121401,XBTUSD,Buy,327,3267,ZeroPlusTick,57b5f9b5-f376-3124-becf-c0ce0b002ae1,376305,252
2018-12-14 01:03:01.027,181219003044652,18121401,XBTUSD,Buy,3000,3267,ZeroPlusTick,2286d444-7556-aec0-6727-310eef91cace,379305,253
2018-12-14 01:03:36.289,181219003044652,18121401,XBTUSD,Sell,75,3266.5,ZeroMinusTick,f7daace2-3912-d645-f483-a48441f9a9ce,379380,254
2018-12-14 01:03:40.886,181219003044652,18121401,XBTUSD,Buy,1,3267,PlusTick,b9c3ad3c-1cd4-475d-8126-595492881fdd,379381,255
2018-12-14 01:03:40.996,181219003044652,18121401,XBTUSD,Sell,500,3266.5,MinusTick,875bf59e-f69b-dc30-031a-e723c61d4fc5,379881,256
2018-12-14 01:03:45.806,181219003044652,18121401,XBTUSD,Sell,280,3266.5,ZeroMinusTick,b5888b5e-b157-0770-dcf2-3418d524866c,380161,257
2018-12-14 01:00:55.837,181219003044652,18121401,XBTUSD,Sell,14,3267,ZeroMinusTick,c71c7381-2c9f-2b56-a7cd-a9d0e719ecd5,380175,258
2018-12-14 01:00:57.067,181219003044652,18121401,XBTUSD,Sell,1000,3267,ZeroMinusTick,6db83777-9c98-443e-678b-240d1ae4e4c6,381175,259
2018-12-14 01:00:58.291,181219003044652,18121401,XBTUSD,Sell,500,3267,ZeroMinusTick,dad4bce4-1550-641f-06ff-0ca1de6ba1df,381675,260
2018-12-14 01:00:58.821,181219003044652,18121401,XBTUSD,Sell,9,3267,ZeroMinusTick,3fa57325-be07-281c-c38c-88211051aa50,381684,261
2018-12-14 01:00:58.821,181219003044652,18121401,XBTUSD,Sell,60,3267,ZeroMinusTick,63945aee-e09e-ae6d-c10e-d262f38d01e6,381744,262
2018-12-14 01:00:58.821,181219003044652,18121401,XBTUSD,Sell,128,3267,ZeroMinusTick,515857ac-38f5-9cc8-c109-3369aa151547,381872,263
2018-12-14 01:00:58.915,181219003044652,18121401,XBTUSD,Sell,10000,3267,ZeroMinusTick,443ddc39-d5dd-9df0-63a1-0821ddbd0394,391872,264
2018-12-14 01:00:59.032,181219003044652,18121401,XBTUSD,Sell,1001,3267,ZeroMinusTick,f9019ee8-4fe3-f68f-3aa3-1eef8e1c8344,392873,265
2018-12-14 01:01:00.641,181219003044652,18121401,XBTUSD,Sell,697,3267,ZeroMinusTick,31d451ef-2cc2-56c6-07f0-454084212f9c,393570,266
2018-12-14 01:01:04.055,181219003044652,18121401,XBTUSD,Sell,906,3267,ZeroMinusTick,7b76c0bc-b4ab-c8d7-ca00-816b49aaa221,394476,267
2018-12-14 01:01:04.785,181219003044652,18121401,XBTUSD,Sell,1457,3267,ZeroMinusTick,61f4ac2a-90f1-a257-1e20-8429b97f9378,395933,268
2018-12-14 01:01:06.639,181219003044652,18121401,XBTUSD,Sell,11000,3267,ZeroMinusTick,97c27fec-7a5f-cfcc-9267-4ff6d963efe9,406933,269
2018-12-14 01:01:08.006,181219003044652,18121401,XBTUSD,Buy,10,3267.5,PlusTick,c02d2d84-ffeb-c7d4-4086-2e80d1b4e5ea,406943,270
2018-12-14 01:01:08.480,181219003044652,18121401,XBTUSD,Sell,108,3266.5,MinusTick,210ee576-5ab0-1199-01bc-0a9bbf36728d,407051,271
2018-12-14 01:01:11.568,181219003044652,18121401,XBTUSD,Sell,13,3266.5,ZeroMinusTick,8b3cd03e-d4f8-09d6-e0ca-1ffd57ea73ba,407064,272
2018-12-14 01:01:17.028,181219003044652,18121401,XBTUSD,Sell,4000,3266.5,ZeroMinusTick,a4d6bf26-4326-4abf-e481-352bc2f9a5f4,411064,273
2018-12-14 01:01:17.028,181219003044652,18121401,XBTUSD,Sell,466,3266.5,ZeroMinusTick,45366188-31d8-61eb-3704-b7679196d6fe,411530,274
2018-12-14 01:01:24.445,181219003044652,18121401,XBTUSD,Sell,1455,3266.5,ZeroMinusTick,0cd4a90e-5eca-e570-9d2b-3226a5c6310a,412985,275
2018-12-14 01:01:28.963,181219003044652,18121401,XBTUSD,Sell,500,3266.5,ZeroMinusTick,e13e8d68-3254-7b4e-e50c-6d9bb0bcfa3b,413485,276
2018-12-14 01:01:47.281,181219003044652,18121401,XBTUSD,Sell,206,3266.5,ZeroMinusTick,6823f505-0dbd-40ab-c9ab-9c40bcd896a0,413691,277
2018-12-14 01:01:51.460,181219003044652,18121401,XBTUSD,Sell,50,3266.5,ZeroMinusTick,fe0ab4bb-d0f4-106c-0464-72bc7d9cb7a7,413741,278
2018-12-14 01:01:55.096,181219003044652,18121401,XBTUSD,Sell,9,3266.5,ZeroMinusTick,99ee2613-f97d-a645-58b5-e3fb19de6427,413750,279
2018-12-14 01:01:56.551,181219003044652,18121401,XBTUSD,Sell,100,3266.5,ZeroMinusTick,5a49f8a7-c3c3-0199-1593-29b054ea20a7,413850,280
2018-12-14 01:01:57.219,181219003044652,18121401,XBTUSD,Sell,1200,3266.5,ZeroMinusTick,628e6257-c64e-f753-fbe8-9a9112868787,415050,281
2018-12-14 01:02:41.908,181219003044652,18121401,XBTUSD,Sell,21,3266.5,ZeroMinusTick,8f4475b4-7ab6-b33d-f474-37645e765d2d,415071,282
2018-12-14 01:02:52.285,181219003044652,18121401,XBTUSD,Buy,5000,3267,ZeroPlusTick,7f3eda6e-b341-6e96-1a8b-a6d12ba6f1b1,420071,283
2018-12-14 01:03:01.027,181219003044652,18121401,XBTUSD,Buy,1000,3267,ZeroPlusTick,c71bf2a0-a41b-c44b-e182-2eaee7739b7b,421071,284
2018-12-14 01:03:32.826,181219003044652,18121401,XBTUSD,Sell,100,3266.5,MinusTick,9d7cb677-0bf8-5b9e-a9a7-da66f0debe28,421171,285
2018-12-14 01:03:45.700,181219003044652,18121401,XBTUSD,Sell,50,3266.5,ZeroMinusTick,6cc8b454-ba63-0e5d-2c3d-863a24417495,421221,286
2018-12-14 01:03:45.806,181219003044652,18121401,XBTUSD,Sell,16211,3266.5,ZeroMinusTick,55433d5b-9474-f81b-bef8-302c64cf772f,437432,287
2018-12-14 01:03:45.806,181219003044652,18121401,XBTUSD,Sell,15000,3266.5,ZeroMinusTick,df6ee098-69e4-dabf-4335-a6a6ac354f26,452432,288
2018-12-14 01:03:45.806,181219003044652,18121401,XBTUSD,Sell,100,3266.5,ZeroMinusTick,5423f6c5-dd41-161d-c40c-b2bd57a76afe,452532,289
2018-12-14 01:03:45.806,181219003044652,18121401,XBTUSD,Sell,100,3266.5,ZeroMinusTick,94eb9d34-a04e-e829-b492-d6cdd82569e4,452632,290
2018-12-14 01:03:46.562,181219003044652,18121401,XBTUSD,Buy,6345,3266.5,ZeroMinusTick,736eaba2-bb24-bf59-c6ba-1a9bf68b4a70,458977,291
2018-12-14 01:03:47.947,181219003044652,18121401,XBTUSD,Sell,100,3266,ZeroMinusTick,490d5a67-ed39-3167-b6eb-661dc87c0ca9,459077,292
2018-12-14 01:03:47.947,181219003044652,18121401,XBTUSD,Sell,13,3266,ZeroMinusTick,08fcc9a6-fa33-32f0-59df-970216306e87,459090,293
2018-12-14 01:03:47.947,181219003044652,18121401,XBTUSD,Sell,10000,3266,ZeroMinusTick,6d7c3060-72ed-8fe8-cc81-e908f798c13a,469090,294
2018-12-14 01:03:47.947,181219003044652,18121401,XBTUSD,Sell,27,3266,ZeroMinusTick,f95d2d22-b194-4187-1ff7-f01c86dcbc2a,469117,295
2018-12-14 01:03:47.947,181219003044652,18121401,XBTUSD,Sell,100,3265.5,ZeroMinusTick,1c5f26f5-65a5-af18-af67-111a1d6ee64e,469217,296
2018-12-14 01:00:55.837,181219003044652,18121401,XBTUSD,Sell,100,3267,ZeroMinusTick,b5a1fee7-e40d-3748-aadb-6d11f024729e,469317,297
2018-12-14 01:00:57.067,181219003044652,18121401,XBTUSD,Sell,150,3267,ZeroMinusTick,df0bb94f-7bed-612e-b2db-c2c2d994bb1b,469467,298
2018-12-14 01:00:58.821,181219003044652,18121401,XBTUSD,Sell,55,3267,ZeroMinusTick,2eb6e340-1793-8767-3973-f98a36c0874a,469522,299
2018-12-14 01:00:58.821,181219003044652,18121401,XBTUSD,Sell,17,3267,ZeroMinusTick,12fec4a7-ac5f-c553-8833-708ac76431f7,469539,300
2018-12-14 01:00:58.821,181219003044652,18121401,XBTUSD,Sell,41,3267,ZeroMinusTick,4f1362fd-54a3-254d-8d07-1c03ec160132,469580,301
2018-12-14 01:00:58.821,181219003044652,18121401,XBTUSD,Sell,653,3267,ZeroMinusTick,89a08bdb-7ccb-df96-d7aa-4fcd136582fa,470233,302
2018-12-14 01:01:04.055,181219003044652,18121401,XBTUSD,Sell,10,3267,ZeroMinusTick,4ec39324-0a6e-d6e0-c454-67ac79331325,470243,303
2018-12-14 01:01:04.785,181219003044652,18121401,XBTUSD,Sell,357,3267,ZeroMinusTick,b7ee6399-d2cd-791e-30ff-28e6871798f7,470600,304
2018-12-14 01:01:11.541,181219003044652,18121401,XBTUSD,Sell,53,3266.5,ZeroMinusTick,b2c889a9-339a-e716-0f59-62b40a191d29,470653,305
2018-12-14 01:01:16.800,181219003044652,18121401,XBTUSD,Sell,20,3266.5,MinusTick,87469d77-d002-67a8-5fd4-b84575587777,470673,306
2018-12-14 01:01:17.028,181219003044652,18121401,XBTUSD,Sell,114,3266.5,ZeroMinusTick,22a31628-046f-e22a-0ef6-4fcdddd697bd,470787,307
2018-12-14 01:01:17.028,181219003044652,18121401,XBTUSD,Sell,5000,3266.5,ZeroMinusTick,f0bc2448-2cc3-0e0c-a439-70fadb10bcbe,475787,308
2018-12-14 01:01:24.445,181219003044652,18121401,XBTUSD,Sell,205,3266.5,ZeroMinusTick,5ce1104d-47a5-78d2-154e-b0fef551e9ec,475992,309
2018-12-14 01:01:47.281,181219003044652,18121401,XBTUSD,Sell,27,3266.5,ZeroMinusTick,35c25aba-d85c-4692-d748-d5c7b0a6e018,476019,310
2018-12-14 01:02:16.429,181219003044652,18121401,XBTUSD,Sell,1,3266.5,ZeroMinusTick,fa529b01-9159-ab4e-1aba-0b75b95ce35d,476020,311
2018-12-14 01:02:20.744,181219003044652,18121401,XBTUSD,Sell,1,3266.5,ZeroMinusTick,9b927b80-5f5a-9c2c-f45f-765412cd901d,476021,312
2018-12-14 01:02:22.375,181219003044652,18121401,XBTUSD,Sell,2300,3266.5,ZeroMinusTick,8bb4cfbf-7f99-3c9a-46e3-cf6e0854e839,478321,313
2018-12-14 01:02:29.123,181219003044652,18121401,XBTUSD,Buy,70,3267,PlusTick,c1d71a04-7748-2898-726a-b8ea87834c1b,478391,314
2018-12-14 01:02:29.222,181219003044652,18121401,XBTUSD,Sell,200,3266.5,MinusTick,fc73c91e-8a35-9ff0-fb96-943224df7086,478591,315
2018-12-14 01:02:41.908,181219003044652,18121401,XBTUSD,Sell,24,3266.5,ZeroMinusTick,da5905ed-aae3-1a15-cdb9-5ecd975c7527,478615,316
2018-12-14 01:02:41.908,181219003044652,18121401,XBTUSD,Sell,34,3266.5,ZeroMinusTick,7d2d79b5-a079-acdb-7ece-ea3fc71ce552,478649,317
2018-12-14 01:02:44.640,181219003044652,18121401,XBTUSD,Buy,154,3267,PlusTick,9456ad57-2bbb-b2c2-3757-772c987ea39a,478803,318
2018-12-14 01:02:50.097,181219003044652,18121401,XBTUSD,Buy,326,3267,PlusTick,6268a2ff-8b82-da25-1bea-9eb64aae28dc,479129,319
2018-12-14 01:02:52.285,181219003044652,18121401,XBTUSD,Buy,5000,3267,ZeroPlusTick,a4d51c02-e3c8-dd01-9d13-d6143d46d3ec,484129,320
2018-12-14 01:03:41.727,181219003044652,18121401,XBTUSD,Sell,3000,3266.5,ZeroMinusTick,46154f4a-00da-4f0a-d725-52d410d9723b,487129,321
2018-12-14 01:03:45.806,181219003044652,18121401,XBTUSD,Sell,27,3266.5,ZeroMinusTick,44039df0-5ea7-9c3d-4502-b78c88c1d0c9,487156,322
2018-12-14 01:03:45.806,181219003044652,18121401,XBTUSD,Sell,10,3266.5,ZeroMinusTick,585dc15c-9367-9ff4-93a9-89f9624c2ef3,487166,323
2018-12-14 01:03:45.806,181219003044652,18121401,XBTUSD,Sell,30,3266.5,ZeroMinusTick,6ea81455-c7ec-f945-7296-1ff3a8702f4f,487196,324
2018-12-14 01:03:45.806,181219003044652,18121401,XBTUSD,Sell,27,3266.5,ZeroMinusTick,1def19ce-e7b6-b60c-dc93-e90afc8ebd90,487223,325
2018-12-14 01:03:47.047,181219003044653,18121401,XBTUSD,Sell,10,3266,ZeroMinusTick,3beebfec-a5d2-2cd3-fe32-98e23b9d77e7,487233,326
2018-12-14 01:03:47.947,181219003044653,18121401,XBTUSD,Sell,1500,3266,ZeroMinusTick,7b36d7d2-58b0-94cd-763a-a3084fb9d3ae,488733,327
2018-12-14 01:03:47.947,181219003044653,18121401,XBTUSD,Sell,20,3266,ZeroMinusTick,d1cac767-8390-61e3-a432-530df1d24fa7,488753,328
2018-12-14 01:03:47.947,181219003044653,18121401,XBTUSD,Sell,9,3266,ZeroMinusTick,0cac81ed-970f-c563-7158-c741988de722,488762,329
2018-12-14 01:03:47.947,181219003044653,18121401,XBTUSD,Sell,1000,3266,ZeroMinusTick,fb0e5be4-b958-d0e4-ed53-205a6e203378,489762,330
2018-12-14 01:03:47.947,181219003044653,18121401,XBTUSD,Sell,205,3265.5,ZeroMinusTick,8d060026-3b9e-660a-3c96-46b935869363,489967,331
2018-12-14 01:03:47.947,181219003044653,18121401,XBTUSD,Sell,1268,3265.5,ZeroMinusTick,5b13f93f-5e02-8d7b-b176-eb20f67d15f6,491235,332
2018-12-14 01:03:48.043,181219003044653,18121401,XBTUSD,Sell,30,3265,ZeroMinusTick,d73f0d74-03e6-1d48-78c4-5c25ac746a3b,491265,333
2018-12-14 01:03:48.043,181219003044653,18121401,XBTUSD,Sell,20,3265,ZeroMinusTick,72660fbd-9644-ee14-038f-44e0c695b247,491285,334
2018-12-14 01:03:49.077,181219003044653,18121401,XBTUSD,Sell,5002,3265,ZeroMinusTick,66203117-ed3f-f78e-f6d0-64a06ea2a959,496287,335
2018-12-14 01:03:49.513,181219003044653,18121401,XBTUSD,Sell,50,3265,ZeroMinusTick,9167ddb1-1045-158f-7211-f2e398b2f8ee,496337,336
2018-12-14 01:03:50.817,181219003044653,18121401,XBTUSD,Sell,80,3264.5,ZeroMinusTick,73ffbc25-ee52-1877-8944-216e97f7b7fe,496417,337
2018-12-14 01:03:50.817,181219003044653,18121401,XBTUSD,Sell,157,3264.5,ZeroMinusTick,11e9d3e9-247f-d8fc-43d3-7eb8db794f1a,496574,338
2018-12-14 01:03:51.255,181219003044653,18121401,XBTUSD,Sell,2184,3264.5,ZeroMinusTick,ba2f1ca4-3ef6-009b-7bf4-93ef114cba4a,498758,339
2018-12-14 01:01:08.480,181219003044653,18121401,XBTUSD,Sell,27,3267,ZeroMinusTick,8900c933-e9e3-e2d2-f5ee-e8bb28e91d09,498785,340
2018-12-14 01:01:17.028,181219003044653,18121401,XBTUSD,Sell,9,3266.5,ZeroMinusTick,4c3c0c40-59e4-ed8e-5fc2-561367f6e69e,498794,341
2018-12-14 01:01:28.499,181219003044653,18121401,XBTUSD,Sell,500,3266.5,ZeroMinusTick,46e58f6f-9dcd-e8a4-086e-1662f9ca0cf8,499294,342
2018-12-14 01:01:28.963,181219003044653,18121401,XBTUSD,Sell,21,3266.5,ZeroMinusTick,34636bc2-6b76-9607-af5e-32ea3691c932,499315,343
2018-12-14 01:01:55.096,181219003044653,18121401,XBTUSD,Sell,1063,3266.5,ZeroMinusTick,18d5e86e-344d-a236-c792-02c7645da3de,500378,344
2018-12-14 01:02:01.482,181219003044653,18121401,XBTUSD,Buy,50,3267,ZeroPlusTick,5704dd0d-fe2b-c57c-9134-9f04651f999b,500428,345
2018-12-14 01:02:13.440,181219003044653,18121401,XBTUSD,Sell,500,3266.5,ZeroMinusTick,dde7e83d-2a27-eb3c-cff8-4f4f7165c419,500928,346
2018-12-14 01:02:17.982,181219003044653,18121401,XBTUSD,Sell,10432,3266.5,ZeroMinusTick,441e7294-db41-b044-c07e-ed7f162ef4ee,511360,347
2018-12-14 01:02:18.124,181219003044653,18121401,XBTUSD,Sell,1,3266.5,ZeroMinusTick,a9777615-77d3-47a1-0dc0-3a2224ccc404,511361,348
2018-12-14 01:02:41.908,181219003044653,18121401,XBTUSD,Sell,27,3266.5,ZeroMinusTick,386cd672-ee3a-0890-199c-0fd4ffad66bb,511388,349
2018-12-14 01:02:52.285,181219003044653,18121401,XBTUSD,Buy,2753,3267,ZeroPlusTick,c666d7b6-9c6e-8a02-fa54-be1181085d28,514141,350
2018-12-14 01:03:01.489,181219003044653,18121401,XBTUSD,Buy,800,3267,ZeroPlusTick,baee1c66-8aad-2b0f-b138-3da2fa4c93e3,514941,351
2018-12-14 01:03:22.710,181219003044653,18121401,XBTUSD,Sell,2000,3266.5,ZeroMinusTick,6afa0e87-5283-dec0-67ba-3d47418ed1f4,516941,352
2018-12-14 01:03:25.588,181219003044653,18121401,XBTUSD,Sell,2040,3266.5,ZeroMinusTick,27e8f4d7-8968-503c-9360-a236a67c78aa,518981,353
2018-12-14 01:03:30.969,181219003044653,18121401,XBTUSD,Buy,7195,3267,PlusTick,e2ad13fe-c827-9355-424e-9e588d8b1469,526176,354
2018-12-14 01:03:45.806,181219003044653,18121401,XBTUSD,Sell,8,3266.5,ZeroMinusTick,1fb28b3a-ce50-a08e-4cc5-a6a0f1858a94,526184,355
2018-12-14 01:03:45.806,181219003044653,18121401,XBTUSD,Sell,3000,3266.5,ZeroMinusTick,d4c27865-ea09-12a1-a34a-9f69a9e7131d,529184,356
2018-12-14 01:03:45.806,181219003044653,18121401,XBTUSD,Sell,20,3266.5,ZeroMinusTick,fd2cd06d-2b40-1688-cbdb-f86e0f437c50,529204,357
2018-12-14 01:03:45.806,181219003044653,18121401,XBTUSD,Sell,5,3266.5,ZeroMinusTick,754ba84e-a2c4-ff3c-59d3-f6a0d1974e87,529209,358
2018-12-14 01:03:47.947,181219003044653,18121401,XBTUSD,Sell,100,3266,ZeroMinusTick,d32c927c-a8f4-cec1-cf70-c3a3e21d4e48,529309,359
2018-12-14 01:03:47.947,181219003044653,18121401,XBTUSD,Sell,74000,3266,ZeroMinusTick,2a771125-84e8-4d36-fae1-7eaafc394fec,603309,360
2018-12-14 01:03:47.947,181219003044653,18121401,XBTUSD,Sell,22,3266,ZeroMinusTick,39361352-2fa2-06d5-9497-c2edcb02bc1c,603331,361
2018-12-14 01:03:47.947,181219003044653,18121401,XBTUSD,Sell,11,3265.5,ZeroMinusTick,caa2045e-8250-8637-56e1-ff5afc04e9e1,603342,362
2018-12-14 01:03:47.947,181219003044653,18121401,XBTUSD,Sell,2500,3265.5,ZeroMinusTick,b56da90d-470c-231d-525e-10abffe8ff39,605842,363
2018-12-14 01:03:47.947,181219003044653,18121401,XBTUSD,Sell,20,3265.5,ZeroMinusTick,2dc9142e-ac71-f74e-01c5-4d6d88f52051,605862,364
2018-12-14 01:03:48.043,181219003044653,18121401,XBTUSD,Sell,9,3265,ZeroMinusTick,190a838e-5129-507e-1612-341f39b69553,605871,365
2018-12-14 01:03:48.043,181219003044653,18121401,XBTUSD,Sell,100,3265,ZeroMinusTick,879f44a8-ede4-fe6d-e083-195ce0b44d14,605971,366
2018-12-14 01:03:49.041,181219003044653,18121401,XBTUSD,Sell,100,3265,ZeroMinusTick,fc3e4949-0dd7-4b5b-5cd3-1acbd06f2921,606071,367
2018-12-14 01:03:49.077,181219003044653,18121401,XBTUSD,Sell,20,3265,ZeroMinusTick,bc174ed9-1508-630a-154b-306dc8368cce,606091,368
2018-12-14 01:03:49.513,181219003044653,18121401,XBTUSD,Sell,59,3265,ZeroMinusTick,172a8ce1-c785-4a5a-bf43-95276e8a0c3f,606150,369
2018-12-14 01:03:50.817,181219003044653,18121401,XBTUSD,Sell,22,3265,ZeroMinusTick,16074f6f-dc80-fb1d-b26e-bdba04676ef8,606172,370
2018-12-14 01:03:50.817,181219003044653,18121401,XBTUSD,Sell,28,3264.5,ZeroMinusTick,e00f2ad8-2637-98b9-3ca4-4819e5c93a47,606200,371
2018-12-14 01:03:51.255,181219003044653,18121401,XBTUSD,Sell,163,3264.5,ZeroMinusTick,5b3162a2-ce8c-4207-ee61-ac750cd5a407,606363,372
2018-12-14 01:03:51.255,181219003044653,18121401,XBTUSD,Sell,13,3264,ZeroMinusTick,a0302656-00f4-7ffd-5a4d-af99240bc607,606376,373
2018-12-14 01:03:51.514,181219003044653,18121401,XBTUSD,Sell,16,3264,ZeroMinusTick,5009965b-e3f7-9249-7e8b-8c80754feca2,606392,374
2018-12-14 01:03:52.620,181219003044653,18121401,XBTUSD,Sell,50,3264,ZeroMinusTick,1d3f85e4-ebe1-d2e0-c5ec-0ad79c19ec51,606442,375
2018-12-14 01:03:53.435,181219003044653,18121401,XBTUSD,Sell,3000,3264,ZeroMinusTick,f324be92-2e43-672a-869c-06a753a061f9,609442,376
2018-12-14 01:01:17.028,181219003044653,18121401,XBTUSD,Sell,9,3266.5,ZeroMinusTick,2e2a926d-e001-ee8e-96e1-6dbd63835552,609451,377
2018-12-14 01:01:24.445,181219003044653,18121401,XBTUSD,Sell,2527,3266.5,ZeroMinusTick,8baf1df4-3adf-e2c3-56ce-66012f3c5661,611978,378
2018-12-14 01:01:31.517,181219003044653,18121401,XBTUSD,Buy,137,3267,ZeroPlusTick,dbc26086-e5de-6c43-147b-19b3782b49ab,612115,379
2018-12-14 01:01:47.281,181219003044653,18121401,XBTUSD,Sell,4,3266.5,ZeroMinusTick,014b9aa4-18e4-3231-19ec-5caa75dc7cbb,612119,380
2018-12-14 01:01:51.460,181219003044653,18121401,XBTUSD,Sell,50,3266.5,ZeroMinusTick,88305c24-7b85-5808-c465-9b00e9894874,612169,381
2018-12-14 01:01:57.621,181219003044653,18121401,XBTUSD,Sell,465,3266.5,ZeroMinusTick,746001ae-fffe-312f-2d84-414d19e2485a,612634,382
2018-12-14 01:02:06.263,181219003044653,18121401,XBTUSD,Sell,4000,3266.5,MinusTick,30146500-e98d-e981-5b14-ca586a652254,616634,383
2018-12-14 01:02:16.764,181219003044653,18121401,XBTUSD,Sell,1,3266.5,ZeroMinusTick,e9517a5c-8778-f81a-afaa-e3c3ca515117,616635,384
2018-12-14 01:02:19.261,181219003044653,18121401,XBTUSD,Sell,1,3266.5,ZeroMinusTick,80a633a1-4e0b-1d19-1b0a-d4f78b8d1ef4,616636,385
2018-12-14 01:02:19.521,181219003044653,18121401,XBTUSD,Sell,240,3266.5,ZeroMinusTick,4f74efb1-25ff-78f7-81f9-9764638488bd,616876,386
2018-12-14 01:02:19.719,181219003044653,18121401,XBTUSD,Sell,1,3266.5,ZeroMinusTick,ec6e8b98-7976-943a-473a-c19cbac034fc,616877,387
2018-12-14 01:02:26.553,181219003044653,18121401,XBTUSD,Buy,4008,3267,PlusTick,1ebef1a2-caab-a58f-571f-97165fc4f784,620885,388
2018-12-14 01:02:35.289,181219003044653,18121401,XBTUSD,Sell,500,3266.5,ZeroMinusTick,f7449efc-283c-86df-71cf-769cd5c97d0a,621385,389
2018-12-14 01:02:41.908,181219003044653,18121401,XBTUSD,Sell,8,3266.5,ZeroMinusTick,61cedc79-a019-d8d1-affa-55d6b9373c2f,621393,390
2018-12-14 01:02:43.170,181219003044653,18121401,XBTUSD,Sell,5000,3266.5,MinusTick,25a3fafa-2920-b61d-9f6f-3a1d85648dad,626393,391
2018-12-14 01:02:52.285,181219003044653,18121401,XBTUSD,Buy,5000,3267,ZeroPlusTick,b11ad58b-3ec5-2f93-b49e-281d6c066fc8,631393,392
2018-12-14 01:03:01.019,181219003044653,18121401,XBTUSD,Buy,5000,3267,ZeroPlusTick,4501ce5b-4a46-b7b6-7933-d8141e3faa73,636393,393
2018-12-14 01:03:01.027,181219003044653,18121401,XBTUSD,Buy,2247,3267,ZeroPlusTick,91753db7-d5a1-72b1-daf0-1f4f920cd047,638640,394
2018-12-14 01:03:18.025,181219003044653,18121401,XBTUSD,Sell,13,3266.5,ZeroMinusTick,f06f07c3-74e0-8252-fefa-56650521d11e,638653,395
2018-12-14 01:03:43.679,181219003044653,18121401,XBTUSD,Sell,7000,3266.5,MinusTick,d7c5dfb0-61bd-1b53-a6ea-d9a9e3ebe2e8,645653,396
2018-12-14 01:03:45.806,181219003044653,18121401,XBTUSD,Sell,20,3266.5,ZeroMinusTick,1fabb015-d728-0857-30bc-843e37fa3c15,645673,397
2018-12-14 01:03:45.806,181219003044653,18121401,XBTUSD,Sell,20,3266.5,ZeroMinusTick,33d9a12a-eae6-3795-c760-9b3b9ce7bff6,645693,398
2018-12-14 01:03:45.806,181219003044654,18121401,XBTUSD,Sell,100,3266.5,ZeroMinusTick,d24d6c73-91dc-f743-afa8-6b1144cd3a7b,645793,399
2018-12-14 01:03:45.806,181219003044654,18121401,XBTUSD,Sell,40,3266.5,ZeroMinusTick,5cbfacb3-051c-31c3-1f54-730462cb47f1,645833,400
2018-12-14 01:03:46.980,181219003044654,18121401,XBTUSD,Sell,299,3266,ZeroMinusTick,d3d773d0-9838-184c-c77a-6e2bbbd70bdb,646132,401
2018-12-14 01:03:47.947,181219003044654,18121401,XBTUSD,Sell,14,3266,ZeroMinusTick,e72ed249-3bf5-9fb6-51d1-db80aad2d770,646146,402
2018-12-14 01:03:47.947,181219003044654,18121401,XBTUSD,Sell,100,3266,ZeroMinusTick,0dc6cc5b-26a5-e2a3-4536-7a8bec007c31,646246,403
2018-12-14 01:03:47.947,181219003044654,18121401,XBTUSD,Sell,25,3266,ZeroMinusTick,5639ce82-18a0-0b05-3fa7-4d8ba8a96d75,646271,404
2018-12-14 01:03:47.947,181219003044654,18121401,XBTUSD,Sell,1000,3266,ZeroMinusTick,c0c8c25a-af5d-c7e4-d357-d1f8ab3dc61e,647271,405
2018-12-14 01:03:47.947,181219003044654,18121401,XBTUSD,Sell,200,3265.5,ZeroMinusTick,d8ab28b3-c907-ca5d-0394-ea7c1315e210,647471,406
2018-12-14 01:03:47.947,181219003044654,18121401,XBTUSD,Sell,29,3265.5,ZeroMinusTick,f0fc7cd8-56e5-ca19-5874-f9ad7daaad79,647500,407
2018-12-14 01:03:47.947,181219003044654,18121401,XBTUSD,Sell,2000,3265.5,ZeroMinusTick,9e29df37-e24a-9cb9-0e3e-8000f14c349d,649500,408
2018-12-14 01:03:48.043,181219003044654,18121401,XBTUSD,Sell,80,3265,ZeroMinusTick,df73a599-4b59-af3f-4389-73e5764f17f0,649580,409
2018-12-14 01:03:49.077,181219003044654,18121401,XBTUSD,Sell,270,3265,ZeroMinusTick,dd0bc2ad-6f3d-4eb6-f28f-02087f38a9cf,649850,410
2018-12-14 01:03:49.077,181219003044654,18121401,XBTUSD,Sell,257,3265,ZeroMinusTick,a95df110-b282-cfd5-599d-752bb5a5991b,650107,411
2018-12-14 01:03:49.200,181219003044654,18121401,XBTUSD,Sell,257,3265,ZeroMinusTick,a9f610b6-1d89-ed34-cf0a-e96b59206c70,650364,412
2018-12-14 01:03:49.513,181219003044654,18121401,XBTUSD,Sell,21,3265,ZeroMinusTick,f933fe78-f57d-cbec-d668-839378694eb6,650385,413
2018-12-14 01:03:50.817,181219003044654,18121401,XBTUSD,Sell,2,3264.5,ZeroMinusTick,80c99291-502a-3a1a-5850-e8b31f37f358,650387,414
2018-12-14 01:03:50.817,181219003044654,18121401,XBTUSD,Sell,200,3264.5,ZeroMinusTick,69930f5e-3c09-9c52-3d73-0bd799b31c92,650587,415
2018-12-14 01:03:51.255,181219003044654,18121401,XBTUSD,Sell,1,3264.5,ZeroMinusTick,30d282bc-aff5-e0b2-6ada-36c89a800de3,650588,416
2018-12-14 01:03:51.255,181219003044654,18121401,XBTUSD,Sell,31,3264.5,ZeroMinusTick,940e0274-3039-64fb-0103-749d05466362,650619,417
2018-12-14 01:03:51.255,181219003044654,18121401,XBTUSD,Sell,51,3264,ZeroMinusTick,93204dfa-ca77-c13d-12b4-5b71865229d1,650670,418
2018-12-14 01:03:51.514,181219003044654,18121401,XBTUSD,Sell,200,3264,ZeroMinusTick,63488ea5-dfba-e44b-9173-e8bda3f6f78e,650870,419
2018-12-14 01:01:17.028,181219003044654,18121401,XBTUSD,Sell,23,3266.5,ZeroMinusTick,925f3e97-4d0d-1042-5050-e16da7fc8dc6,650893,420
2018-12-14 01:01:47.281,181219003044654,18121401,XBTUSD,Sell,23,3266.5,ZeroMinusTick,ee51f861-e7e9-4e09-b058-42e83e175168,650916,421
2018-12-14 01:01:55.096,181219003044654,18121401,XBTUSD,Sell,203,3266.5,ZeroMinusTick,9e6f1bf6-6052-4b37-a81c-976820fb20f5,651119,422
2018-12-14 01:02:14.551,181219003044654,18121401,XBTUSD,Sell,1,3266.5,ZeroMinusTick,76fa1cf9-1dc2-35fb-dadb-42657085c735,651120,423
2018-12-14 01:02:41.908,181219003044654,18121401,XBTUSD,Sell,202,3266.5,ZeroMinusTick,7fd1ad23-3252-8c0b-2a95-8c90b32fef0f,651322,424
2018-12-14 01:03:01.027,181219003044654,18121401,XBTUSD,Buy,3753,3267,ZeroPlusTick,82ffdb78-b48c-7936-6d76-ceabb5f63876,655075,425
2018-12-14 01:03:01.035,181219003044654,18121401,XBTUSD,Buy,2,3267,ZeroPlusTick,d503e22c-7f79-54cd-bdb2-c5906eaaa0a4,655077,426
2018-12-14 01:03:01.476,181219003044654,18121401,XBTUSD,Buy,2005,3267,ZeroPlusTick,b8b57b27-5d3c-5678-f97c-8bd16434e465,657082,427
2018-12-14 01:03:11.443,181219003044654,18121401,XBTUSD,Sell,160,3266.5,ZeroMinusTick,595b6ca2-0417-e0b8-5762-7f2f828b6153,657242,428
2018-12-14 01:03:44.420,181219003044654,18121401,XBTUSD,Buy,110,3267,PlusTick,9631d5b0-91b0-77b0-eee0-8fb4de8e32e2,657352,429
2018-12-14 01:03:44.517,181219003044654,18121401,XBTUSD,Sell,500,3266.5,MinusTick,82fc3483-69aa-7b62-2a3c-76deee77f3d5,657852,430
2018-12-14 01:03:45.806,181219003044654,18121401,XBTUSD,Sell,7000,3266.5,ZeroMinusTick,185c9e8f-d87e-3845-cbcc-fc3446a468a2,664852,431
2018-12-14 01:03:45.806,181219003044654,18121401,XBTUSD,Sell,50,3266.5,ZeroMinusTick,46c76e34-c38a-1e96-abe5-e18f8cadf7e7,664902,432
2018-12-14 01:03:45.806,181219003044654,18121401,XBTUSD,Sell,10,3266.5,ZeroMinusTick,4ec5cda5-512f-3169-8125-a0124f0bf7de,664912,433
2018-12-14 01:03:45.806,181219003044654,18121401,XBTUSD,Sell,100,3266.5,ZeroMinusTick,46185854-e0fb-1176-aafc-8d2c4db66fd8,665012,434
2018-12-14 01:03:47.947,181219003044654,18121401,XBTUSD,Sell,100,3266,ZeroMinusTick,2ad20277-9c39-fe29-79e2-505ca2eb80f4,665112,435
2018-12-14 01:03:47.947,181219003044654,18121401,XBTUSD,Sell,18000,3266,ZeroMinusTick,a5857fb2-1cea-88d5-74f5-78798cacacca,683112,436
2018-12-14 01:03:47.947,181219003044654,18121401,XBTUSD,Sell,3000,3266,ZeroMinusTick,a1cbc984-a5d6-6dde-7d69-9cd5046074da,686112,437
2018-12-14 01:03:47.947,181219003044654,18121401,XBTUSD,Sell,10000,3265.5,ZeroMinusTick,a4b4e5eb-9e4c-5c10-fd56-cefa1b72b8c7,696112,438
2018-12-14 01:03:47.947,181219003044654,18121401,XBTUSD,Sell,300,3265.5,ZeroMinusTick,97a3169a-2ea9-bdb3-4e9f-705fd74a548a,696412,439
2018-12-14 01:03:47.947,181219003044654,18121401,XBTUSD,Sell,20,3265.5,ZeroMinusTick,e02b7019-ab21-0285-7d53-2bbc4f4eaaa8,696432,440
2018-12-14 01:03:48.043,181219003044654,18121401,XBTUSD,Sell,200,3265,ZeroMinusTick,c0cd3715-48d5-f422-028f-0ca23477a34a,696632,441
2018-12-14 01:03:49.077,181219003044654,18121401,XBTUSD,Sell,4306,3265,ZeroMinusTick,1673cb7c-f233-b9b1-3c87-463b04b9f713,700938,442
2018-12-14 01:03:49.077,181219003044654,18121401,XBTUSD,Sell,7000,3265,ZeroMinusTick,a7e1cc0c-365d-b709-da22-47f3ba9999bd,707938,443
2018-12-14 01:03:49.513,181219003044654,18121401,XBTUSD,Sell,163,3265,ZeroMinusTick,fb6840b2-7596-d03f-651f-dd90e396a4de,708101,444
2018-12-14 01:03:50.817,181219003044654,18121401,XBTUSD,Sell,66,3265,ZeroMinusTick,a767742e-7b2a-b8d9-e804-ace62b045cd7,708167,445
2018-12-14 01:03:50.817,181219003044654,18121401,XBTUSD,Sell,17,3264.5,ZeroMinusTick,abe20de5-e3ce-826a-31f7-875022de7433,708184,446
2018-12-14 01:03:51.255,181219003044654,18121401,XBTUSD,Sell,4000,3264.5,ZeroMinusTick,7403ff30-f603-779b-d381-72cf0645748d,712184,447
2018-12-14 01:03:51.255,181219003044654,18121401,XBTUSD,Sell,27,3264.5,ZeroMinusTick,a5f6a5a4-136c-fc5b-ae3b-3cd70f587f3b,712211,448
2018-12-14 01:03:51.255,181219003044654,18121401,XBTUSD,Sell,16,3264,ZeroMinusTick,7f68e8e6-bf64-8a39-63d2-dbbb9bec485d,712227,449
2018-12-14 01:03:51.514,181219003044654,18121401,XBTUSD,Sell,2000,3264,ZeroMinusTick,c4e1ef37-862f-0967-e2bb-3e72ad8f8df5,714227,450
2018-12-14 01:03:52.476,181219003044654,18121401,XBTUSD,Buy,3000,3264.5,ZeroPlusTick,a33518d4-aa7d-73fe-dbcf-cf84f3f87078,717227,451
2018-12-14 01:03:53.271,181219003044654,18121401,XBTUSD,Sell,4000,3264,ZeroMinusTick,1391bc4b-77ba-04da-08f7-5cd6b695b726,721227,452
2018-12-14 01:03:53.435,181219003044654,18121401,XBTUSD,Sell,10000,3264,ZeroMinusTick,8bbeb88c-66c5-b44f-35c8-3540c744b352,731227,453
2018-12-14 01:04:16.505,181219003044654,18121401,XBTUSD,Buy,200,3264.5,PlusTick,16e8ef58-b8b4-3105-3e09-44e30309d179,731427,454
2018-12-14 01:04:25.515,181219003044654,18121401,XBTUSD,Sell,1,3264,MinusTick,b06978f0-2f2a-5937-b725-274bc6de38e2,731428,455
2018-12-14 01:04:25.522,181219003044654,18121401,XBTUSD,Sell,29,3264,ZeroMinusTick,35d8a05f-ee2d-4b58-c2a9-b49c3d25a2b7,731457,456
2018-12-14 01:01:28.963,181219003044654,18121401,XBTUSD,Sell,3479,3266.5,ZeroMinusTick,8a1a3791-f33a-64a1-3ae5-eec3508ea897,734936,457
2018-12-14 01:01:31.517,181219003044654,18121401,XBTUSD,Buy,213,3267,PlusTick,7be38a3e-33da-7f6f-6a60-5e4e0e597343,735149,458
2018-12-14 01:01:33.481,181219003044654,18121401,XBTUSD,Sell,30,3266.5,ZeroMinusTick,b0997aec-e534-ee10-c64f-0457672031fa,735179,459
2018-12-14 01:01:41.577,181219003044654,18121401,XBTUSD,Sell,150,3266.5,ZeroMinusTick,b8a5ff7a-ff4f-49f5-34e7-52f0388eff3b,735329,460
2018-12-14 01:01:47.281,181219003044654,18121401,XBTUSD,Sell,3897,3266.5,ZeroMinusTick,96517fa7-f789-de7d-98bd-8ade64f59a2d,739226,461
2018-12-14 01:01:48.686,181219003044654,18121401,XBTUSD,Sell,1103,3266.5,ZeroMinusTick,5c1f3bc3-e431-025b-ddf7-f3e1c3f00190,740329,462
2018-12-14 01:01:55.096,181219003044654,18121401,XBTUSD,Sell,50,3266.5,ZeroMinusTick,a7d8a1cd-5979-0e40-517d-bd99a470a782,740379,463
2018-12-14 01:02:24.759,181219003044654,18121401,XBTUSD,Sell,2,3266.5,ZeroMinusTick,5bbf7746-fee1-e30c-ee47-db2072cc18b1,740381,464
2018-12-14 01:02:26.572,181219003044654,18121401,XBTUSD,Sell,200,3266.5,MinusTick,184c3e8e-0471-6178-267e-0640eaee5ee6,740581,465
2018-12-14 01:02:41.908,181219003044654,18121401,XBTUSD,Sell,20,3266.5,ZeroMinusTick,e802914a-9a65-762e-ecdc-7698a7ad9b02,740601,466
2018-12-14 01:02:48.330,181219003044654,18121401,XBTUSD,Sell,100,3266.5,ZeroMinusTick,87fdad31-7130-3e11-f24e-740eeee44e37,740701,467
2018-12-14 01:02:48.621,181219003044654,18121401,XBTUSD,Sell,200,3266.5,ZeroMinusTick,20c4ebd0-9347-721c-cec5-9c4008380850,740901,468
2018-12-14 01:02:52.285,181219003044654,18121401,XBTUSD,Buy,2920,3267,PlusTick,942a32b3-22e0-bf2a-5162-6d5ddf1cd2b9,743821,469
2018-12-14 01:03:02.662,181219003044654,18121401,XBTUSD,Sell,319,3266.5,MinusTick,8949d2c1-5e77-dd11-9215-fb1069ca0731,744140,470
2018-12-14 01:03:30.969,181219003044654,18121401,XBTUSD,Buy,555,3267,ZeroPlusTick,8e3f318b-b4d6-5fe2-b461-7b9738fb25d1,744695,471
2018-12-14 01:03:31.022,181219003044654,18121401,XBTUSD,Sell,124,3266.5,MinusTick,22227e2f-fc3a-3a7e-2060-948033dae843,744819,472
2018-12-14 01:03:31.035,181219003044654,18121401,XBTUSD,Buy,3000,3267,PlusTick,d9130bed-26bf-d69e-5325-7d0b7090df5f,747819,473
2018-12-14 01:03:39.761,181219003044654,18121401,XBTUSD,Sell,500,3266.5,ZeroMinusTick,3abdfbb6-a403-6a9b-392f-b2c5d058ad8d,748319,474
2018-12-14 01:03:42.772,181219003044654,18121401,XBTUSD,Buy,13,3267,PlusTick,73d0313e-51b3-9f1c-9068-4c50403e51bf,748332,475
2018-12-14 01:03:45.806,181219003044654,18121401,XBTUSD,Sell,22,3266.5,ZeroMinusTick,80f739e7-c97c-2b3a-ca38-128e661d3286,748354,476
2018-12-14 01:03:45.806,181219003044654,18121401,XBTUSD,Sell,10,3266.5,ZeroMinusTick,4faf60d8-50a2-c6cf-26c9-4412746c1933,748364,477
2018-12-14 01:03:45.806,181219003044654,18121401,XBTUSD,Sell,1000,3266.5,ZeroMinusTick,0e4b7501-cb5a-6496-0df6-d6efff8a9b13,749364,478
2018-12-14 01:03:45.806,181219003044654,18121401,XBTUSD,Sell,25,3266.5,ZeroMinusTick,5cd1cab9-72be-2d20-20e9-43eb4ecea140,749389,479
2018-12-14 01:03:47.947,181219003044654,18121401,XBTUSD,Sell,7191,3266,ZeroMinusTick,cf1840dd-606f-dd3c-d014-74c3977fe98c,756580,480
2018-12-14 01:03:47.947,181219003044655,18121401,XBTUSD,Sell,100,3266,ZeroMinusTick,9c415fe4-f530-c043-955c-934a02ba836c,756680,481
2018-12-14 01:03:47.947,181219003044655,18121401,XBTUSD,Sell,10,3266,ZeroMinusTick,d14493bc-3db7-988d-f603-b8fd34b357e0,756690,482
2018-12-14 01:03:47.947,181219003044655,18121401,XBTUSD,Sell,28,3266,ZeroMinusTick,128b3b0f-6462-697f-723d-a85aa67ac7f6,756718,483
2018-12-14 01:03:47.947,181219003044655,18121401,XBTUSD,Sell,30,3265.5,ZeroMinusTick,5422f2f7-97d1-eb42-9dd2-412ea0f869ae,756748,484
2018-12-14 01:03:47.947,181219003044655,18121401,XBTUSD,Sell,434,3265.5,ZeroMinusTick,f1584a32-dec5-628e-cda1-90a268d461fd,757182,485
2018-12-14 01:03:47.947,181219003044655,18121401,XBTUSD,Sell,20,3265.5,ZeroMinusTick,9b20c883-e0d5-cbba-f41e-9917fe9e2027,757202,486
2018-12-14 01:03:48.043,181219003044655,18121401,XBTUSD,Sell,24,3265,ZeroMinusTick,c78cb729-3c9a-353b-6ac1-45307c97b3bd,757226,487
2018-12-14 01:03:49.077,181219003044655,18121401,XBTUSD,Sell,200,3265,ZeroMinusTick,640ebf41-110a-9a72-44cf-40c60360e590,757426,488
2018-12-14 01:03:49.077,181219003044655,18121401,XBTUSD,Sell,41,3265,ZeroMinusTick,b2effc5c-d8bd-504e-55a5-4453b41c1193,757467,489
2018-12-14 01:03:49.200,181219003044655,18121401,XBTUSD,Sell,243,3265,ZeroMinusTick,9fe327f2-90b4-05a6-840b-a670d8e2bdf1,757710,490
2018-12-14 01:03:49.513,181219003044655,18121401,XBTUSD,Sell,49,3265,ZeroMinusTick,8f41fbe2-21c0-8ac6-5122-a48e15144331,757759,491
2018-12-14 01:03:50.817,181219003044655,18121401,XBTUSD,Sell,5000,3265,ZeroMinusTick,c910db96-f535-4f89-2cdf-801691d4f587,762759,492
2018-12-14 01:03:50.817,181219003044655,18121401,XBTUSD,Sell,100,3264.5,ZeroMinusTick,84fa0188-429e-6f75-6ec5-3fe7d7f1158b,762859,493
2018-12-14 01:03:51.255,181219003044655,18121401,XBTUSD,Sell,4389,3264.5,ZeroMinusTick,178415a0-a0a2-9296-47b6-2f3cda8c3774,767248,494
2018-12-14 01:03:51.255,181219003044655,18121401,XBTUSD,Sell,163,3264.5,ZeroMinusTick,2a188f07-be17-71e8-0366-9cea75b91a7d,767411,495
2018-12-14 01:03:51.255,181219003044655,18121401,XBTUSD,Sell,26,3264,ZeroMinusTick,53c1acf6-e020-11f2-19bb-1e64d756db78,767437,496
2018-12-14 01:03:51.514,181219003044655,18121401,XBTUSD,Sell,201,3264,ZeroMinusTick,aa674647-9608-3a26-59cf-ff752b2427eb,767638,497
2018-12-14 01:03:52.476,181219003044655,18121401,XBTUSD,Buy,40,3264.5,ZeroPlusTick,e4f4cc20-6023-a142-4391-89f6a7c0c653,767678,498
2018-12-14 01:03:52.620,181219003044655,18121401,XBTUSD,Sell,20,3264,ZeroMinusTick,0b33fb5d-f5f8-08cf-94d8-4b9fa06a8cfa,767698,499
2018-12-14 01:03:53.435,181219003044655,18121401,XBTUSD,Sell,2000,3264,ZeroMinusTick,93cab724-ceb2-6c53-036c-020c0cc4e13b,769698,500
2018-12-14 01:02:01.556,181219003044655,18121401,XBTUSD,Buy,150,3267,ZeroPlusTick,2791eb4a-a917-163c-aec2-492fdf70d696,769848,501
2018-12-14 01:02:05.720,181219003044655,18121401,XBTUSD,Buy,229,3267,PlusTick,79c5f58a-adef-c846-4c6a-6bd69441d049,770077,502
2018-12-14 01:02:13.281,181219003044655,18121401,XBTUSD,Sell,1,3266.5,ZeroMinusTick,2c0dbc8f-9962-7dc9-6ea9-594574212af3,770078,503
2018-12-14 01:02:38.847,181219003044655,18121401,XBTUSD,Sell,3718,3266.5,ZeroMinusTick,bd97beb2-1526-5b51-3dce-27f3852be3d8,773796,504
2018-12-14 01:02:41.908,181219003044655,18121401,XBTUSD,Sell,4,3266.5,ZeroMinusTick,70bbe482-d945-71f1-4b5d-2ee19fbc10c4,773800,505
2018-12-14 01:02:46.572,181219003044655,18121401,XBTUSD,Sell,100,3266.5,MinusTick,8b30f597-6e5a-5d2f-b563-dd1266bf5d27,773900,506
2018-12-14 01:02:46.944,181219003044655,18121401,XBTUSD,Sell,1,3266.5,ZeroMinusTick,1d0a189b-8722-6174-f7b6-46a3abc05c99,773901,507
2018-12-14 01:02:50.823,181219003044655,18121401,XBTUSD,Sell,100,3266.5,MinusTick,53187f2e-3a55-fb9a-ce84-2ddbc8ebe18c,774001,508
2018-12-14 01:02:52.285,181219003044655,18121401,XBTUSD,Buy,5000,3267,ZeroPlusTick,73a64bde-3a89-5ae2-d7eb-4ff4e0a21624,779001,509
2018-12-14 01:03:01.476,181219003044655,18121401,XBTUSD,Buy,995,3267,ZeroPlusTick,aa008bd6-cee3-218a-8e84-8fb0f17e9228,779996,510
2018-12-14 01:03:29.361,181219003044655,18121401,XBTUSD,Sell,900,3266.5,ZeroMinusTick,49b44a96-c078-8e97-846d-055e6a728bb5,780896,511
2018-12-14 01:03:34.355,181219003044655,18121401,XBTUSD,Sell,1800,3266.5,ZeroMinusTick,667c9112-b7d4-698e-5aa5-8a838c82efe3,782696,512
2018-12-14 01:03:45.806,181219003044655,18121401,XBTUSD,Sell,205,3266.5,ZeroMinusTick,7923a67a-e333-c9f9-ae52-a0c8a07887d6,782901,513
2018-12-14 01:03:45.806,181219003044655,18121401,XBTUSD,Sell,50,3266.5,ZeroMinusTick,7fd38f0f-79ef-7aee-e625-d078a6fdd613,782951,514
2018-12-14 01:03:45.806,181219003044655,18121401,XBTUSD,Sell,1000,3266.5,ZeroMinusTick,446ddec1-6de3-1d6f-12fe-4150169057b9,783951,515
2018-12-14 01:03:45.806,181219003044655,18121401,XBTUSD,Sell,2000,3266.5,ZeroMinusTick,670cbf96-da42-cc68-8883-b510dc5c5be5,785951,516
2018-12-14 01:03:47.947,181219003044655,18121401,XBTUSD,Sell,30,3266,ZeroMinusTick,9d8adf80-ec78-1e8b-d277-0038d6fe7a46,785981,517
2018-12-14 01:03:47.947,181219003044655,18121401,XBTUSD,Sell,100,3266,ZeroMinusTick,a8e08a5a-c024-84de-b439-36b7584aab02,786081,518
2018-12-14 01:03:47.947,181219003044655,18121401,XBTUSD,Sell,7187,3266,ZeroMinusTick,6f2249c8-494b-2e78-4586-d99b3de8cc3f,793268,519
2018-12-14 01:03:47.947,181219003044655,18121401,XBTUSD,Sell,1000,3266,ZeroMinusTick,8f1f928b-a007-3e70-ab2a-293888192258,794268,520
2018-12-14 01:03:47.947,181219003044655,18121401,XBTUSD,Sell,100,3265.5,ZeroMinusTick,97f02953-f97e-5735-e405-98ff20526e73,794368,521
2018-12-14 01:03:47.947,181219003044655,18121401,XBTUSD,Sell,19,3265.5,ZeroMinusTick,0495189a-13d8-7bf8-dde0-5f7168ee227c,794387,522
2018-12-14 01:03:47.947,181219003044655,18121401,XBTUSD,Sell,27,3265.5,ZeroMinusTick,5b029cba-92b3-a9a2-450a-9530e244df18,794414,523
2018-12-14 01:03:48.043,181219003044655,18121401,XBTUSD,Sell,78,3265,ZeroMinusTick,933eddea-c3d5-142c-1f30-b1d866be7689,794492,524
2018-12-14 01:03:49.077,181219003044655,18121401,XBTUSD,Sell,204,3265,ZeroMinusTick,3989d540-5487-81dc-f067-7b252b40d60b,794696,525
2018-12-14 01:03:49.513,181219003044655,18121401,XBTUSD,Sell,1743,3265,ZeroMinusTick,2bbc3006-dda4-6ee6-be26-9b66a83c8fc7,796439,526
2018-12-14 01:03:49.513,181219003044655,18121401,XBTUSD,Sell,82,3265,ZeroMinusTick,4be234f9-6756-2add-5768-cde2eb7cd7d2,796521,527
2018-12-14 01:03:50.817,181219003044655,18121401,XBTUSD,Sell,9,3264.5,ZeroMinusTick,c1c92791-73e1-2cab-591d-ed46bcbfc4c7,796530,528
2018-12-14 01:03:50.817,181219003044655,18121401,XBTUSD,Sell,100,3264.5,ZeroMinusTick,7615ca26-342a-46db-256e-97652795a016,796630,529
2018-12-14 01:03:51.255,181219003044655,18121401,XBTUSD,Sell,2000,3264.5,ZeroMinusTick,1d8845e1-629a-61b5-0230-dc7307b78dab,798630,530
2018-12-14 01:03:51.255,181219003044655,18121401,XBTUSD,Sell,7500,3264.5,ZeroMinusTick,63406d63-2b44-354f-1f21-d38469e63957,806130,531
2018-12-14 01:03:51.255,181219003044655,18121401,XBTUSD,Sell,49,3264,ZeroMinusTick,559fc219-3a1f-8f26-e3c9-2f4f83310700,806179,532
2018-12-14 01:03:51.514,181219003044655,18121401,XBTUSD,Sell,100,3264,ZeroMinusTick,adc46ffe-cd07-2c1c-15b4-93ddb4062fa1,806279,533
2018-12-14 01:03:52.476,181219003044655,18121401,XBTUSD,Buy,10000,3264.5,ZeroPlusTick,15064847-7ad9-caeb-cb53-0f7e2bed29a9,816279,534
2018-12-14 01:03:52.620,181219003044655,18121401,XBTUSD,Sell,22414,3264,ZeroMinusTick,7c4d47dd-093c-743f-184e-67c3fd070a39,838693,535
2018-12-14 01:03:53.435,181219003044655,18121401,XBTUSD,Sell,50,3264,ZeroMinusTick,6aa90f26-f822-ee2d-08ec-16cc1afcee2e,838743,536
2018-12-14 01:03:54.413,181219003044655,18121401,XBTUSD,Sell,25,3264,ZeroMinusTick,4fdac953-87db-e9e7-25c0-d45ddb65c63e,838768,537
2018-12-14 01:03:55.081,181219003044655,18121401,XBTUSD,Buy,3692,3264.5,PlusTick,663bf923-0b76-cbe4-c0f5-8d1b6b6ce51d,842460,538
2018-12-14 01:03:58.155,181219003044655,18121401,XBTUSD,Sell,10,3264,ZeroMinusTick,a4c1d709-c07f-9f0c-2fa1-c4a2c65b8209,842470,539
2018-12-14 01:04:56.738,181219003044655,18121401,XBTUSD,Buy,5000,3264.5,ZeroPlusTick,6566990f-8fbd-6c9e-cf72-18c3c0ae35de,847470,540
2018-12-14 01:04:56.738,181219003044655,18121401,XBTUSD,Buy,6,3264.5,ZeroPlusTick,457203e7-759d-7480-f251-e471dff2fa3e,847476,541
2018-12-14 01:04:56.738,181219003044655,18121401,XBTUSD,Buy,30,3264.5,ZeroPlusTick,e106ead7-56dc-6851-c360-745d74cb80c2,847506,542
2018-12-14 01:04:56.738,181219003044655,18121401,XBTUSD,Buy,8545,3264.5,ZeroPlusTick,997a0430-1668-9438-8cac-ca8f5650c4b9,856051,543
2018-12-14 01:03:25.588,181219003044655,18121401,XBTUSD,Sell,3960,3266.5,ZeroMinusTick,e94b02d5-4a81-380e-f9b7-21cd52b78eba,860011,544
2018-12-14 01:03:45.806,181219003044655,18121401,XBTUSD,Sell,30,3266.5,ZeroMinusTick,916bbc80-467c-e2a7-6b17-504492b58463,860041,545
2018-12-14 01:03:45.806,181219003044655,18121401,XBTUSD,Sell,10,3266.5,ZeroMinusTick,61dc6984-0d73-ad74-97be-a675c9f8e7e2,860051,546
2018-12-14 01:03:45.806,181219003044655,18121401,XBTUSD,Sell,1,3266.5,ZeroMinusTick,b1187b64-464b-f7f5-a8b0-fd0a2c39855c,860052,547
2018-12-14 01:03:45.806,181219003044655,18121401,XBTUSD,Sell,100,3266.5,ZeroMinusTick,cb0b2d33-d53b-4ece-cdf3-dc9a7e4e9cb8,860152,548
2018-12-14 01:03:46.980,181219003044655,18121401,XBTUSD,Sell,201,3266,MinusTick,37a1566e-3cab-400f-0717-7e7f384b4833,860353,549
2018-12-14 01:03:47.947,181219003044655,18121401,XBTUSD,Sell,13064,3266,ZeroMinusTick,be926a69-4502-183f-debb-4f9cff69feaf,873417,550
2018-12-14 01:03:47.947,181219003044655,18121401,XBTUSD,Sell,244,3266,ZeroMinusTick,38dfeb16-6f4b-c4f4-ff29-51b168ee4bd4,873661,551
2018-12-14 01:03:47.947,181219003044655,18121401,XBTUSD,Sell,1320,3266,ZeroMinusTick,cae7da65-03d2-1a7a-99b2-1eee7edf2ecf,874981,552
2018-12-14 01:03:47.947,181219003044655,18121401,XBTUSD,Sell,206,3266,ZeroMinusTick,6d4dc22f-f808-60fa-c4b2-50ccb6770c5a,875187,553
2018-12-14 01:03:47.947,181219003044655,18121401,XBTUSD,Sell,100,3265.5,ZeroMinusTick,d397ceef-cc48-a973-73b1-9707eef92e4e,875287,554
2018-12-14 01:03:47.947,181219003044655,18121401,XBTUSD,Sell,3266,3265.5,ZeroMinusTick,79c12ed1-68ae-ae36-a325-5ec3d7846620,878553,555
2018-12-14 01:03:48.043,181219003044655,18121401,XBTUSD,Sell,500,3265,ZeroMinusTick,b6b38d13-eb0c-5976-cc7c-88a54ccb8aa7,879053,556
2018-12-14 01:03:48.043,181219003044655,18121401,XBTUSD,Sell,500,3265,ZeroMinusTick,27198406-53af-9614-d882-33d5a723872d,879553,557
2018-12-14 01:03:49.077,181219003044655,18121401,XBTUSD,Sell,100,3265,ZeroMinusTick,c40fcb30-ddb1-d765-6407-b5d01ad8afa3,879653,558
2018-12-14 01:03:49.513,181219003044655,18121401,XBTUSD,Sell,10000,3265,ZeroMinusTick,4a644d04-2dc4-639a-9bb7-080551f85fe7,889653,559
2018-12-14 01:03:50.817,181219003044655,18121401,XBTUSD,Sell,204,3265,ZeroMinusTick,ca4f5c60-295c-78c9-ba18-935870aff175,889857,560
2018-12-14 01:03:50.817,181219003044655,18121401,XBTUSD,Sell,69,3264.5,ZeroMinusTick,02bc2ea7-a090-8d01-a325-2451a97ca488,889926,561
2018-12-14 01:03:50.817,181219003044655,18121401,XBTUSD,Sell,1611,3264.5,ZeroMinusTick,1429a789-9871-c878-c81a-ae57b32d801a,891537,562
2018-12-14 01:03:51.255,181219003044655,18121401,XBTUSD,Sell,50,3264.5,ZeroMinusTick,76ae6fcd-c4dd-aedc-2a15-40d70956bcc5,891587,563
2018-12-14 01:03:51.255,181219003044655,18121401,XBTUSD,Sell,17,3264,ZeroMinusTick,53410af9-6134-f5d8-41f6-f858b2c81b78,891604,564
2018-12-14 01:03:51.514,181219003044655,18121401,XBTUSD,Sell,23,3264,ZeroMinusTick,03a65a86-37db-3d2c-c8b8-cfc0b5aadb9d,891627,565
2018-12-14 01:03:52.476,181219003044655,18121401,XBTUSD,Buy,3721,3264.5,ZeroPlusTick,0677dbb0-401a-c3fd-b1d4-be2885e41425,895348,566
2018-12-14 01:03:53.435,181219003044655,18121401,XBTUSD,Sell,400,3264,ZeroMinusTick,c298df5c-51da-fdfb-4489-28df36b98d95,895748,567
2018-12-14 01:03:53.963,181219003044655,18121401,XBTUSD,Sell,120,3264,ZeroMinusTick,9c93341a-b4e7-9158-cac8-41f2c33a9e1e,895868,568
2018-12-14 01:04:14.317,181219003044656,18121401,XBTUSD,Sell,5,3264,MinusTick,1f4fc414-4151-5815-0b40-cf4cc11bf1fc,895873,569
2018-12-14 01:04:16.495,181219003044656,18121401,XBTUSD,Sell,5,3264,MinusTick,dc71d973-00d9-b3a0-45ef-c4da29df0a55,895878,570
2018-12-14 01:04:18.831,181219003044656,18121401,XBTUSD,Sell,5,3264,MinusTick,2d3820a8-c1e9-e408-bde1-5b444379573e,895883,571
2018-12-14 01:04:23.241,181219003044656,18121401,XBTUSD,Buy,400,3264.5,PlusTick,34419648-a09e-ee8c-e863-90d611d48f50,896283,572
2018-12-14 01:04:23.502,181219003044656,18121401,XBTUSD,Buy,3500,3264.5,ZeroPlusTick,329a2c87-4cfd-834b-191a-fbf462438bd5,899783,573
2018-12-14 01:04:31.770,181219003044656,18121401,XBTUSD,Sell,821,3264,ZeroMinusTick,c649a2df-3d55-e023-5365-073559731cc4,900604,574
2018-12-14 01:04:36.527,181219003044656,18121401,XBTUSD,Sell,80,3264,ZeroMinusTick,0e75e12b-7bab-d302-9658-4cf1f9e1c3b9,900684,575
2018-12-14 01:04:42.563,181219003044656,18121401,XBTUSD,Sell,40,3264,ZeroMinusTick,3aca4c2f-e20e-5865-2baa-c62b86f3618d,900724,576
2018-12-14 01:04:52.136,181219003044656,18121401,XBTUSD,Sell,120,3264,MinusTick,a8035ba2-2436-98e4-41c4-ed9d2e292897,900844,577
2018-12-14 01:04:56.738,181219003044656,18121401,XBTUSD,Buy,200,3264.5,ZeroPlusTick,5fcffeb3-ecee-14f5-b46a-bc2adfd15cd1,901044,578
2018-12-14 01:04:56.738,181219003044656,18121401,XBTUSD,Buy,30,3264.5,ZeroPlusTick,0e9796ec-4912-fe7b-4dd6-a340150bcd78,901074,579
2018-12-14 01:04:56.738,181219003044656,18121401,XBTUSD,Buy,15,3264.5,ZeroPlusTick,6c77de44-40f7-9fae-cce4-1036a88b118f,901089,580
2018-12-14 01:04:56.738,181219003044656,18121401,XBTUSD,Buy,1,3264.5,ZeroPlusTick,73a30181-e198-afcc-3479-8cac3d42e2f8,901090,581
2018-12-14 01:04:57.005,181219003044656,18121401,XBTUSD,Buy,8718,3264.5,ZeroPlusTick,f4bb32a3-9277-411e-3f7d-b854877e8950,909808,582
2018-12-14 01:04:57.005,181219003044656,18121401,XBTUSD,Buy,4813,3264.5,ZeroPlusTick,3f3af91d-70b3-53c2-ffc2-f374f8da4915,914621,583
2018-12-14 01:04:58.677,181219003044656,18121401,XBTUSD,Buy,10,3265,PlusTick,f6473935-6905-4061-947a-4601bcc7921c,914631,584
2018-12-14 01:05:02.179,181219003044656,18121401,XBTUSD,Buy,500,3265,ZeroPlusTick,9690304f-2277-cf00-56ae-93f1981fbfc5,915131,585
2018-12-14 01:05:04.812,181219003044656,18121401,XBTUSD,Buy,2,3265,ZeroPlusTick,799b9779-1ccf-9625-738b-1d0fd23e1998,915133,586
2018-12-14 01:05:06.727,181219003044656,18121401,XBTUSD,Buy,827,3265,ZeroPlusTick,16b78ce2-2b4e-31d5-b961-e4804835c795,915960,587
2018-12-14 01:05:08.304,181219003044656,18121401,XBTUSD,Buy,100,3265,ZeroPlusTick,13a96918-c619-cd4d-5060-da4614004ddb,916060,588
2018-12-14 01:03:45.806,181219003044656,18121401,XBTUSD,Sell,20,3266.5,ZeroMinusTick,48b2edc6-2aac-65f2-177a-a3ab79a0979e,916080,589
2018-12-14 01:03:45.806,181219003044656,18121401,XBTUSD,Sell,1000,3266.5,ZeroMinusTick,a850f421-134c-a195-170e-300215c6183a,917080,590
2018-12-14 01:03:45.806,181219003044656,18121401,XBTUSD,Sell,25,3266.5,ZeroMinusTick,e050bf4b-819f-b802-8634-33c8af3973ce,917105,591
2018-12-14 01:03:47.947,181219003044656,18121401,XBTUSD,Sell,1,3266,ZeroMinusTick,c847a1a7-7e64-ca78-17ef-6989c91c34b0,917106,592
2018-12-14 01:03:47.947,181219003044656,18121401,XBTUSD,Sell,100,3266,ZeroMinusTick,595b7daf-3bf6-c64b-862d-34d7812112af,917206,593
2018-12-14 01:03:47.947,181219003044656,18121401,XBTUSD,Sell,50,3266,ZeroMinusTick,f0659642-c9ba-83d3-cf70-4a96fd0daabb,917256,594
2018-12-14 01:03:47.947,181219003044656,18121401,XBTUSD,Sell,1000,3266,ZeroMinusTick,3836a065-8348-57e0-d489-022d2a1e5f14,918256,595
2018-12-14 01:03:47.947,181219003044656,18121401,XBTUSD,Sell,10,3265.5,ZeroMinusTick,9e6b4cc8-eeeb-4928-eeeb-ee062c0f58ce,918266,596
2018-12-14 01:03:47.947,181219003044656,18121401,XBTUSD,Sell,800,3265.5,ZeroMinusTick,422ee649-1bc2-5cf5-2417-6b8c90484b52,919066,597
2018-12-14 01:03:48.043,181219003044656,18121401,XBTUSD,Sell,10,3265,MinusTick,1517ad1e-da13-6567-77d6-bb49a39406a8,919076,598
2018-12-14 01:03:48.043,181219003044656,18121401,XBTUSD,Sell,25,3265,ZeroMinusTick,1771a23b-7bd5-fde2-7f77-688b524cb32d,919101,599
2018-12-14 01:03:49.077,181219003044656,18121401,XBTUSD,Sell,400,3265,ZeroMinusTick,fcebeb4f-5fb8-10fe-80d8-a461a3da95db,919501,600
2018-12-14 01:03:49.513,181219003044656,18121401,XBTUSD,Sell,60,3265,ZeroMinusTick,24ef8883-e8a3-5ae3-2eea-1c2a64efbc85,919561,601
2018-12-14 01:03:49.513,181219003044656,18121401,XBTUSD,Sell,1837,3265,ZeroMinusTick,18681fea-cf39-a6ed-47c7-275d10c00eab,921398,602
2018-12-14 01:03:50.817,181219003044656,18121401,XBTUSD,Sell,14,3264.5,ZeroMinusTick,cf5a6657-592f-86a9-c13a-4319512f1c6c,921412,603
2018-12-14 01:03:50.817,181219003044656,18121401,XBTUSD,Sell,205,3264.5,ZeroMinusTick,7064ef80-f72b-ca5e-c662-95c9f30d95b3,921617,604
2018-12-14 01:03:51.255,181219003044656,18121401,XBTUSD,Sell,1268,3264.5,ZeroMinusTick,5f2930ee-f519-7512-ed25-5ae831af53f7,922885,605
2018-12-14 01:03:51.255,181219003044656,18121401,XBTUSD,Sell,10,3264,MinusTick,e8bf4e21-c8a7-32ba-3553-4b91a5accb30,922895,606
2018-12-14 01:03:51.255,181219003044656,18121401,XBTUSD,Sell,1670,3264,ZeroMinusTick,63828a1f-89de-9e8f-9f24-98d9cf285b10,924565,607
2018-12-14 01:03:51.514,181219003044656,18121401,XBTUSD,Sell,330,3264,ZeroMinusTick,d5acf6ec-087c-9dd8-f821-10ae918fc1de,924895,608
2018-12-14 01:03:51.514,181219003044656,18121401,XBTUSD,Sell,2574,3264,ZeroMinusTick,b6814409-b74e-d167-d0c6-f3299e163b1f,927469,609
2018-12-14 01:03:52.053,181219003044656,18121401,XBTUSD,Sell,2500,3264,ZeroMinusTick,700052e5-50df-768e-1ea9-c24fb54aef26,929969,610
2018-12-14 01:03:52.476,181219003044656,18121401,XBTUSD,Buy,971,3264.5,ZeroPlusTick,268169be-6ac5-cd7e-98d0-7ebdb8f535e0,930940,611
2018-12-14 01:03:52.620,181219003044656,18121401,XBTUSD,Sell,73,3264,ZeroMinusTick,c8e91ad3-88c5-e063-b52a-f56dd10cd421,931013,612
2018-12-14 01:03:53.435,181219003044656,18121401,XBTUSD,Sell,57,3264,ZeroMinusTick,edf60037-1824-ad1b-521b-fcc88afff83e,931070,613
2018-12-14 01:04:22.216,181219003044656,18121401,XBTUSD,Sell,200,3264,ZeroMinusTick,42013e0b-088e-8684-d892-4dc1821a56e3,931270,614
2018-12-14 01:04:28.729,181219003044656,18121401,XBTUSD,Sell,26,3264,ZeroMinusTick,24431d51-960a-94d5-5165-750738d27857,931296,615
2018-12-14 01:04:56.738,181219003044656,18121401,XBTUSD,Buy,3216,3264.5,ZeroPlusTick,883bca61-7ffa-3339-0912-155d9d5de11d,934512,616
2018-12-14 01:04:56.738,181219003044656,18121401,XBTUSD,Buy,10,3264.5,ZeroPlusTick,31f6c9b4-0498-f759-dedc-4a3c20e31a8d,934522,617
2018-12-14 01:04:56.738,181219003044656,18121401,XBTUSD,Buy,500,3264.5,ZeroPlusTick,d36637fb-d10b-4667-8ef3-6c499ef38e17,935022,618
2018-12-14 01:04:56.738,181219003044656,18121401,XBTUSD,Buy,10000,3264.5,ZeroPlusTick,44ce80c2-5023-4a2f-a721-1273e3370f6d,945022,619
2018-12-14 01:04:56.738,181219003044656,18121401,XBTUSD,Buy,147,3264.5,ZeroPlusTick,4d88396d-21d7-c324-bf65-9801c640153c,945169,620
2018-12-14 01:04:57.005,181219003044656,18121401,XBTUSD,Buy,2000,3264.5,ZeroPlusTick,6d6ca119-01bc-b435-1724-4955d3c43c29,947169,621
2018-12-14 01:05:00.617,181219003044656,18121401,XBTUSD,Sell,1,3264.5,MinusTick,4654449c-9994-9a71-f55c-50906033e570,947170,622
2018-12-14 01:05:06.632,181219003044656,18121401,XBTUSD,Buy,10,3265,PlusTick,792ab300-5092-f87c-aaa4-1dc24f196334,947180,623
2018-12-14 01:05:08.304,181219003044656,18121401,XBTUSD,Buy,2000,3265,ZeroPlusTick,52b04c4b-a9b0-58d0-3d9b-911e9561008f,949180,624
2018-12-14 01:05:21.577,181219003044656,18121401,XBTUSD,Buy,50,3265.5,ZeroPlusTick,95fd3041-dd3d-801a-b608-4603de8da9c6,949230,625
2018-12-14 01:05:25.229,181219003044656,18121401,XBTUSD,Buy,4871,3265.5,ZeroPlusTick,84b8738f-76ee-de13-8dfb-fa568e6bbf57,954101,626
2018-12-14 01:05:25.229,181219003044656,18121401,XBTUSD,Buy,15,3266,ZeroPlusTick,8588abc2-1508-5852-0f6a-e8b3e8409b78,954116,627
2018-12-14 01:05:33.554,181219003044656,18121401,XBTUSD,Buy,500,3266,PlusTick,4cf7eecd-8d12-a4c9-fc9d-6e68d84bdd26,954616,628
2018-12-14 01:03:47.947,181219003044656,18121401,XBTUSD,Sell,10,3265.5,MinusTick,bfd16f57-4102-a264-ecb3-c4975ec228b8,954626,629
2018-12-14 01:03:47.947,181219003044656,18121401,XBTUSD,Sell,20,3265.5,ZeroMinusTick,8a730acb-5ef5-9b13-1b81-1cadd4fd8bcb,954646,630
2018-12-14 01:03:47.947,181219003044656,18121401,XBTUSD,Sell,90,3265.5,ZeroMinusTick,1eccd36e-3410-fe9f-5080-b2bd73fd4248,954736,631
2018-12-14 01:03:48.043,181219003044656,18121401,XBTUSD,Sell,107,3265,ZeroMinusTick,53490c8f-10b4-908e-23b9-c1c9649e94a0,954843,632
2018-12-14 01:03:48.043,181219003044656,18121401,XBTUSD,Sell,154,3265,ZeroMinusTick,38ea89d7-2db3-a482-648c-d94e7668b3b0,954997,633
2018-12-14 01:03:49.041,181219003044656,18121401,XBTUSD,Sell,1000,3265,ZeroMinusTick,21166f8b-550d-b7d1-a46e-b642e96ef332,955997,634
2018-12-14 01:03:49.077,181219003044656,18121401,XBTUSD,Sell,1200,3265,ZeroMinusTick,1fe303b5-bb82-be62-d13a-0ac638abcd11,957197,635
2018-12-14 01:03:49.513,181219003044656,18121401,XBTUSD,Sell,27,3265,ZeroMinusTick,fd0df234-9492-0cf3-174a-c98d72998bc0,957224,636
2018-12-14 01:03:50.817,181219003044656,18121401,XBTUSD,Sell,30,3264.5,MinusTick,9b502ea0-d2cc-8fdf-c383-027c31b7ee7a,957254,637
2018-12-14 01:03:51.255,181219003044656,18121401,XBTUSD,Sell,163,3264.5,ZeroMinusTick,14af8150-6f46-79b6-c68c-0a15383509a8,957417,638
2018-12-14 01:03:51.255,181219003044656,18121401,XBTUSD,Sell,10,3264,ZeroMinusTick,388c802c-7c62-1f75-43d5-d192fc11ca09,957427,639
2018-12-14 01:03:51.514,181219003044656,18121401,XBTUSD,Sell,24,3264,ZeroMinusTick,2919ca13-9c26-3fcb-a9bf-00d86a25a60a,957451,640
2018-12-14 01:03:52.476,181219003044656,18121401,XBTUSD,Buy,1960,3264.5,ZeroPlusTick,ca52a130-9d5e-8300-cd95-2a010cf8841a,959411,641
2018-12-14 01:03:53.435,181219003044657,18121401,XBTUSD,Sell,27,3264,ZeroMinusTick,7819fa6b-35d8-80fa-8e15-68fbc2cbf62a,959438,642
2018-12-14 01:04:04.160,181219003044657,18121401,XBTUSD,Buy,2625,3264.5,PlusTick,712f63c4-f0f7-b8a8-0728-402249b06d6b,962063,643
2018-12-14 01:04:36.527,181219003044657,18121401,XBTUSD,Sell,179,3264,ZeroMinusTick,3569db7b-0a6b-538a-054c-e9b1f63c9856,962242,644
2018-12-14 01:04:38.262,181219003044657,18121401,XBTUSD,Buy,3000,3264.5,PlusTick,26159809-d125-aea8-1ffd-c714129ec6d4,965242,645
2018-12-14 01:04:42.563,181219003044657,18121401,XBTUSD,Sell,300,3264,ZeroMinusTick,9cec7aa5-a2db-cace-9c2f-32ce13c52827,965542,646
2018-12-14 01:04:53.728,181219003044657,18121401,XBTUSD,Buy,582,3264.5,ZeroPlusTick,ccdb5293-e690-05cf-3e68-270c2cafc760,966124,647
2018-12-14 01:04:56.738,181219003044657,18121401,XBTUSD,Buy,2000,3264.5,ZeroPlusTick,81983250-ac00-ba50-a367-87e91ff5e8e5,968124,648
2018-12-14 01:04:56.738,181219003044657,18121401,XBTUSD,Buy,5000,3264.5,ZeroPlusTick,b48478de-beeb-b515-d2c3-bc345fde5b6d,973124,649
2018-12-14 01:04:56.738,181219003044657,18121401,XBTUSD,Buy,125000,3264.5,ZeroPlusTick,0f192acc-96ff-d5b7-c1e9-88a982187b70,1098124,650
2018-12-14 01:04:56.738,181219003044657,18121401,XBTUSD,Buy,2000,3264.5,ZeroPlusTick,f3ca87fa-1bdf-d1c2-2d52-0b05573969af,1100124,651
2018-12-14 01:04:57.005,181219003044657,18121401,XBTUSD,Buy,10000,3264.5,ZeroPlusTick,30a1dd8b-b0b4-71d8-45c3-3ea530158620,1110124,652
2018-12-14 01:04:57.005,181219003044657,18121401,XBTUSD,Buy,1000,3264.5,ZeroPlusTick,3d07dfba-f62e-ef44-ddf2-711ff55f3c9c,1111124,653
2018-12-14 01:05:02.164,181219003044657,18121401,XBTUSD,Buy,2000,3265,PlusTick,5d641b7e-6c05-df59-5155-9a93cdd0dc5c,1113124,654
2018-12-14 01:05:04.812,181219003044657,18121401,XBTUSD,Buy,15,3265,ZeroPlusTick,ed33c77a-5119-6ba1-931d-25aae4763bf4,1113139,655
2018-12-14 01:05:06.727,181219003044657,18121401,XBTUSD,Buy,30,3265,ZeroPlusTick,2c310541-fc9f-95c1-41f4-ca5a40460d4a,1113169,656
2018-12-14 01:05:08.047,181219003044657,18121401,XBTUSD,Buy,20,3265,ZeroPlusTick,7df30c67-1a7b-2e33-00d7-ff17cf517664,1113189,657
2018-12-14 01:05:08.304,181219003044657,18121401,XBTUSD,Buy,60,3265,ZeroPlusTick,0d828fa6-1536-2b50-48c8-986f5a559172,1113249,658
2018-12-14 01:05:10.355,181219003044657,18121401,XBTUSD,Buy,28,3265,ZeroPlusTick,82af8506-f89d-7cb0-b45d-8926a3abbf41,1113277,659
2018-12-14 01:05:11.673,181219003044657,18121401,XBTUSD,Buy,15,3265.5,ZeroPlusTick,552234ca-412b-ce86-be53-8e9c412b4962,1113292,660
2018-12-14 01:05:13.502,181219003044657,18121401,XBTUSD,Sell,2,3265,ZeroMinusTick,7db71216-5ec3-9691-c5f3-f922384141ba,1113294,661
2018-12-14 01:05:21.577,181219003044657,18121401,XBTUSD,Buy,1611,3265.5,ZeroPlusTick,b5b83ba3-0347-5d7b-ab35-3945f19af8b9,1114905,662
2018-12-14 01:05:25.229,181219003044657,18121401,XBTUSD,Buy,60,3265.5,ZeroPlusTick,ffe79c28-0d6d-297b-c8e1-b9aa735c5a5b,1114965,663
2018-12-14 01:05:25.229,181219003044657,18121401,XBTUSD,Buy,65,3266,ZeroPlusTick,5485edcd-97d6-ee0c-ce7d-c8a150df53e2,1115030,664
2018-12-14 01:06:01.470,181219003044657,18121401,XBTUSD,Buy,10,3266,ZeroPlusTick,c0d3a8c6-6ae1-d003-48a7-600069348729,1115040,665
2018-12-14 01:06:01.479,181219003044657,18121401,XBTUSD,Buy,100,3266,ZeroPlusTick,125d691b-c708-b963-c041-5706690ef0c1,1115140,666
2018-12-14 01:06:01.579,181219003044657,18121401,XBTUSD,Buy,593,3266,ZeroPlusTick,e39f3f5f-c40c-94e5-2ac1-6e9fa1dc9fc5,1115733,667
2018-12-14 01:06:24.980,181219003044657,18121401,XBTUSD,Sell,2047,3265.5,ZeroMinusTick,6df7a0a8-4f34-9298-a536-0113ee3f7ab1,1117780,668
2018-12-14 01:06:27.719,181219003044657,18121401,XBTUSD,Buy,1,3266,PlusTick,c5687a61-84ac-f9f4-061e-1dc14235150f,1117781,669
2018-12-14 01:07:20.773,181219003044657,18121401,XBTUSD,Buy,150,3266,PlusTick,3f5a13d1-728a-85f5-6988-7df9d67cc42e,1117931,670
2018-12-14 01:03:47.947,181219003044657,18121401,XBTUSD,Sell,50,3265.5,ZeroMinusTick,86570b18-5c22-ca1e-cafc-6a4e8f44d8da,1117981,671
2018-12-14 01:03:48.043,181219003044657,18121401,XBTUSD,Sell,15,3265,ZeroMinusTick,0672fab4-b67d-0c39-312c-038cd757693d,1117996,672
2018-12-14 01:03:48.043,181219003044657,18121401,XBTUSD,Sell,150,3265,ZeroMinusTick,20f2a314-ca73-8a40-a0ad-3e24cd21d6e1,1118146,673
2018-12-14 01:03:49.041,181219003044657,18121401,XBTUSD,Sell,7500,3265,ZeroMinusTick,fc031723-b23f-9f76-b894-022bfedabc06,1125646,674
2018-12-14 01:03:49.077,181219003044657,18121401,XBTUSD,Sell,1000,3265,ZeroMinusTick,27a68208-8ad1-a8f9-c264-b4ea2dc2a810,1126646,675
2018-12-14 01:03:49.513,181219003044657,18121401,XBTUSD,Sell,309,3265,ZeroMinusTick,bdf1cd58-437d-993e-55b9-d9eef74a502a,1126955,676
2018-12-14 01:03:50.817,181219003044657,18121401,XBTUSD,Sell,30,3265,ZeroMinusTick,ca79d021-4f7b-d820-2344-ab0bcefeaa0b,1126985,677
2018-12-14 01:03:50.817,181219003044657,18121401,XBTUSD,Sell,36,3264.5,ZeroMinusTick,26350979-1d22-c501-a9a5-14ce2e0433c7,1127021,678
2018-12-14 01:03:50.817,181219003044657,18121401,XBTUSD,Sell,20,3264.5,ZeroMinusTick,76307aa2-588a-e152-cf58-f0e9af803022,1127041,679
2018-12-14 01:03:51.255,181219003044657,18121401,XBTUSD,Sell,159,3264.5,ZeroMinusTick,a05e8853-a169-5332-4d22-2a8313e39d88,1127200,680
2018-12-14 01:03:51.255,181219003044657,18121401,XBTUSD,Sell,10,3264,ZeroMinusTick,42a743a5-bf87-3bbc-a0d3-6cc148077a7f,1127210,681
2018-12-14 01:03:51.514,181219003044657,18121401,XBTUSD,Sell,11,3264,ZeroMinusTick,e0f84fdb-d21b-4ebf-fb61-b4d21448be17,1127221,682
2018-12-14 01:03:52.476,181219003044657,18121401,XBTUSD,Buy,1308,3264.5,ZeroPlusTick,fa01308c-e438-9a94-cb1f-3ee2108141ff,1128529,683
2018-12-14 01:03:53.435,181219003044657,18121401,XBTUSD,Sell,65,3264,ZeroMinusTick,05cbeb51-ae0c-d7cc-23c2-64226b4091ce,1128594,684
2018-12-14 01:04:01.841,181219003044657,18121401,XBTUSD,Buy,240,3264.5,PlusTick,49e64cd0-1530-31b4-d003-99ed351e66e9,1128834,685
2018-12-14 01:04:01.854,181219003044657,18121401,XBTUSD,Buy,100,3264.5,ZeroPlusTick,9b268638-26a8-3d95-7afa-e7a54ed0ee4f,1128934,686
2018-12-14 01:04:01.918,181219003044657,18121401,XBTUSD,Buy,200,3264.5,ZeroPlusTick,e10fe9f2-2abf-3b0f-7c3d-3af841536178,1129134,687
2018-12-14 01:04:01.929,181219003044657,18121401,XBTUSD,Buy,1460,3264.5,ZeroPlusTick,18085e68-ad1a-8d1b-49a6-b5d723f4c758,1130594,688
2018-12-14 01:04:27.561,181219003044657,18121401,XBTUSD,Sell,1,3264,ZeroMinusTick,05510bba-b9d8-5cc0-1066-ae0e8680e151,1130595,689
2018-12-14 01:04:28.729,181219003044657,18121401,XBTUSD,Sell,174,3264,ZeroMinusTick,531d6d64-ad15-0cb2-1e1c-92ff54035157,1130769,690
2018-12-14 01:04:36.527,181219003044657,18121401,XBTUSD,Sell,74,3264,ZeroMinusTick,01a41a80-7fcb-3d60-bb7e-481154f4d2cc,1130843,691
2018-12-14 01:04:45.566,181219003044657,18121401,XBTUSD,Sell,730,3264,ZeroMinusTick,b79ffc73-ff17-9873-8e65-c52af796029c,1131573,692
2018-12-14 01:04:56.738,181219003044657,18121401,XBTUSD,Buy,2000,3264.5,ZeroPlusTick,0434cb05-f672-1ea1-293f-92f86312c46e,1133573,693
2018-12-14 01:04:56.738,181219003044657,18121401,XBTUSD,Buy,90,3264.5,ZeroPlusTick,a9f6aca1-3189-245f-0f89-f7a05e14fa2a,1133663,694
2018-12-14 01:04:56.738,181219003044657,18121401,XBTUSD,Buy,73,3264.5,ZeroPlusTick,4498a9b2-2970-9a64-a26c-f2476e5d02db,1133736,695
2018-12-14 01:04:56.738,181219003044657,18121401,XBTUSD,Buy,1000,3264.5,ZeroPlusTick,2e92106c-b951-1590-f647-922552d729da,1134736,696
2018-12-14 01:04:56.738,181219003044657,18121401,XBTUSD,Buy,159,3264.5,ZeroPlusTick,d27d8375-6acf-9f04-aeef-819757b384b6,1134895,697
2018-12-14 01:04:57.005,181219003044657,18121401,XBTUSD,Buy,6530,3264.5,ZeroPlusTick,d93db8d9-dfdf-bae3-ac00-1a823d7b207d,1141425,698
2018-12-14 01:05:04.812,181219003044657,18121401,XBTUSD,Buy,3290,3265,PlusTick,2c91ce77-4270-a570-7f48-424785809d99,1144715,699
2018-12-14 01:05:06.727,181219003044657,18121401,XBTUSD,Buy,155,3265,ZeroPlusTick,577154a7-d243-f135-c1bc-3d0ef0d47345,1144870,700
2018-12-14 01:05:08.304,181219003044657,18121401,XBTUSD,Buy,100,3265,ZeroPlusTick,227f6ccc-111e-ecd8-3b2e-1c2cb29cda51,1144970,701
2018-12-14 01:05:10.263,181219003044657,18121401,XBTUSD,Buy,320,3265,ZeroPlusTick,49c78154-b862-b050-3c60-db47dd9557d6,1145290,702
2018-12-14 01:05:10.355,181219003044657,18121401,XBTUSD,Buy,5068,3265,ZeroPlusTick,65be5d0d-1b4a-97cb-bbbe-7878cad0105c,1150358,703
2018-12-14 01:05:11.673,181219003044657,18121401,XBTUSD,Buy,4825,3265.5,ZeroPlusTick,506141b8-e154-1a5a-0a27-9afc7006fd6d,1155183,704
2018-12-14 01:05:18.162,181219003044657,18121401,XBTUSD,Buy,400,3265.5,ZeroPlusTick,48d5cdba-4073-4048-94be-a00be72562ed,1155583,705
2018-12-14 01:05:21.577,181219003044657,18121401,XBTUSD,Buy,163,3265.5,ZeroPlusTick,62983113-7c7a-c0fb-9a58-934cc4ed4ea6,1155746,706
2018-12-14 01:05:25.229,181219003044657,18121401,XBTUSD,Buy,482,3265.5,ZeroPlusTick,77b5679e-ba5c-be19-f707-49c8a8207644,1156228,707
2018-12-14 01:05:25.229,181219003044657,18121401,XBTUSD,Buy,150,3266,ZeroPlusTick,a1d50f0d-23da-300f-9cf7-0e42a9444f00,1156378,708
2018-12-14 01:05:28.269,181219003044657,18121401,XBTUSD,Sell,2625,3265.5,MinusTick,483dc763-f21b-2364-75f8-a4fa3caac045,1159003,709
2018-12-14 01:03:51.255,181219003044657,18121401,XBTUSD,Sell,30,3264,ZeroMinusTick,6a283985-8bcc-e7cf-89f8-e580fd583423,1159033,710
2018-12-14 01:03:51.514,181219003044657,18121401,XBTUSD,Sell,21,3264,ZeroMinusTick,a48c594f-aef2-2919-0091-948ea792e5c8,1159054,711
2018-12-14 01:03:52.125,181219003044657,18121401,XBTUSD,Buy,220,3264.5,PlusTick,1c177e64-3a0d-9c41-7904-ace1727f8e74,1159274,712
2018-12-14 01:03:52.620,181219003044658,18121401,XBTUSD,Sell,7982,3264,MinusTick,bb782646-88ef-c8a9-a82b-9a4a4ad6f098,1167256,713
2018-12-14 01:03:53.435,181219003044658,18121401,XBTUSD,Sell,270,3264,ZeroMinusTick,a09e18c5-2f98-5d7a-4194-53ef1c44111e,1167526,714
2018-12-14 01:04:04.167,181219003044658,18121401,XBTUSD,Buy,2625,3264.5,ZeroPlusTick,0c590396-314b-b9ac-c5fd-803c3640ef31,1170151,715
2018-12-14 01:04:25.522,181219003044658,18121401,XBTUSD,Sell,971,3264,ZeroMinusTick,b07fd7c9-3a11-c520-3261-a9b25b10cd69,1171122,716
2018-12-14 01:04:51.597,181219003044658,18121401,XBTUSD,Sell,1,3264,ZeroMinusTick,5e549488-093b-0157-fcff-748cf6f6a80c,1171123,717
2018-12-14 01:04:51.785,181219003044658,18121401,XBTUSD,Buy,2000,3264.5,PlusTick,f9adaf83-79b5-d8f0-98fb-e0925761bcc5,1173123,718
2018-12-14 01:04:53.572,181219003044658,18121401,XBTUSD,Sell,1,3264,ZeroMinusTick,8ee23bc6-f5c4-cce9-c9c8-7e14e8ea91cb,1173124,719
2018-12-14 01:04:53.728,181219003044658,18121401,XBTUSD,Buy,9418,3264.5,PlusTick,263b3046-830a-33ee-2f2b-828a935bb075,1182542,720
2018-12-14 01:04:56.738,181219003044658,18121401,XBTUSD,Buy,2000,3264.5,ZeroPlusTick,feacd7b6-04bd-4864-c358-ac08da421e87,1184542,721
2018-12-14 01:04:56.738,181219003044658,18121401,XBTUSD,Buy,14,3264.5,ZeroPlusTick,6c6f8b00-cb5c-28ad-0aa0-b6859cd85399,1184556,722
2018-12-14 01:04:56.738,181219003044658,18121401,XBTUSD,Buy,100,3264.5,ZeroPlusTick,57d3785c-8bfb-ecbd-7bd7-f5d9863d9fa0,1184656,723
2018-12-14 01:04:56.738,181219003044658,18121401,XBTUSD,Buy,372,3264.5,ZeroPlusTick,5a820796-516a-4405-1d83-86bd4304ee1e,1185028,724
2018-12-14 01:04:57.005,181219003044658,18121401,XBTUSD,Buy,10000,3264.5,ZeroPlusTick,9696fb47-a035-61e3-5cab-63fb7ac3de4b,1195028,725
2018-12-14 01:04:57.005,181219003044658,18121401,XBTUSD,Buy,6008,3264.5,ZeroPlusTick,0e73ea0c-8404-fcf7-daa0-a47d5de12754,1201036,726
2018-12-14 01:05:04.012,181219003044658,18121401,XBTUSD,Sell,1,3264.5,ZeroMinusTick,6378d246-94b6-0f4b-50a7-1a61255b019e,1201037,727
2018-12-14 01:05:04.876,181219003044658,18121401,XBTUSD,Sell,1,3264.5,MinusTick,cba8643f-e744-ac72-8ce0-4eecac86ad0c,1201038,728
2018-12-14 01:05:06.727,181219003044658,18121401,XBTUSD,Buy,500,3265,ZeroPlusTick,d42505d8-e80a-f187-e4e2-b4cb3e428319,1201538,729
2018-12-14 01:05:06.905,181219003044658,18121401,XBTUSD,Buy,150,3265,ZeroPlusTick,e1d7d327-8530-2f36-dbc2-bebfc3d37ea3,1201688,730
2018-12-14 01:05:08.304,181219003044658,18121401,XBTUSD,Buy,6991,3265,ZeroPlusTick,a62ccca5-2563-78cb-d325-be512b9fb5d9,1208679,731
2018-12-14 01:05:21.577,181219003044658,18121401,XBTUSD,Buy,4877,3265.5,ZeroPlusTick,c40b298d-376c-e165-6bde-eaa828e17221,1213556,732
2018-12-14 01:05:25.229,181219003044658,18121401,XBTUSD,Buy,4056,3265.5,ZeroPlusTick,0b055e78-61b2-ae45-b245-44b89ea432fb,1217612,733
2018-12-14 01:05:25.229,181219003044658,18121401,XBTUSD,Buy,100,3266,ZeroPlusTick,2a863135-9795-4296-092e-13dfe6018d83,1217712,734
2018-12-14 01:05:25.229,181219003044658,18121401,XBTUSD,Buy,3636,3266,ZeroPlusTick,610e75d2-1d39-4c91-03cb-e4ce9f527a6d,1221348,735
2018-12-14 01:05:28.312,181219003044658,18121401,XBTUSD,Sell,2625,3265.5,ZeroMinusTick,24e93f6e-11c3-8ad9-58db-ca1713d191dc,1223973,736
2018-12-14 01:06:14.796,181219003044658,18121401,XBTUSD,Buy,900,3266,PlusTick,3ce2c5b5-ba41-23c4-43a4-e488fdb828d4,1224873,737
2018-12-14 01:06:50.592,181219003044658,18121401,XBTUSD,Buy,2777,3266,PlusTick,77bc6c85-eeaa-0ca1-23b2-2f19e26b201f,1227650,738
2018-12-14 01:06:50.928,181219003044658,18121401,XBTUSD,Sell,54,3265.5,MinusTick,b3218842-5093-480d-41f2-1018c5a20ee6,1227704,739
2018-12-14 01:07:10.384,181219003044658,18121401,XBTUSD,Buy,100,3266,PlusTick,b62c4cf1-08c2-a141-c7de-27037a3d0560,1227804,740
2018-12-14 01:07:25.047,181219003044658,18121401,XBTUSD,Sell,140,3265.5,ZeroMinusTick,ca88b04b-1e12-5531-f202-8f369a1c7bec,1227944,741
2018-12-14 01:07:39.617,181219003044658,18121401,XBTUSD,Sell,300,3265.5,ZeroMinusTick,678c30fb-f838-ae5e-10c4-1043a5b4f9b6,1228244,742
2018-12-14 01:03:52.476,181219003044658,18121401,XBTUSD,Buy,5000,3264.5,ZeroPlusTick,73f6edb8-13b7-a188-a0ab-5a024894fde3,1233244,743
2018-12-14 01:03:53.435,181219003044658,18121401,XBTUSD,Sell,23586,3264,ZeroMinusTick,9247b113-e87b-41fb-283c-c4a888de1f06,1256830,744
2018-12-14 01:03:53.435,181219003044658,18121401,XBTUSD,Sell,545,3264,ZeroMinusTick,2d1fa3bf-f41e-8178-d06c-036980e93506,1257375,745
2018-12-14 01:03:55.900,181219003044658,18121401,XBTUSD,Sell,1,3264,MinusTick,4349bd25-e15b-5a48-6f50-3462ec9524b0,1257376,746
2018-12-14 01:03:57.776,181219003044658,18121401,XBTUSD,Sell,10000,3264,ZeroMinusTick,add1dc62-00d8-a49e-96b9-0889333ec50d,1267376,747
2018-12-14 01:04:01.929,181219003044658,18121401,XBTUSD,Buy,340,3264.5,ZeroPlusTick,9b0a4dd3-7ef5-a92c-492e-83d83db0ec96,1267716,748
2018-12-14 01:04:01.942,181219003044658,18121401,XBTUSD,Buy,3500,3264.5,ZeroPlusTick,eaaf5a1f-0f34-befa-018f-9dc99c04d68e,1271216,749
2018-12-14 01:04:01.957,181219003044658,18121401,XBTUSD,Buy,300,3264.5,ZeroPlusTick,835c537a-8aea-e4de-8820-84f0eb9adf63,1271516,750
2018-12-14 01:04:02.005,181219003044658,18121401,XBTUSD,Sell,3000,3264,MinusTick,fa963ff4-bd8f-33de-87c2-b25caadb5aa2,1274516,751
2018-12-14 01:04:02.034,181219003044658,18121401,XBTUSD,Sell,500,3264,ZeroMinusTick,5f275daa-3a56-6a95-f0d8-9448ae82fd58,1275016,752
2018-12-14 01:04:15.577,181219003044658,18121401,XBTUSD,Sell,1000,3264,ZeroMinusTick,28229636-c6d0-83ff-416b-859ba783af29,1276016,753
2018-12-14 01:04:20.449,181219003044658,18121401,XBTUSD,Sell,4,3264,ZeroMinusTick,59a9b1a6-a055-3123-83b0-215d741263d6,1276020,754
2018-12-14 01:04:36.527,181219003044658,18121401,XBTUSD,Sell,60,3264,ZeroMinusTick,356f5332-2481-09b6-cb51-14d6e834e374,1276080,755
2018-12-14 01:04:56.738,181219003044658,18121401,XBTUSD,Buy,4297,3264.5,ZeroPlusTick,b9d43acb-1132-d525-bd85-01c7d086c044,1280377,756
2018-12-14 01:04:56.738,181219003044658,18121401,XBTUSD,Buy,1,3264.5,ZeroPlusTick,edbdcd32-4b47-606a-9afd-08beb46f49ad,1280378,757
2018-12-14 01:04:56.738,181219003044658,18121401,XBTUSD,Buy,3692,3264.5,ZeroPlusTick,489c3d85-11a4-2c28-3c16-3585d0876689,1284070,758
