id,timestamp,hour,symbol,bidPrice,bidSize,askPrice,askSize,midPrice,microPrice
10209047,2019-01-06T09:00:03.915Z,19010609,XBTUSD,3793.5,401964,3794,403424,3793.75,3794
10209045,2019-01-06T09:00:03.811Z,19010609,XBTUSD,3793.5,401964,3794,376424,3793.75,3794
10209055,2019-01-06T09:00:04.184Z,19010609,XBTUSD,3793.5,409464,3794,405256,3793.75,3794
10209078,2019-01-06T09:00:04.292Z,19010609,XBTUSD,3793.5,431976,3794,389494,3793.75,3794
10209088,2019-01-06T09:00:04.835Z,19010609,XBTUSD,3793.5,431012,3794,399671,3793.75,3794
10209102,2019-01-06T09:00:05.746Z,19010609,XBTUSD,3793.5,429118,3794,319536,3793.75,3794
10209034,2019-01-06T09:00:02.839Z,19010609,XBTUSD,3793.5,401863,3794,375559,3793.75,3794
10209051,2019-01-06T09:00:03.998Z,19010609,XBTUSD,3793.5,401964,3794,405226,3793.75,3794
10209057,2019-01-06T09:00:04.187Z,19010609,XBTUSD,3793.5,429474,3794,405266,3793.75,3794
10209083,2019-01-06T09:00:04.656Z,19010609,XBTUSD,3793.5,432010,3794,389615,3793.75,3794
10209093,2019-01-06T09:00:05.307Z,19010609,XBTUSD,3793.5,431013,3794,319671,3793.75,3794
10209097,2019-01-06T09:00:05.528Z,19010609,XBTUSD,3793.5,429118,3794,309711,3793.75,3794
10209107,2019-01-06T09:00:05.811Z,19010609,XBTUSD,3793.5,429226,3794,299536,3793.75,3794
10209164,2019-01-06T09:00:09.693Z,19010609,XBTUSD,3793.5,430204,3794,307679,3793.75,3794
10209195,2019-01-06T09:00:11.664Z,19010609,XBTUSD,3793.5,430209,3794,304719,3793.75,3794
10209199,2019-01-06T09:00:12.088Z,19010609,XBTUSD,3793.5,430410,3794,304427,3793.75,3794
10209200,2019-01-06T09:00:12.091Z,19010609,XBTUSD,3793.5,430411,3794,304427,3793.75,3794
10209220,2019-01-06T09:00:14.106Z,19010609,XBTUSD,3793.5,429892,3794,365938,3793.75,3794
10209245,2019-01-06T09:00:15.300Z,19010609,XBTUSD,3793.5,430245,3794,375968,3793.75,3794
10209044,2019-01-06T09:00:03.795Z,19010609,XBTUSD,3793.5,401864,3794,376424,3793.75,3794
10209052,2019-01-06T09:00:04.022Z,19010609,XBTUSD,3793.5,401964,3794,401432,3793.75,3794
10209077,2019-01-06T09:00:04.266Z,19010609,XBTUSD,3793.5,431975,3794,389494,3793.75,3794
10209092,2019-01-06T09:00:05.246Z,19010609,XBTUSD,3793.5,431012,3794,319671,3793.75,3794
10209104,2019-01-06T09:00:05.773Z,19010609,XBTUSD,3793.5,429224,3794,309536,3793.75,3794
10209128,2019-01-06T09:00:06.609Z,19010609,XBTUSD,3793.5,429536,3794,299373,3793.75,3794
10209140,2019-01-06T09:00:07.236Z,19010609,XBTUSD,3793.5,431454,3794,299473,3793.75,3794
10209159,2019-01-06T09:00:09.206Z,19010609,XBTUSD,3793.5,430868,3794,308351,3793.75,3794
10209174,2019-01-06T09:00:10.473Z,19010609,XBTUSD,3793.5,430205,3794,324094,3793.75,3794
10209205,2019-01-06T09:00:12.753Z,19010609,XBTUSD,3793.5,430413,3794,304438,3793.75,3794
10209212,2019-01-06T09:00:13.479Z,19010609,XBTUSD,3793.5,430413,3794,365938,3793.75,3794
10209244,2019-01-06T09:00:15.235Z,19010609,XBTUSD,3793.5,430245,3794,365968,3793.75,3794
10209261,2019-01-06T09:00:16.146Z,19010609,XBTUSD,3793.5,430262,3794,381850,3793.75,3794
10209272,2019-01-06T09:00:16.814Z,19010609,XBTUSD,3793.5,429940,3794,381850,3793.75,3794
10209277,2019-01-06T09:00:17.404Z,19010609,XBTUSD,3793.5,429941,3794,382850,3793.75,3794
10209299,2019-01-06T09:00:19.221Z,19010609,XBTUSD,3793.5,379335,3794,386655,3793.75,3794
10209323,2019-01-06T09:00:20.951Z,19010609,XBTUSD,3793.5,359339,3794,407584,3793.75,3794
10209354,2019-01-06T09:00:21.523Z,19010609,XBTUSD,3793.5,365091,3794,396614,3793.75,3794
10209358,2019-01-06T09:00:21.809Z,19010609,XBTUSD,3793.5,415072,3794,386614,3793.75,3794
10209381,2019-01-06T09:00:22.146Z,19010609,XBTUSD,3793.5,515117,3794,396614,3793.75,3794
10209396,2019-01-06T09:00:23.012Z,19010609,XBTUSD,3793.5,445117,3794,416830,3793.75,3794
10209423,2019-01-06T09:00:23.804Z,19010609,XBTUSD,3793.5,445118,3794,416532,3793.75,3794
10209432,2019-01-06T09:00:24.608Z,19010609,XBTUSD,3793.5,447126,3794,364732,3793.75,3794
10209462,2019-01-06T09:00:25.554Z,19010609,XBTUSD,3793.5,517086,3794,345243,3793.75,3794
10209470,2019-01-06T09:00:26.292Z,19010609,XBTUSD,3793.5,527688,3794,343043,3793.75,3794
10209489,2019-01-06T09:00:27.406Z,19010609,XBTUSD,3793.5,446383,3794,346642,3793.75,3794
10209501,2019-01-06T09:00:27.911Z,19010609,XBTUSD,3793.5,443398,3794,381566,3793.75,3794
10209049,2019-01-06T09:00:03.946Z,19010609,XBTUSD,3793.5,401964,3794,402214,3793.75,3794
10209075,2019-01-06T09:00:04.227Z,19010609,XBTUSD,3793.5,431974,3794,405294,3793.75,3794
10209087,2019-01-06T09:00:04.783Z,19010609,XBTUSD,3793.5,431012,3794,389671,3793.75,3794
10209103,2019-01-06T09:00:05.751Z,19010609,XBTUSD,3793.5,429224,3794,319536,3793.75,3794
10209127,2019-01-06T09:00:06.578Z,19010609,XBTUSD,3793.5,429226,3794,299373,3793.75,3794
10209141,2019-01-06T09:00:07.351Z,19010609,XBTUSD,3793.5,431454,3794,299573,3793.75,3794
10209150,2019-01-06T09:00:08.370Z,19010609,XBTUSD,3793.5,431468,3794,297656,3793.75,3794
10209161,2019-01-06T09:00:09.422Z,19010609,XBTUSD,3793.5,430184,3794,308976,3793.75,3794
10209176,2019-01-06T09:00:10.815Z,19010609,XBTUSD,3793.5,430207,3794,324094,3793.75,3794
10209194,2019-01-06T09:00:11.655Z,19010609,XBTUSD,3793.5,430209,3794,314719,3793.75,3794
10209241,2019-01-06T09:00:15.174Z,19010609,XBTUSD,3793.5,430243,3794,365938,3793.75,3794
10209269,2019-01-06T09:00:16.651Z,19010609,XBTUSD,3793.5,429740,3794,381850,3793.75,3794
10209271,2019-01-06T09:00:16.770Z,19010609,XBTUSD,3793.5,429940,3794,391850,3793.75,3794
10209276,2019-01-06T09:00:17.293Z,19010609,XBTUSD,3793.5,429940,3794,382850,3793.75,3794
10209292,2019-01-06T09:00:19.012Z,19010609,XBTUSD,3793.5,429333,3794,386655,3793.75,3794
10209301,2019-01-06T09:00:19.354Z,19010609,XBTUSD,3793.5,379335,3794,396685,3793.75,3794
10209321,2019-01-06T09:00:20.726Z,19010609,XBTUSD,3793.5,359339,3794,417534,3793.75,3794
10209353,2019-01-06T09:00:21.505Z,19010609,XBTUSD,3793.5,365091,3794,406614,3793.75,3794
10209385,2019-01-06T09:00:22.306Z,19010609,XBTUSD,3793.5,515118,3794,386514,3793.75,3794
10209394,2019-01-06T09:00:22.978Z,19010609,XBTUSD,3793.5,445115,3794,416830,3793.75,3794
10209427,2019-01-06T09:00:24.243Z,19010609,XBTUSD,3793.5,447124,3794,406532,3793.75,3794
10209436,2019-01-06T09:00:24.661Z,19010609,XBTUSD,3793.5,515126,3794,344732,3793.75,3794
10209464,2019-01-06T09:00:25.609Z,19010609,XBTUSD,3793.5,515087,3794,345243,3793.75,3794
10209471,2019-01-06T09:00:26.302Z,19010609,XBTUSD,3793.5,527689,3794,343043,3793.75,3794
10209488,2019-01-06T09:00:27.299Z,19010609,XBTUSD,3793.5,446382,3794,346642,3793.75,3794
10209503,2019-01-06T09:00:28.009Z,19010609,XBTUSD,3793.5,443400,3794,381566,3793.75,3794
10209517,2019-01-06T09:00:28.559Z,19010609,XBTUSD,3793.5,443400,3794,381256,3793.75,3794
10209043,2019-01-06T09:00:03.758Z,19010609,XBTUSD,3793.5,401864,3794,375724,3793.75,3794
10209054,2019-01-06T09:00:04.164Z,19010609,XBTUSD,3793.5,409464,3794,401462,3793.75,3794
10209074,2019-01-06T09:00:04.215Z,19010609,XBTUSD,3793.5,431974,3794,405266,3793.75,3794
10209084,2019-01-06T09:00:04.695Z,19010609,XBTUSD,3793.5,432010,3794,389671,3793.75,3794
10209094,2019-01-06T09:00:05.310Z,19010609,XBTUSD,3793.5,431014,3794,319671,3793.75,3794
10209100,2019-01-06T09:00:05.615Z,19010609,XBTUSD,3793.5,429118,3794,329636,3793.75,3794
10209126,2019-01-06T09:00:06.534Z,19010609,XBTUSD,3793.5,429226,3794,299397,3793.75,3794
10209153,2019-01-06T09:00:09.023Z,19010609,XBTUSD,3793.5,431468,3794,293896,3793.75,3794
10209175,2019-01-06T09:00:10.613Z,19010609,XBTUSD,3793.5,430206,3794,324094,3793.75,3794
10209193,2019-01-06T09:00:11.521Z,19010609,XBTUSD,3793.5,430209,3794,314094,3793.75,3794
10209221,2019-01-06T09:00:14.108Z,19010609,XBTUSD,3793.5,429893,3794,365938,3793.75,3794
10209247,2019-01-06T09:00:15.379Z,19010609,XBTUSD,3793.5,430245,3794,376056,3793.75,3794
10209270,2019-01-06T09:00:16.704Z,19010609,XBTUSD,3793.5,429940,3794,381850,3793.75,3794
10209281,2019-01-06T09:00:17.908Z,19010609,XBTUSD,3793.5,429483,3794,382850,3793.75,3794
10209297,2019-01-06T09:00:19.169Z,19010609,XBTUSD,3793.5,429334,3794,386655,3793.75,3794
10209315,2019-01-06T09:00:20.372Z,19010609,XBTUSD,3793.5,379337,3794,411273,3793.75,3794
10209355,2019-01-06T09:00:21.757Z,19010609,XBTUSD,3793.5,415091,3794,396614,3793.75,3794
10209386,2019-01-06T09:00:22.333Z,19010609,XBTUSD,3793.5,515118,3794,386525,3793.75,3794
10209395,2019-01-06T09:00:23.009Z,19010609,XBTUSD,3793.5,445116,3794,416830,3793.75,3794
10209422,2019-01-06T09:00:23.751Z,19010609,XBTUSD,3793.5,445117,3794,416532,3793.75,3794
10209430,2019-01-06T09:00:24.578Z,19010609,XBTUSD,3793.5,447124,3794,364732,3793.75,3794
10209437,2019-01-06T09:00:24.882Z,19010609,XBTUSD,3793.5,515126,3794,344743,3793.75,3794
10209465,2019-01-06T09:00:25.612Z,19010609,XBTUSD,3793.5,515088,3794,345243,3793.75,3794
10209479,2019-01-06T09:00:26.798Z,19010609,XBTUSD,3793.5,457980,3794,336654,3793.75,3794
10209494,2019-01-06T09:00:27.803Z,19010609,XBTUSD,3793.5,446398,3794,345867,3793.75,3794
10209521,2019-01-06T09:00:28.719Z,19010609,XBTUSD,3793.5,445381,3794,381267,3793.75,3794
10209557,2019-01-06T09:00:30.621Z,19010609,XBTUSD,3793.5,445343,3794,376228,3793.75,3794
10209576,2019-01-06T09:00:31.850Z,19010609,XBTUSD,3793.5,452247,3794,353127,3793.75,3794
10209612,2019-01-06T09:00:32.621Z,19010609,XBTUSD,3793.5,452235,3794,353137,3793.75,3794
10209630,2019-01-06T09:00:34.078Z,19010609,XBTUSD,3793.5,457235,3794,354137,3793.75,3794
10209050,2019-01-06T09:00:03.988Z,19010609,XBTUSD,3793.5,401964,3794,405214,3793.75,3794
10209081,2019-01-06T09:00:04.327Z,19010609,XBTUSD,3793.5,431956,3794,389565,3793.75,3794
10209090,2019-01-06T09:00:05.241Z,19010609,XBTUSD,3793.5,431012,3794,379671,3793.75,3794
10209101,2019-01-06T09:00:05.662Z,19010609,XBTUSD,3793.5,429118,3794,329536,3793.75,3794
10209130,2019-01-06T09:00:06.645Z,19010609,XBTUSD,3793.5,431433,3794,299373,3793.75,3794
10209142,2019-01-06T09:00:07.877Z,19010609,XBTUSD,3793.5,431454,3794,297573,3793.75,3794
10209151,2019-01-06T09:00:08.472Z,19010609,XBTUSD,3793.5,431468,3794,298896,3793.75,3794
10209162,2019-01-06T09:00:09.460Z,19010609,XBTUSD,3793.5,430204,3794,308976,3793.75,3794
10209169,2019-01-06T09:00:10.395Z,19010609,XBTUSD,3793.5,430204,3794,323679,3793.75,3794
10209197,2019-01-06T09:00:11.906Z,19010609,XBTUSD,3793.5,430210,3794,304213,3793.75,3794
10209202,2019-01-06T09:00:12.405Z,19010609,XBTUSD,3793.5,430411,3794,314438,3793.75,3794
10209213,2019-01-06T09:00:13.508Z,19010609,XBTUSD,3793.5,430414,3794,365938,3793.75,3794
10209239,2019-01-06T09:00:15.110Z,19010609,XBTUSD,3793.5,430213,3794,365938,3793.75,3794
10209249,2019-01-06T09:00:15.751Z,19010609,XBTUSD,3793.5,430245,3794,381850,3793.75,3794
10209268,2019-01-06T09:00:16.621Z,19010609,XBTUSD,3793.5,429740,3794,381849,3793.75,3794
10209303,2019-01-06T09:00:19.907Z,19010609,XBTUSD,3793.5,379336,3794,406685,3793.75,3794
10209319,2019-01-06T09:00:20.543Z,19010609,XBTUSD,3793.5,359337,3794,417534,3793.75,3794
10209361,2019-01-06T09:00:22.009Z,19010609,XBTUSD,3793.5,415117,3794,406614,3793.75,3794
10209383,2019-01-06T09:00:22.226Z,19010609,XBTUSD,3793.5,515117,3794,376614,3793.75,3794
10209435,2019-01-06T09:00:24.639Z,19010609,XBTUSD,3793.5,517126,3794,344732,3793.75,3794
10209461,2019-01-06T09:00:25.493Z,19010609,XBTUSD,3793.5,517126,3794,345243,3793.75,3794
10209476,2019-01-06T09:00:26.666Z,19010609,XBTUSD,3793.5,527980,3794,343043,3793.75,3794
10209480,2019-01-06T09:00:26.804Z,19010609,XBTUSD,3793.5,457981,3794,336654,3793.75,3794
10209491,2019-01-06T09:00:27.707Z,19010609,XBTUSD,3793.5,446384,3794,336642,3793.75,3794
10209518,2019-01-06T09:00:28.575Z,19010609,XBTUSD,3793.5,445400,3794,381256,3793.75,3794
10209538,2019-01-06T09:00:29.284Z,19010609,XBTUSD,3793.5,445367,3794,381267,3793.75,3794
10209570,2019-01-06T09:00:31.206Z,19010609,XBTUSD,3793.5,453344,3794,356921,3793.75,3794
10209609,2019-01-06T09:00:32.277Z,19010609,XBTUSD,3793.5,456233,3794,353137,3793.75,3794
10209635,2019-01-06T09:00:34.538Z,19010609,XBTUSD,3793.5,457237,3794,351981,3793.75,3794
10209648,2019-01-06T09:00:35.307Z,19010609,XBTUSD,3793.5,457252,3794,339189,3793.75,3794
10209687,2019-01-06T09:00:38.346Z,19010609,XBTUSD,3793.5,459272,3794,331623,3793.75,3794
10209703,2019-01-06T09:00:40.004Z,19010609,XBTUSD,3793.5,539656,3794,345357,3793.75,3794
10209721,2019-01-06T09:00:41.323Z,19010609,XBTUSD,3793.5,569683,3794,353333,3793.75,3794
10209754,2019-01-06T09:00:43.703Z,19010609,XBTUSD,3793.5,459428,3794,347147,3793.75,3794
10209035,2019-01-06T09:00:03.341Z,19010609,XBTUSD,3793.5,401863,3794,375608,3793.75,3794
10209046,2019-01-06T09:00:03.914Z,19010609,XBTUSD,3793.5,401964,3794,400424,3793.75,3794
10209056,2019-01-06T09:00:04.186Z,19010609,XBTUSD,3793.5,429464,3794,405256,3793.75,3794
10209076,2019-01-06T09:00:04.228Z,19010609,XBTUSD,3793.5,431975,3794,405294,3793.75,3794
10209086,2019-01-06T09:00:04.779Z,19010609,XBTUSD,3793.5,431011,3794,389671,3793.75,3794
10209099,2019-01-06T09:00:05.599Z,19010609,XBTUSD,3793.5,429118,3794,329711,3793.75,3794
10209131,2019-01-06T09:00:06.654Z,19010609,XBTUSD,3793.5,431434,3794,299373,3793.75,3794
10209149,2019-01-06T09:00:08.335Z,19010609,XBTUSD,3793.5,431468,3794,297696,3793.75,3794
10209170,2019-01-06T09:00:10.402Z,19010609,XBTUSD,3793.5,430204,3794,304083,3793.75,3794
10209196,2019-01-06T09:00:11.676Z,19010609,XBTUSD,3793.5,430209,3794,304213,3793.75,3794
10209204,2019-01-06T09:00:12.710Z,19010609,XBTUSD,3793.5,430413,3794,314438,3793.75,3794
10209210,2019-01-06T09:00:13.433Z,19010609,XBTUSD,3793.5,430413,3794,305938,3793.75,3794
10209243,2019-01-06T09:00:15.212Z,19010609,XBTUSD,3793.5,430245,3794,365938,3793.75,3794
10209262,2019-01-06T09:00:16.147Z,19010609,XBTUSD,3793.5,430248,3794,381850,3793.75,3794
10209278,2019-01-06T09:00:17.406Z,19010609,XBTUSD,3793.5,429942,3794,382850,3793.75,3794
10209304,2019-01-06T09:00:19.909Z,19010609,XBTUSD,3793.5,379337,3794,406685,3793.75,3794
10209320,2019-01-06T09:00:20.688Z,19010609,XBTUSD,3793.5,359338,3794,417534,3793.75,3794
10209351,2019-01-06T09:00:21.234Z,19010609,XBTUSD,3793.5,359340,3794,406614,3793.75,3794
10209384,2019-01-06T09:00:22.227Z,19010609,XBTUSD,3793.5,515117,3794,386514,3793.75,3794
10209392,2019-01-06T09:00:22.470Z,19010609,XBTUSD,3793.5,445119,3794,416520,3793.75,3794
10209426,2019-01-06T09:00:24.105Z,19010609,XBTUSD,3793.5,445124,3794,406532,3793.75,3794
10209463,2019-01-06T09:00:25.583Z,19010609,XBTUSD,3793.5,515086,3794,345243,3793.75,3794
10209469,2019-01-06T09:00:26.257Z,19010609,XBTUSD,3793.5,514088,3794,345243,3793.75,3794
10209478,2019-01-06T09:00:26.718Z,19010609,XBTUSD,3793.5,527980,3794,336654,3793.75,3794
10209495,2019-01-06T09:00:27.830Z,19010609,XBTUSD,3793.5,446398,3794,352100,3793.75,3794
10209498,2019-01-06T09:00:27.855Z,19010609,XBTUSD,3793.5,446398,3794,351566,3793.75,3794
10209519,2019-01-06T09:00:28.604Z,19010609,XBTUSD,3793.5,445401,3794,381256,3793.75,3794
10209572,2019-01-06T09:00:31.715Z,19010609,XBTUSD,3793.5,453345,3794,353127,3793.75,3794
10209611,2019-01-06T09:00:32.408Z,19010609,XBTUSD,3793.5,456235,3794,353137,3793.75,3794
10209638,2019-01-06T09:00:34.711Z,19010609,XBTUSD,3793.5,457239,3794,345748,3793.75,3794
10209649,2019-01-06T09:00:35.594Z,19010609,XBTUSD,3793.5,457252,3794,339200,3793.75,3794
10209678,2019-01-06T09:00:37.711Z,19010609,XBTUSD,3793.5,456270,3794,339199,3793.75,3794
10209691,2019-01-06T09:00:38.912Z,19010609,XBTUSD,3793.5,459653,3794,341552,3793.75,3794
10209701,2019-01-06T09:00:39.858Z,19010609,XBTUSD,3793.5,541655,3794,345357,3793.75,3794
10209718,2019-01-06T09:00:41.291Z,19010609,XBTUSD,3793.5,539683,3794,353333,3793.75,3794
10209042,2019-01-06T09:00:03.697Z,19010609,XBTUSD,3793.5,401864,3794,375608,3793.75,3794
10209053,2019-01-06T09:00:04.162Z,19010609,XBTUSD,3793.5,401964,3794,401462,3793.75,3794
10209080,2019-01-06T09:00:04.303Z,19010609,XBTUSD,3793.5,431976,3794,389565,3793.75,3794
10209089,2019-01-06T09:00:05.237Z,19010609,XBTUSD,3793.5,431012,3794,389671,3793.75,3794
10209098,2019-01-06T09:00:05.587Z,19010609,XBTUSD,3793.5,429118,3794,319711,3793.75,3794
10209106,2019-01-06T09:00:05.809Z,19010609,XBTUSD,3793.5,429225,3794,299536,3793.75,3794
10209152,2019-01-06T09:00:08.814Z,19010609,XBTUSD,3793.5,431468,3794,308896,3793.75,3794
10209168,2019-01-06T09:00:10.386Z,19010609,XBTUSD,3793.5,430204,3794,317679,3793.75,3794
10209191,2019-01-06T09:00:11.207Z,19010609,XBTUSD,3793.5,430208,3794,324094,3793.75,3794
10209216,2019-01-06T09:00:14.062Z,19010609,XBTUSD,3793.5,429912,3794,365938,3793.75,3794
10209248,2019-01-06T09:00:15.733Z,19010609,XBTUSD,3793.5,430245,3794,379850,3793.75,3794
10209266,2019-01-06T09:00:16.509Z,19010609,XBTUSD,3793.5,429940,3794,381861,3793.75,3794
10209279,2019-01-06T09:00:17.469Z,19010609,XBTUSD,3793.5,429982,3794,382850,3793.75,3794
10209289,2019-01-06T09:00:18.282Z,19010609,XBTUSD,3793.5,429484,3794,386644,3793.75,3794
10209302,2019-01-06T09:00:19.877Z,19010609,XBTUSD,3793.5,379335,3794,406685,3793.75,3794
10209318,2019-01-06T09:00:20.395Z,19010609,XBTUSD,3793.5,359337,3794,411534,3793.75,3794
10209349,2019-01-06T09:00:21.114Z,19010609,XBTUSD,3793.5,359339,3794,406584,3793.75,3794
10209380,2019-01-06T09:00:22.115Z,19010609,XBTUSD,3793.5,515117,3794,406614,3793.75,3794
10209390,2019-01-06T09:00:22.448Z,19010609,XBTUSD,3793.5,445119,3794,396520,3793.75,3794
10209428,2019-01-06T09:00:24.266Z,19010609,XBTUSD,3793.5,447124,3794,356532,3793.75,3794
10209473,2019-01-06T09:00:26.500Z,19010609,XBTUSD,3793.5,529690,3794,343043,3793.75,3794
10209492,2019-01-06T09:00:27.766Z,19010609,XBTUSD,3793.5,446384,3794,346642,3793.75,3794
10209499,2019-01-06T09:00:27.873Z,19010609,XBTUSD,3793.5,446398,3794,353566,3793.75,3794
10209574,2019-01-06T09:00:31.805Z,19010609,XBTUSD,3793.5,452746,3794,353127,3793.75,3794
10209632,2019-01-06T09:00:34.104Z,19010609,XBTUSD,3793.5,457236,3794,354137,3793.75,3794
10209651,2019-01-06T09:00:35.708Z,19010609,XBTUSD,3793.5,461253,3794,339200,3793.75,3794
10209685,2019-01-06T09:00:38.334Z,19010609,XBTUSD,3793.5,459271,3794,331611,3793.75,3794
10209700,2019-01-06T09:00:39.840Z,19010609,XBTUSD,3793.5,531655,3794,345357,3793.75,3794
10209712,2019-01-06T09:00:40.405Z,19010609,XBTUSD,3793.5,539667,3794,352945,3793.75,3794
10209720,2019-01-06T09:00:41.321Z,19010609,XBTUSD,3793.5,559683,3794,353333,3793.75,3794
10209730,2019-01-06T09:00:42.076Z,19010609,XBTUSD,3793.5,479687,3794,345756,3793.75,3794
10209739,2019-01-06T09:00:42.607Z,19010609,XBTUSD,3793.5,459689,3794,345654,3793.75,3794
10209753,2019-01-06T09:00:43.615Z,19010609,XBTUSD,3793.5,459427,3794,347147,3793.75,3794
10209766,2019-01-06T09:00:44.185Z,19010609,XBTUSD,3793.5,459429,3794,346897,3793.75,3794
10209794,2019-01-06T09:00:47.485Z,19010609,XBTUSD,3793.5,457941,3794,346809,3793.75,3794
10209048,2019-01-06T09:00:03.918Z,19010609,XBTUSD,3793.5,401964,3794,403454,3793.75,3794
10209079,2019-01-06T09:00:04.299Z,19010609,XBTUSD,3793.5,431976,3794,389554,3793.75,3794
10209091,2019-01-06T09:00:05.243Z,19010609,XBTUSD,3793.5,431012,3794,369671,3793.75,3794
10209096,2019-01-06T09:00:05.461Z,19010609,XBTUSD,3793.5,431014,3794,309711,3793.75,3794
10209108,2019-01-06T09:00:06.008Z,19010609,XBTUSD,3793.5,429226,3794,299386,3793.75,3794
10209148,2019-01-06T09:00:08.204Z,19010609,XBTUSD,3793.5,431468,3794,297685,3793.75,3794
10209158,2019-01-06T09:00:09.098Z,19010609,XBTUSD,3793.5,431468,3794,308351,3793.75,3794
10209172,2019-01-06T09:00:10.438Z,19010609,XBTUSD,3793.5,430205,3794,304094,3793.75,3794
10209206,2019-01-06T09:00:12.950Z,19010609,XBTUSD,3793.5,430413,3794,304938,3793.75,3794
10209214,2019-01-06T09:00:13.511Z,19010609,XBTUSD,3793.5,430221,3794,365938,3793.75,3794
10209240,2019-01-06T09:00:15.171Z,19010609,XBTUSD,3793.5,430228,3794,365938,3793.75,3794
10209250,2019-01-06T09:00:15.804Z,19010609,XBTUSD,3793.5,430246,3794,381850,3793.75,3794
10209267,2019-01-06T09:00:16.579Z,19010609,XBTUSD,3793.5,429940,3794,381849,3793.75,3794
10209280,2019-01-06T09:00:17.793Z,19010609,XBTUSD,3793.5,429482,3794,382850,3793.75,3794
10209290,2019-01-06T09:00:18.348Z,19010609,XBTUSD,3793.5,429484,3794,386655,3793.75,3794
10209298,2019-01-06T09:00:19.173Z,19010609,XBTUSD,3793.5,429335,3794,386655,3793.75,3794
10209322,2019-01-06T09:00:20.767Z,19010609,XBTUSD,3793.5,359339,3794,417584,3793.75,3794
10209357,2019-01-06T09:00:21.804Z,19010609,XBTUSD,3793.5,415071,3794,386614,3793.75,3794
10209388,2019-01-06T09:00:22.411Z,19010609,XBTUSD,3793.5,515119,3794,386520,3793.75,3794
10209434,2019-01-06T09:00:24.632Z,19010609,XBTUSD,3793.5,517126,3794,354732,3793.75,3794
10209460,2019-01-06T09:00:25.409Z,19010609,XBTUSD,3793.5,515126,3794,345243,3793.75,3794
10209477,2019-01-06T09:00:26.715Z,19010609,XBTUSD,3793.5,527980,3794,336810,3793.75,3794
10209483,2019-01-06T09:00:27.087Z,19010609,XBTUSD,3793.5,446382,3794,336654,3793.75,3794
10209487,2019-01-06T09:00:27.113Z,19010609,XBTUSD,3793.5,446382,3794,346654,3793.75,3794
10209497,2019-01-06T09:00:27.847Z,19010609,XBTUSD,3793.5,446398,3794,351256,3793.75,3794
10209540,2019-01-06T09:00:29.305Z,19010609,XBTUSD,3793.5,445369,3794,381267,3793.75,3794
10209558,2019-01-06T09:00:30.813Z,19010609,XBTUSD,3793.5,443343,3794,376228,3793.75,3794
10209575,2019-01-06T09:00:31.813Z,19010609,XBTUSD,3793.5,452747,3794,353127,3793.75,3794
10209578,2019-01-06T09:00:32.080Z,19010609,XBTUSD,3793.5,456247,3794,353125,3793.75,3794
10209610,2019-01-06T09:00:32.306Z,19010609,XBTUSD,3793.5,456234,3794,353137,3793.75,3794
10209633,2019-01-06T09:00:34.106Z,19010609,XBTUSD,3793.5,457237,3794,354137,3793.75,3794
10209647,2019-01-06T09:00:35.183Z,19010609,XBTUSD,3793.5,457251,3794,339189,3793.75,3794
10209674,2019-01-06T09:00:37.414Z,19010609,XBTUSD,3793.5,461268,3794,339188,3793.75,3794
10209692,2019-01-06T09:00:39.028Z,19010609,XBTUSD,3793.5,459653,3794,345346,3793.75,3794
10209704,2019-01-06T09:00:40.009Z,19010609,XBTUSD,3793.5,539656,3794,352945,3793.75,3794
10209719,2019-01-06T09:00:41.318Z,19010609,XBTUSD,3793.5,549683,3794,353333,3793.75,3794
10209736,2019-01-06T09:00:42.093Z,19010609,XBTUSD,3793.5,459687,3794,345756,3793.75,3794
10209749,2019-01-06T09:00:43.105Z,19010609,XBTUSD,3793.5,459690,3794,347136,3793.75,3794
10209082,2019-01-06T09:00:04.556Z,19010609,XBTUSD,3793.5,431960,3794,389565,3793.75,3794
10209085,2019-01-06T09:00:04.734Z,19010609,XBTUSD,3793.5,431010,3794,389671,3793.75,3794
10209095,2019-01-06T09:00:05.330Z,19010609,XBTUSD,3793.5,431014,3794,319711,3793.75,3794
10209105,2019-01-06T09:00:05.793Z,19010609,XBTUSD,3793.5,429224,3794,299536,3793.75,3794
10209129,2019-01-06T09:00:06.637Z,19010609,XBTUSD,3793.5,431432,3794,299373,3793.75,3794
10209147,2019-01-06T09:00:08.116Z,19010609,XBTUSD,3793.5,431468,3794,297573,3793.75,3794
10209160,2019-01-06T09:00:09.316Z,19010609,XBTUSD,3793.5,430184,3794,308351,3793.75,3794
10209171,2019-01-06T09:00:10.420Z,19010609,XBTUSD,3793.5,430205,3794,304083,3793.75,3794
10209198,2019-01-06T09:00:12.009Z,19010609,XBTUSD,3793.5,430210,3794,304427,3793.75,3794
10209203,2019-01-06T09:00:12.635Z,19010609,XBTUSD,3793.5,430412,3794,314438,3793.75,3794
10209211,2019-01-06T09:00:13.465Z,19010609,XBTUSD,3793.5,430413,3794,355938,3793.75,3794
10209222,2019-01-06T09:00:14.240Z,19010609,XBTUSD,3793.5,429903,3794,365938,3793.75,3794
10209242,2019-01-06T09:00:15.209Z,19010609,XBTUSD,3793.5,430244,3794,365938,3793.75,3794
10209251,2019-01-06T09:00:15.806Z,19010609,XBTUSD,3793.5,430247,3794,381850,3793.75,3794
10209263,2019-01-06T09:00:16.410Z,19010609,XBTUSD,3793.5,430248,3794,381861,3793.75,3794
10209291,2019-01-06T09:00:18.406Z,19010609,XBTUSD,3793.5,429485,3794,386655,3793.75,3794
10209300,2019-01-06T09:00:19.242Z,19010609,XBTUSD,3793.5,379335,3794,396655,3793.75,3794
10209317,2019-01-06T09:00:20.385Z,19010609,XBTUSD,3793.5,379337,3794,411534,3793.75,3794
10209356,2019-01-06T09:00:21.791Z,19010609,XBTUSD,3793.5,415091,3794,386614,3793.75,3794
10209382,2019-01-06T09:00:22.191Z,19010609,XBTUSD,3793.5,515117,3794,386614,3793.75,3794
10209421,2019-01-06T09:00:23.721Z,19010609,XBTUSD,3793.5,445117,3794,416842,3793.75,3794
10209429,2019-01-06T09:00:24.535Z,19010609,XBTUSD,3793.5,447124,3794,354732,3793.75,3794
10209472,2019-01-06T09:00:26.311Z,19010609,XBTUSD,3793.5,527690,3794,343043,3793.75,3794
10209481,2019-01-06T09:00:26.806Z,19010609,XBTUSD,3793.5,457982,3794,336654,3793.75,3794
10209493,2019-01-06T09:00:27.800Z,19010609,XBTUSD,3793.5,446398,3794,346642,3793.75,3794
10209500,2019-01-06T09:00:27.882Z,19010609,XBTUSD,3793.5,443398,3794,371566,3793.75,3794
10209541,2019-01-06T09:00:29.638Z,19010609,XBTUSD,3793.5,445329,3794,381267,3793.75,3794
10209569,2019-01-06T09:00:31.090Z,19010609,XBTUSD,3793.5,453343,3794,356921,3793.75,3794
10209613,2019-01-06T09:00:32.720Z,19010609,XBTUSD,3793.5,452235,3794,354137,3793.75,3794
10209639,2019-01-06T09:00:34.732Z,19010609,XBTUSD,3793.5,457239,3794,339289,3793.75,3794
10209683,2019-01-06T09:00:38.219Z,19010609,XBTUSD,3793.5,456270,3794,331611,3793.75,3794
10209698,2019-01-06T09:00:39.511Z,19010609,XBTUSD,3793.5,461655,3794,345346,3793.75,3794
10209726,2019-01-06T09:00:42.004Z,19010609,XBTUSD,3793.5,569686,3794,345756,3793.75,3794
10209737,2019-01-06T09:00:42.492Z,19010609,XBTUSD,3793.5,459687,3794,345654,3793.75,3794
10209748,2019-01-06T09:00:43.093Z,19010609,XBTUSD,3793.5,459689,3794,347136,3793.75,3794
10209796,2019-01-06T09:00:47.511Z,19010609,XBTUSD,3793.5,457941,3794,346758,3793.75,3794
10209802,2019-01-06T09:00:47.991Z,19010609,XBTUSD,3793.5,460922,3794,335146,3793.75,3794
10209805,2019-01-06T09:00:48.321Z,19010609,XBTUSD,3793.5,460923,3794,335146,3793.75,3794
10209815,2019-01-06T09:00:48.611Z,19010609,XBTUSD,3793.5,480926,3794,312831,3793.75,3794
10209854,2019-01-06T09:00:50.297Z,19010609,XBTUSD,3793.5,504103,3794,299761,3793.75,3794
10209132,2019-01-06T09:00:06.747Z,19010609,XBTUSD,3793.5,431454,3794,299373,3793.75,3794
10209163,2019-01-06T09:00:09.569Z,19010609,XBTUSD,3793.5,430204,3794,311473,3793.75,3794
10209173,2019-01-06T09:00:10.452Z,19010609,XBTUSD,3793.5,430205,3794,314094,3793.75,3794
10209192,2019-01-06T09:00:11.406Z,19010609,XBTUSD,3793.5,430209,3794,324094,3793.75,3794
10209201,2019-01-06T09:00:12.334Z,19010609,XBTUSD,3793.5,430411,3794,304438,3793.75,3794
10209215,2019-01-06T09:00:13.520Z,19010609,XBTUSD,3793.5,430222,3794,365938,3793.75,3794
10209246,2019-01-06T09:00:15.353Z,19010609,XBTUSD,3793.5,430245,3794,375964,3793.75,3794
10209264,2019-01-06T09:00:16.430Z,19010609,XBTUSD,3793.5,429938,3794,381861,3793.75,3794
10209282,2019-01-06T09:00:18.019Z,19010609,XBTUSD,3793.5,429484,3794,382850,3793.75,3794
10209316,2019-01-06T09:00:20.373Z,19010609,XBTUSD,3793.5,379337,3794,411523,3793.75,3794
10209352,2019-01-06T09:00:21.304Z,19010609,XBTUSD,3793.5,359341,3794,406614,3793.75,3794
10209360,2019-01-06T09:00:21.838Z,19010609,XBTUSD,3793.5,415072,3794,406614,3793.75,3794
10209389,2019-01-06T09:00:22.425Z,19010609,XBTUSD,3793.5,445119,3794,386520,3793.75,3794
10209393,2019-01-06T09:00:22.485Z,19010609,XBTUSD,3793.5,445115,3794,416520,3793.75,3794
10209425,2019-01-06T09:00:23.988Z,19010609,XBTUSD,3793.5,445124,3794,416532,3793.75,3794
10209431,2019-01-06T09:00:24.605Z,19010609,XBTUSD,3793.5,447125,3794,364732,3793.75,3794
10209474,2019-01-06T09:00:26.597Z,19010609,XBTUSD,3793.5,529730,3794,343043,3793.75,3794
10209482,2019-01-06T09:00:27.058Z,19010609,XBTUSD,3793.5,456982,3794,336654,3793.75,3794
10209490,2019-01-06T09:00:27.411Z,19010609,XBTUSD,3793.5,446384,3794,346642,3793.75,3794
10209555,2019-01-06T09:00:30.565Z,19010609,XBTUSD,3793.5,445343,3794,382617,3793.75,3794
10209559,2019-01-06T09:00:30.943Z,19010609,XBTUSD,3793.5,443343,3794,376384,3793.75,3794
10209567,2019-01-06T09:00:31.085Z,19010609,XBTUSD,3793.5,453343,3794,363921,3793.75,3794
10209577,2019-01-06T09:00:31.947Z,19010609,XBTUSD,3793.5,452247,3794,353125,3793.75,3794
10209641,2019-01-06T09:00:35.023Z,19010609,XBTUSD,3793.5,457250,3794,339189,3793.75,3794
10209650,2019-01-06T09:00:35.690Z,19010609,XBTUSD,3793.5,461252,3794,339200,3793.75,3794
10209676,2019-01-06T09:00:37.513Z,19010609,XBTUSD,3793.5,461270,3794,339188,3793.75,3794
10209688,2019-01-06T09:00:38.884Z,19010609,XBTUSD,3793.5,459672,3794,331623,3793.75,3794
10209722,2019-01-06T09:00:41.403Z,19010609,XBTUSD,3793.5,569684,3794,353333,3793.75,3794
10209731,2019-01-06T09:00:42.078Z,19010609,XBTUSD,3793.5,469687,3794,345756,3793.75,3794
10209755,2019-01-06T09:00:43.707Z,19010609,XBTUSD,3793.5,459429,3794,347147,3793.75,3794
10209770,2019-01-06T09:00:44.495Z,19010609,XBTUSD,3793.5,457941,3794,346897,3793.75,3794
10209812,2019-01-06T09:00:48.584Z,19010609,XBTUSD,3793.5,480924,3794,313456,3793.75,3794
10209841,2019-01-06T09:00:49.996Z,19010609,XBTUSD,3793.5,504101,3794,299761,3793.75,3794
10209884,2019-01-06T09:00:51.994Z,19010609,XBTUSD,3793.5,510295,3794,299772,3793.75,3794
10209886,2019-01-06T09:00:52.104Z,19010609,XBTUSD,3793.5,510296,3794,299772,3793.75,3794
10209265,2019-01-06T09:00:16.507Z,19010609,XBTUSD,3793.5,429939,3794,381861,3793.75,3794
10209314,2019-01-06T09:00:20.339Z,19010609,XBTUSD,3793.5,379337,3794,403685,3793.75,3794
10209350,2019-01-06T09:00:21.202Z,19010609,XBTUSD,3793.5,359340,3794,406584,3793.75,3794
10209359,2019-01-06T09:00:21.825Z,19010609,XBTUSD,3793.5,415072,3794,396614,3793.75,3794
10209387,2019-01-06T09:00:22.403Z,19010609,XBTUSD,3793.5,515119,3794,386525,3793.75,3794
10209391,2019-01-06T09:00:22.454Z,19010609,XBTUSD,3793.5,445119,3794,406520,3793.75,3794
10209424,2019-01-06T09:00:23.808Z,19010609,XBTUSD,3793.5,445119,3794,416532,3793.75,3794
10209433,2019-01-06T09:00:24.616Z,19010609,XBTUSD,3793.5,517126,3794,364732,3793.75,3794
10209475,2019-01-06T09:00:26.662Z,19010609,XBTUSD,3793.5,527730,3794,343043,3793.75,3794
10209496,2019-01-06T09:00:27.832Z,19010609,XBTUSD,3793.5,446398,3794,352256,3793.75,3794
10209502,2019-01-06T09:00:28.007Z,19010609,XBTUSD,3793.5,443399,3794,381566,3793.75,3794
10209539,2019-01-06T09:00:29.303Z,19010609,XBTUSD,3793.5,445368,3794,381267,3793.75,3794
10209554,2019-01-06T09:00:30.559Z,19010609,XBTUSD,3793.5,445343,3794,381267,3793.75,3794
10209561,2019-01-06T09:00:30.995Z,19010609,XBTUSD,3793.5,443343,3794,373921,3793.75,3794
10209573,2019-01-06T09:00:31.751Z,19010609,XBTUSD,3793.5,452745,3794,353127,3793.75,3794
10209634,2019-01-06T09:00:34.151Z,19010609,XBTUSD,3793.5,457237,3794,352137,3793.75,3794
10209653,2019-01-06T09:00:35.827Z,19010609,XBTUSD,3793.5,461257,3794,339188,3793.75,3794
10209690,2019-01-06T09:00:38.909Z,19010609,XBTUSD,3793.5,459653,3794,331623,3793.75,3794
10209702,2019-01-06T09:00:39.956Z,19010609,XBTUSD,3793.5,539655,3794,345357,3793.75,3794
10209715,2019-01-06T09:00:40.834Z,19010609,XBTUSD,3793.5,539683,3794,352945,3793.75,3794
10209723,2019-01-06T09:00:41.407Z,19010609,XBTUSD,3793.5,569685,3794,353333,3793.75,3794
10209729,2019-01-06T09:00:42.072Z,19010609,XBTUSD,3793.5,489687,3794,345756,3793.75,3794
10209752,2019-01-06T09:00:43.536Z,19010609,XBTUSD,3793.5,459427,3794,347136,3793.75,3794
10209768,2019-01-06T09:00:44.307Z,19010609,XBTUSD,3793.5,459431,3794,346897,3793.75,3794
10209793,2019-01-06T09:00:47.438Z,19010609,XBTUSD,3793.5,457941,3794,346908,3793.75,3794
10209813,2019-01-06T09:00:48.588Z,19010609,XBTUSD,3793.5,480924,3794,312831,3793.75,3794
10209817,2019-01-06T09:00:48.654Z,19010609,XBTUSD,3793.5,500926,3794,312831,3793.75,3794
10209839,2019-01-06T09:00:49.436Z,19010609,XBTUSD,3793.5,504101,3794,307338,3793.75,3794
10209883,2019-01-06T09:00:51.773Z,19010609,XBTUSD,3793.5,504105,3794,299772,3793.75,3794
10209887,2019-01-06T09:00:52.108Z,19010609,XBTUSD,3793.5,510297,3794,299772,3793.75,3794
10209901,2019-01-06T09:00:53.185Z,19010609,XBTUSD,3793.5,494915,3794,291972,3793.75,3794
10209917,2019-01-06T09:00:54.505Z,19010609,XBTUSD,3793.5,492993,3794,321983,3793.75,3794
10209925,2019-01-06T09:00:55.624Z,19010609,XBTUSD,3793.5,562684,3794,321994,3793.75,3794
10209929,2019-01-06T09:00:56.249Z,19010609,XBTUSD,3793.5,562699,3794,321994,3793.75,3794
10209952,2019-01-06T09:00:58.602Z,19010609,XBTUSD,3793.5,577686,3794,320017,3793.75,3794
10209968,2019-01-06T09:00:59.709Z,19010609,XBTUSD,3793.5,567005,3794,325028,3793.75,3794
10209984,2019-01-06T09:01:00.913Z,19010609,XBTUSD,3793.5,589792,3794,323534,3793.75,3794
10210010,2019-01-06T09:01:03.599Z,19010609,XBTUSD,3793.5,589806,3794,346635,3793.75,3794
10210015,2019-01-06T09:01:04.265Z,19010609,XBTUSD,3793.5,589808,3794,345635,3793.75,3794
10210047,2019-01-06T09:01:05.734Z,19010609,XBTUSD,3793.5,589812,3794,345746,3793.75,3794
10210083,2019-01-06T09:01:08.653Z,19010609,XBTUSD,3793.5,591303,3794,345717,3793.75,3794
10210103,2019-01-06T09:01:09.445Z,19010609,XBTUSD,3793.5,588306,3794,350026,3793.75,3794
10209520,2019-01-06T09:00:28.611Z,19010609,XBTUSD,3793.5,445381,3794,381256,3793.75,3794
10209556,2019-01-06T09:00:30.568Z,19010609,XBTUSD,3793.5,445343,3794,382461,3793.75,3794
10209562,2019-01-06T09:00:31.078Z,19010609,XBTUSD,3793.5,443343,3794,363921,3793.75,3794
10209571,2019-01-06T09:00:31.219Z,19010609,XBTUSD,3793.5,453345,3794,356921,3793.75,3794
10209640,2019-01-06T09:00:34.861Z,19010609,XBTUSD,3793.5,457239,3794,339189,3793.75,3794
10209677,2019-01-06T09:00:37.625Z,19010609,XBTUSD,3793.5,461270,3794,339199,3793.75,3794
10209686,2019-01-06T09:00:38.339Z,19010609,XBTUSD,3793.5,459272,3794,331611,3793.75,3794
10209699,2019-01-06T09:00:39.623Z,19010609,XBTUSD,3793.5,461655,3794,345357,3793.75,3794
10209714,2019-01-06T09:00:40.505Z,19010609,XBTUSD,3793.5,539669,3794,352945,3793.75,3794
10209724,2019-01-06T09:00:41.593Z,19010609,XBTUSD,3793.5,569685,3794,353344,3793.75,3794
10209751,2019-01-06T09:00:43.273Z,19010609,XBTUSD,3793.5,459677,3794,347136,3793.75,3794
10209771,2019-01-06T09:00:44.586Z,19010609,XBTUSD,3793.5,458047,3794,346897,3793.75,3794
10209797,2019-01-06T09:00:47.534Z,19010609,XBTUSD,3793.5,457941,3794,343758,3793.75,3794
10209814,2019-01-06T09:00:48.609Z,19010609,XBTUSD,3793.5,480925,3794,312831,3793.75,3794
10209820,2019-01-06T09:00:49.013Z,19010609,XBTUSD,3793.5,500926,3794,307038,3793.75,3794
10209892,2019-01-06T09:00:52.916Z,19010609,XBTUSD,3793.5,492597,3794,297972,3793.75,3794
10209904,2019-01-06T09:00:53.752Z,19010609,XBTUSD,3793.5,492950,3794,291983,3793.75,3794
10209920,2019-01-06T09:00:54.848Z,19010609,XBTUSD,3793.5,492994,3794,321983,3793.75,3794
10209924,2019-01-06T09:00:55.598Z,19010609,XBTUSD,3793.5,562684,3794,321983,3793.75,3794
10209943,2019-01-06T09:00:57.621Z,19010609,XBTUSD,3793.5,562700,3794,322005,3793.75,3794
10209954,2019-01-06T09:00:58.902Z,19010609,XBTUSD,3793.5,579686,3794,322017,3793.75,3794
10209966,2019-01-06T09:00:59.523Z,19010609,XBTUSD,3793.5,567004,3794,325017,3793.75,3794
10210007,2019-01-06T09:01:02.918Z,19010609,XBTUSD,3793.5,589806,3794,346624,3793.75,3794
10210011,2019-01-06T09:01:03.703Z,19010609,XBTUSD,3793.5,589807,3794,346635,3793.75,3794
10210072,2019-01-06T09:01:07.391Z,19010609,XBTUSD,3793.5,587814,3794,345706,3793.75,3794
10210085,2019-01-06T09:01:08.763Z,19010609,XBTUSD,3793.5,591304,3794,345817,3793.75,3794
10210106,2019-01-06T09:01:09.832Z,19010609,XBTUSD,3793.5,585134,3794,350037,3793.75,3794
10210133,2019-01-06T09:01:10.827Z,19010609,XBTUSD,3793.5,576941,3794,385698,3793.75,3794
10210152,2019-01-06T09:01:11.378Z,19010609,XBTUSD,3793.5,577042,3794,374017,3793.75,3794
10210161,2019-01-06T09:01:12.083Z,19010609,XBTUSD,3793.5,567030,3794,435892,3793.75,3794
10210166,2019-01-06T09:01:12.086Z,19010609,XBTUSD,3793.5,547030,3794,435892,3793.75,3794
10210176,2019-01-06T09:01:12.703Z,19010609,XBTUSD,3793.5,487033,3794,442087,3793.75,3794
10210203,2019-01-06T09:01:13.805Z,19010609,XBTUSD,3793.5,478338,3794,450019,3793.75,3794
10210253,2019-01-06T09:01:17.106Z,19010609,XBTUSD,3793.5,483202,3794,449757,3793.75,3794
10210287,2019-01-06T09:01:19.998Z,19010609,XBTUSD,3793.5,556193,3794,442781,3793.75,3794
10210288,2019-01-06T09:01:20.389Z,19010609,XBTUSD,3793.5,556193,3794,450369,3793.75,3794
10210321,2019-01-06T09:01:22.203Z,19010609,XBTUSD,3793.5,568241,3794,395865,3793.75,3794
10210333,2019-01-06T09:01:22.299Z,19010609,XBTUSD,3793.5,618241,3794,353795,3793.75,3794
10209560,2019-01-06T09:00:30.952Z,19010609,XBTUSD,3793.5,443343,3794,382617,3793.75,3794
10209568,2019-01-06T09:00:31.088Z,19010609,XBTUSD,3793.5,453343,3794,366921,3793.75,3794
10209608,2019-01-06T09:00:32.140Z,19010609,XBTUSD,3793.5,456247,3794,353137,3793.75,3794
10209637,2019-01-06T09:00:34.610Z,19010609,XBTUSD,3793.5,457238,3794,345748,3793.75,3794
10209654,2019-01-06T09:00:35.903Z,19010609,XBTUSD,3793.5,461258,3794,339188,3793.75,3794
10209684,2019-01-06T09:00:38.268Z,19010609,XBTUSD,3793.5,459270,3794,331611,3793.75,3794
10209696,2019-01-06T09:00:39.360Z,19010609,XBTUSD,3793.5,461653,3794,345346,3793.75,3794
10209705,2019-01-06T09:00:40.038Z,19010609,XBTUSD,3793.5,539657,3794,352945,3793.75,3794
10209725,2019-01-06T09:00:41.985Z,19010609,XBTUSD,3793.5,569685,3794,345756,3793.75,3794
10209728,2019-01-06T09:00:42.057Z,19010609,XBTUSD,3793.5,499687,3794,345756,3793.75,3794
10209740,2019-01-06T09:00:43.067Z,19010609,XBTUSD,3793.5,459689,3794,348654,3793.75,3794
10209772,2019-01-06T09:00:44.680Z,19010609,XBTUSD,3793.5,457941,3794,346897,3793.75,3794
10209795,2019-01-06T09:00:47.494Z,19010609,XBTUSD,3793.5,457941,3794,346808,3793.75,3794
10209807,2019-01-06T09:00:48.340Z,19010609,XBTUSD,3793.5,460924,3794,334521,3793.75,3794
10209816,2019-01-06T09:00:48.651Z,19010609,XBTUSD,3793.5,490926,3794,312831,3793.75,3794
10209881,2019-01-06T09:00:51.514Z,19010609,XBTUSD,3793.5,510295,3794,299761,3793.75,3794
10209888,2019-01-06T09:00:52.156Z,19010609,XBTUSD,3793.5,510297,3794,297772,3793.75,3794
10209900,2019-01-06T09:00:53.164Z,19010609,XBTUSD,3793.5,492909,3794,291972,3793.75,3794
10209916,2019-01-06T09:00:54.482Z,19010609,XBTUSD,3793.5,492992,3794,321983,3793.75,3794
10209946,2019-01-06T09:00:58.081Z,19010609,XBTUSD,3793.5,562700,3794,322017,3793.75,3794
10209950,2019-01-06T09:00:58.184Z,19010609,XBTUSD,3793.5,577705,3794,320017,3793.75,3794
10209970,2019-01-06T09:00:59.804Z,19010609,XBTUSD,3793.5,565000,3794,325028,3793.75,3794
10209983,2019-01-06T09:01:00.661Z,19010609,XBTUSD,3793.5,589792,3794,321534,3793.75,3794
10210002,2019-01-06T09:01:02.348Z,19010609,XBTUSD,3793.5,589804,3794,323584,3793.75,3794
10210013,2019-01-06T09:01:03.824Z,19010609,XBTUSD,3793.5,589808,3794,348635,3793.75,3794
10210048,2019-01-06T09:01:05.744Z,19010609,XBTUSD,3793.5,604812,3794,345746,3793.75,3794
10210064,2019-01-06T09:01:06.804Z,19010609,XBTUSD,3793.5,589813,3794,345706,3793.75,3794
10210086,2019-01-06T09:01:08.821Z,19010609,XBTUSD,3793.5,591304,3794,350026,3793.75,3794
10210104,2019-01-06T09:01:09.462Z,19010609,XBTUSD,3793.5,588307,3794,350026,3793.75,3794
10210125,2019-01-06T09:01:10.302Z,19010609,XBTUSD,3793.5,578945,3794,351824,3793.75,3794
10210139,2019-01-06T09:01:10.908Z,19010609,XBTUSD,3793.5,576942,3794,365547,3793.75,3794
10210156,2019-01-06T09:01:11.523Z,19010609,XBTUSD,3793.5,577044,3794,384137,3793.75,3794
10210173,2019-01-06T09:01:12.574Z,19010609,XBTUSD,3793.5,547032,3794,442087,3793.75,3794
10210195,2019-01-06T09:01:13.156Z,19010609,XBTUSD,3793.5,479834,3794,447328,3793.75,3794
10210205,2019-01-06T09:01:13.897Z,19010609,XBTUSD,3793.5,478338,3794,443630,3793.75,3794
10210220,2019-01-06T09:01:14.449Z,19010609,XBTUSD,3793.5,478332,3794,450019,3793.75,3794
10210245,2019-01-06T09:01:16.294Z,19010609,XBTUSD,3793.5,483235,3794,449769,3793.75,3794
10210284,2019-01-06T09:01:19.628Z,19010609,XBTUSD,3793.5,556193,3794,438769,3793.75,3794
10210294,2019-01-06T09:01:20.694Z,19010609,XBTUSD,3793.5,556197,3794,456720,3793.75,3794
10209636,2019-01-06T09:00:34.549Z,19010609,XBTUSD,3793.5,457237,3794,345748,3793.75,3794
10209652,2019-01-06T09:00:35.743Z,19010609,XBTUSD,3793.5,461253,3794,339188,3793.75,3794
10209675,2019-01-06T09:00:37.511Z,19010609,XBTUSD,3793.5,461269,3794,339188,3793.75,3794
10209689,2019-01-06T09:00:38.903Z,19010609,XBTUSD,3793.5,459652,3794,331623,3793.75,3794
10209697,2019-01-06T09:00:39.403Z,19010609,XBTUSD,3793.5,461654,3794,345346,3793.75,3794
10209713,2019-01-06T09:00:40.503Z,19010609,XBTUSD,3793.5,539668,3794,352945,3793.75,3794
10209727,2019-01-06T09:00:42.006Z,19010609,XBTUSD,3793.5,569687,3794,345756,3793.75,3794
10209750,2019-01-06T09:00:43.207Z,19010609,XBTUSD,3793.5,459691,3794,347136,3793.75,3794
10209798,2019-01-06T09:00:47.558Z,19010609,XBTUSD,3793.5,460941,3794,343758,3793.75,3794
10209801,2019-01-06T09:00:47.621Z,19010609,XBTUSD,3793.5,460922,3794,327558,3793.75,3794
10209808,2019-01-06T09:00:48.344Z,19010609,XBTUSD,3793.5,460924,3794,332041,3793.75,3794
10209819,2019-01-06T09:00:48.765Z,19010609,XBTUSD,3793.5,500926,3794,307046,3793.75,3794
10209838,2019-01-06T09:00:49.407Z,19010609,XBTUSD,3793.5,504101,3794,307038,3793.75,3794
10209853,2019-01-06T09:00:50.295Z,19010609,XBTUSD,3793.5,504102,3794,299761,3793.75,3794
10209882,2019-01-06T09:00:51.597Z,19010609,XBTUSD,3793.5,510295,3794,299772,3793.75,3794
10209889,2019-01-06T09:00:52.251Z,19010609,XBTUSD,3793.5,510297,3794,299772,3793.75,3794
10209905,2019-01-06T09:00:53.757Z,19010609,XBTUSD,3793.5,492990,3794,291983,3793.75,3794
10209918,2019-01-06T09:00:54.509Z,19010609,XBTUSD,3793.5,492994,3794,321983,3793.75,3794
10209928,2019-01-06T09:00:55.850Z,19010609,XBTUSD,3793.5,562698,3794,321994,3793.75,3794
10209981,2019-01-06T09:01:00.478Z,19010609,XBTUSD,3793.5,589790,3794,321534,3793.75,3794
10210006,2019-01-06T09:01:02.822Z,19010609,XBTUSD,3793.5,589806,3794,346584,3793.75,3794
10210012,2019-01-06T09:01:03.705Z,19010609,XBTUSD,3793.5,589808,3794,346635,3793.75,3794
10210045,2019-01-06T09:01:05.704Z,19010609,XBTUSD,3793.5,589811,3794,345646,3793.75,3794
10210082,2019-01-06T09:01:08.517Z,19010609,XBTUSD,3793.5,589803,3794,345717,3793.75,3794
10210130,2019-01-06T09:01:10.775Z,19010609,XBTUSD,3793.5,576940,3794,379299,3793.75,3794
10210135,2019-01-06T09:01:10.839Z,19010609,XBTUSD,3793.5,576942,3794,386008,3793.75,3794
10210160,2019-01-06T09:01:12.063Z,19010609,XBTUSD,3793.5,577030,3794,435892,3793.75,3794
10210167,2019-01-06T09:01:12.106Z,19010609,XBTUSD,3793.5,547031,3794,435892,3793.75,3794
10210177,2019-01-06T09:01:12.706Z,19010609,XBTUSD,3793.5,487034,3794,442087,3793.75,3794
10210199,2019-01-06T09:01:13.475Z,19010609,XBTUSD,3793.5,478336,3794,447329,3793.75,3794
10210236,2019-01-06T09:01:15.407Z,19010609,XBTUSD,3793.5,483334,3794,450329,3793.75,3794
10210244,2019-01-06T09:01:16.265Z,19010609,XBTUSD,3793.5,483235,3794,450079,3793.75,3794
10210273,2019-01-06T09:01:18.566Z,19010609,XBTUSD,3793.5,486191,3794,445627,3793.75,3794
10210285,2019-01-06T09:01:19.700Z,19010609,XBTUSD,3793.5,556193,3794,436704,3793.75,3794
10210290,2019-01-06T09:01:20.397Z,19010609,XBTUSD,3793.5,556194,3794,450525,3793.75,3794
10210310,2019-01-06T09:01:21.948Z,19010609,XBTUSD,3793.5,566239,3794,400525,3793.75,3794
10210327,2019-01-06T09:01:22.271Z,19010609,XBTUSD,3793.5,588241,3794,385795,3793.75,3794
10210335,2019-01-06T09:01:22.422Z,19010609,XBTUSD,3793.5,628241,3794,323795,3793.75,3794
10210362,2019-01-06T09:01:23.705Z,19010609,XBTUSD,3793.5,640093,3794,315136,3793.75,3794
10210387,2019-01-06T09:01:24.866Z,19010609,XBTUSD,3793.5,640012,3794,295943,3793.75,3794
10210402,2019-01-06T09:01:25.377Z,19010609,XBTUSD,3793.5,640393,3794,295943,3793.75,3794
10210412,2019-01-06T09:01:26.102Z,19010609,XBTUSD,3793.5,656394,3794,290051,3793.75,3794
10209738,2019-01-06T09:00:42.604Z,19010609,XBTUSD,3793.5,459688,3794,345654,3793.75,3794
10209767,2019-01-06T09:00:44.304Z,19010609,XBTUSD,3793.5,459430,3794,346897,3793.75,3794
10209800,2019-01-06T09:00:47.617Z,19010609,XBTUSD,3793.5,460921,3794,327558,3793.75,3794
10209809,2019-01-06T09:00:48.361Z,19010609,XBTUSD,3793.5,460924,3794,315521,3793.75,3794
10209836,2019-01-06T09:00:49.363Z,19010609,XBTUSD,3793.5,504099,3794,307038,3793.75,3794
10209890,2019-01-06T09:00:52.299Z,19010609,XBTUSD,3793.5,485297,3794,299772,3793.75,3794
10209899,2019-01-06T09:00:53.094Z,19010609,XBTUSD,3793.5,492599,3794,291972,3793.75,3794
10209948,2019-01-06T09:00:58.126Z,19010609,XBTUSD,3793.5,562705,3794,322017,3793.75,3794
10209964,2019-01-06T09:00:59.236Z,19010609,XBTUSD,3793.5,566694,3794,320017,3793.75,3794
10209993,2019-01-06T09:01:01.888Z,19010609,XBTUSD,3793.5,589804,3794,321584,3793.75,3794
10210005,2019-01-06T09:01:02.786Z,19010609,XBTUSD,3793.5,589805,3794,346584,3793.75,3794
10210046,2019-01-06T09:01:05.711Z,19010609,XBTUSD,3793.5,589812,3794,345646,3793.75,3794
10210073,2019-01-06T09:01:07.512Z,19010609,XBTUSD,3793.5,587815,3794,345706,3793.75,3794
10210080,2019-01-06T09:01:08.206Z,19010609,XBTUSD,3793.5,587796,3794,345717,3793.75,3794
10210102,2019-01-06T09:01:09.217Z,19010609,XBTUSD,3793.5,588305,3794,350026,3793.75,3794
10210124,2019-01-06T09:01:10.268Z,19010609,XBTUSD,3793.5,578944,3794,351824,3793.75,3794
10210140,2019-01-06T09:01:10.959Z,19010609,XBTUSD,3793.5,576942,3794,369887,3793.75,3794
10210171,2019-01-06T09:01:12.274Z,19010609,XBTUSD,3793.5,547032,3794,435736,3793.75,3794
10210198,2019-01-06T09:01:13.303Z,19010609,XBTUSD,3793.5,479836,3794,447329,3793.75,3794
10210208,2019-01-06T09:01:13.950Z,19010609,XBTUSD,3793.5,478352,3794,450019,3793.75,3794
10210222,2019-01-06T09:01:14.601Z,19010609,XBTUSD,3793.5,478333,3794,450329,3793.75,3794
10210246,2019-01-06T09:01:16.431Z,19010609,XBTUSD,3793.5,483236,3794,449769,3793.75,3794
10210283,2019-01-06T09:01:19.605Z,19010609,XBTUSD,3793.5,556193,3794,445002,3793.75,3794
10210307,2019-01-06T09:01:21.250Z,19010609,XBTUSD,3793.5,556238,3794,450525,3793.75,3794
10210319,2019-01-06T09:01:22.150Z,19010609,XBTUSD,3793.5,566241,3794,397930,3793.75,3794
10210336,2019-01-06T09:01:22.504Z,19010609,XBTUSD,3793.5,628221,3794,323795,3793.75,3794
10210363,2019-01-06T09:01:23.707Z,19010609,XBTUSD,3793.5,640094,3794,315136,3793.75,3794
10210380,2019-01-06T09:01:24.100Z,19010609,XBTUSD,3793.5,640038,3794,301023,3793.75,3794
10210440,2019-01-06T09:01:27.337Z,19010609,XBTUSD,3793.5,676524,3794,292001,3793.75,3794
10210482,2019-01-06T09:01:29.095Z,19010609,XBTUSD,3793.5,568462,3794,292001,3793.75,3794
10209769,2019-01-06T09:00:44.442Z,19010609,XBTUSD,3793.5,457931,3794,346897,3793.75,3794
10209799,2019-01-06T09:00:47.594Z,19010609,XBTUSD,3793.5,460941,3794,327558,3793.75,3794
10209806,2019-01-06T09:00:48.323Z,19010609,XBTUSD,3793.5,460924,3794,335146,3793.75,3794
10209818,2019-01-06T09:00:48.763Z,19010609,XBTUSD,3793.5,500926,3794,310766,3793.75,3794
10209840,2019-01-06T09:00:49.597Z,19010609,XBTUSD,3793.5,504101,3794,307349,3793.75,3794
10209891,2019-01-06T09:00:52.328Z,19010609,XBTUSD,3793.5,492497,3794,297972,3793.75,3794
10209956,2019-01-06T09:00:58.984Z,19010609,XBTUSD,3793.5,564686,3794,320017,3793.75,3794
10209969,2019-01-06T09:00:59.712Z,19010609,XBTUSD,3793.5,564999,3794,325028,3793.75,3794
10209978,2019-01-06T09:01:00.365Z,19010609,XBTUSD,3793.5,564950,3794,321434,3793.75,3794
10209990,2019-01-06T09:01:01.430Z,19010609,XBTUSD,3793.5,589842,3794,321584,3793.75,3794
10210003,2019-01-06T09:01:02.406Z,19010609,XBTUSD,3793.5,589804,3794,348584,3793.75,3794
10210044,2019-01-06T09:01:05.601Z,19010609,XBTUSD,3793.5,589810,3794,345646,3793.75,3794
10210049,2019-01-06T09:01:05.960Z,19010609,XBTUSD,3793.5,604812,3794,345706,3793.75,3794
10210075,2019-01-06T09:01:07.612Z,19010609,XBTUSD,3793.5,587795,3794,345717,3793.75,3794
10210084,2019-01-06T09:01:08.705Z,19010609,XBTUSD,3793.5,591304,3794,345717,3793.75,3794
10210127,2019-01-06T09:01:10.455Z,19010609,XBTUSD,3793.5,578946,3794,372474,3793.75,3794
10210136,2019-01-06T09:01:10.847Z,19010609,XBTUSD,3793.5,576942,3794,379808,3793.75,3794
10210154,2019-01-06T09:01:11.507Z,19010609,XBTUSD,3793.5,577042,3794,384137,3793.75,3794
10210168,2019-01-06T09:01:12.109Z,19010609,XBTUSD,3793.5,547032,3794,435892,3793.75,3794
10210178,2019-01-06T09:01:13.020Z,19010609,XBTUSD,3793.5,487034,3794,437787,3793.75,3794
10210194,2019-01-06T09:01:13.131Z,19010609,XBTUSD,3793.5,479834,3794,451122,3793.75,3794
10210204,2019-01-06T09:01:13.895Z,19010609,XBTUSD,3793.5,478338,3794,449863,3793.75,3794
10210249,2019-01-06T09:01:16.986Z,19010609,XBTUSD,3793.5,483201,3794,449757,3793.75,3794
10210269,2019-01-06T09:01:18.281Z,19010609,XBTUSD,3793.5,486203,3794,449757,3793.75,3794
10210292,2019-01-06T09:01:20.430Z,19010609,XBTUSD,3793.5,556195,3794,456720,3793.75,3794
10210312,2019-01-06T09:01:22.006Z,19010609,XBTUSD,3793.5,566241,3794,400525,3793.75,3794
10210324,2019-01-06T09:01:22.265Z,19010609,XBTUSD,3793.5,568241,3794,395795,3793.75,3794
10210337,2019-01-06T09:01:22.507Z,19010609,XBTUSD,3793.5,628222,3794,323795,3793.75,3794
10210368,2019-01-06T09:01:24.023Z,19010609,XBTUSD,3793.5,640058,3794,301643,3793.75,3794
10210386,2019-01-06T09:01:24.561Z,19010609,XBTUSD,3793.5,640012,3794,293878,3793.75,3794
10210407,2019-01-06T09:01:26.070Z,19010609,XBTUSD,3793.5,641394,3794,290051,3793.75,3794
10210445,2019-01-06T09:01:27.927Z,19010609,XBTUSD,3793.5,568026,3794,292001,3793.75,3794
10210483,2019-01-06T09:01:29.179Z,19010609,XBTUSD,3793.5,553462,3794,292001,3793.75,3794
10210503,2019-01-06T09:01:31.008Z,19010609,XBTUSD,3793.5,551468,3794,294413,3793.75,3794
10210551,2019-01-06T09:01:32.930Z,19010609,XBTUSD,3793.5,553728,3794,293477,3793.75,3794
10209810,2019-01-06T09:00:48.447Z,19010609,XBTUSD,3793.5,460924,3794,313456,3793.75,3794
10209894,2019-01-06T09:00:53.006Z,19010609,XBTUSD,3793.5,492599,3794,297972,3793.75,3794
10209907,2019-01-06T09:00:53.891Z,19010609,XBTUSD,3793.5,492992,3794,291983,3793.75,3794
10209945,2019-01-06T09:00:57.978Z,19010609,XBTUSD,3793.5,562700,3794,320017,3793.75,3794
10209949,2019-01-06T09:00:58.153Z,19010609,XBTUSD,3793.5,562705,3794,320017,3793.75,3794
10209963,2019-01-06T09:00:59.205Z,19010609,XBTUSD,3793.5,566693,3794,320017,3793.75,3794
10209979,2019-01-06T09:01:00.419Z,19010609,XBTUSD,3793.5,564950,3794,321534,3793.75,3794
10209992,2019-01-06T09:01:01.885Z,19010609,XBTUSD,3793.5,589803,3794,321584,3793.75,3794
10210016,2019-01-06T09:01:04.303Z,19010609,XBTUSD,3793.5,589809,3794,345635,3793.75,3794
10210065,2019-01-06T09:01:06.810Z,19010609,XBTUSD,3793.5,589814,3794,345706,3793.75,3794
10210107,2019-01-06T09:01:09.877Z,19010609,XBTUSD,3793.5,578944,3794,350037,3793.75,3794
10210128,2019-01-06T09:01:10.485Z,19010609,XBTUSD,3793.5,578946,3794,378674,3793.75,3794
10210157,2019-01-06T09:01:11.551Z,19010609,XBTUSD,3793.5,577044,3794,383827,3793.75,3794
10210165,2019-01-06T09:01:12.085Z,19010609,XBTUSD,3793.5,557030,3794,435892,3793.75,3794
10210175,2019-01-06T09:01:12.646Z,19010609,XBTUSD,3793.5,487032,3794,442087,3793.75,3794
10210202,2019-01-06T09:01:13.802Z,19010609,XBTUSD,3793.5,478337,3794,450019,3793.75,3794
10210237,2019-01-06T09:01:15.409Z,19010609,XBTUSD,3793.5,483335,3794,450329,3793.75,3794
10210281,2019-01-06T09:01:19.569Z,19010609,XBTUSD,3793.5,556191,3794,445002,3793.75,3794
10210291,2019-01-06T09:01:20.402Z,19010609,XBTUSD,3793.5,556195,3794,450525,3793.75,3794
10210318,2019-01-06T09:01:22.143Z,19010609,XBTUSD,3793.5,566241,3794,404163,3793.75,3794
10210328,2019-01-06T09:01:22.273Z,19010609,XBTUSD,3793.5,588241,3794,375795,3793.75,3794
10210338,2019-01-06T09:01:22.571Z,19010609,XBTUSD,3793.5,636919,3794,323795,3793.75,3794
10210340,2019-01-06T09:01:22.921Z,19010609,XBTUSD,3793.5,640092,3794,315905,3793.75,3794
10210367,2019-01-06T09:01:23.953Z,19010609,XBTUSD,3793.5,640058,3794,307838,3793.75,3794
10210385,2019-01-06T09:01:24.409Z,19010609,XBTUSD,3793.5,640012,3794,294498,3793.75,3794
10210406,2019-01-06T09:01:25.412Z,19010609,XBTUSD,3793.5,641393,3794,290051,3793.75,3794
10210415,2019-01-06T09:01:26.642Z,19010609,XBTUSD,3793.5,666395,3794,292001,3793.75,3794
10210488,2019-01-06T09:01:29.903Z,19010609,XBTUSD,3793.5,551465,3794,302001,3793.75,3794
10210529,2019-01-06T09:01:31.574Z,19010609,XBTUSD,3793.5,551468,3794,297605,3793.75,3794
10210549,2019-01-06T09:01:32.507Z,19010609,XBTUSD,3793.5,551722,3794,297605,3793.75,3794
10209811,2019-01-06T09:00:48.581Z,19010609,XBTUSD,3793.5,470924,3794,313456,3793.75,3794
10209837,2019-01-06T09:00:49.405Z,19010609,XBTUSD,3793.5,504100,3794,307038,3793.75,3794
10209880,2019-01-06T09:00:51.508Z,19010609,XBTUSD,3793.5,510294,3794,299761,3793.75,3794
10209902,2019-01-06T09:00:53.327Z,19010609,XBTUSD,3793.5,494956,3794,291972,3793.75,3794
10209944,2019-01-06T09:00:57.918Z,19010609,XBTUSD,3793.5,562700,3794,320005,3793.75,3794
10209953,2019-01-06T09:00:58.683Z,19010609,XBTUSD,3793.5,579686,3794,320017,3793.75,3794
10209965,2019-01-06T09:00:59.499Z,19010609,XBTUSD,3793.5,566694,3794,325017,3793.75,3794
10209980,2019-01-06T09:01:00.473Z,19010609,XBTUSD,3793.5,568771,3794,321534,3793.75,3794
10209991,2019-01-06T09:01:01.880Z,19010609,XBTUSD,3793.5,589802,3794,321584,3793.75,3794
10210076,2019-01-06T09:01:07.884Z,19010609,XBTUSD,3793.5,589801,3794,345717,3793.75,3794
10210081,2019-01-06T09:01:08.209Z,19010609,XBTUSD,3793.5,587797,3794,345717,3793.75,3794
10210129,2019-01-06T09:01:10.768Z,19010609,XBTUSD,3793.5,576940,3794,378674,3793.75,3794
10210134,2019-01-06T09:01:10.829Z,19010609,XBTUSD,3793.5,576942,3794,385698,3793.75,3794
10210153,2019-01-06T09:01:11.503Z,19010609,XBTUSD,3793.5,577042,3794,382277,3793.75,3794
10210155,2019-01-06T09:01:11.520Z,19010609,XBTUSD,3793.5,577043,3794,384137,3793.75,3794
10210174,2019-01-06T09:01:12.591Z,19010609,XBTUSD,3793.5,537032,3794,442087,3793.75,3794
10210196,2019-01-06T09:01:13.213Z,19010609,XBTUSD,3793.5,479835,3794,447328,3793.75,3794
10210248,2019-01-06T09:01:16.522Z,19010609,XBTUSD,3793.5,483237,3794,449757,3793.75,3794
10210270,2019-01-06T09:01:18.305Z,19010609,XBTUSD,3793.5,486204,3794,449757,3793.75,3794
10210280,2019-01-06T09:01:19.555Z,19010609,XBTUSD,3793.5,506191,3794,445002,3793.75,3794
10210286,2019-01-06T09:01:19.988Z,19010609,XBTUSD,3793.5,556193,3794,436548,3793.75,3794
10210289,2019-01-06T09:01:20.396Z,19010609,XBTUSD,3793.5,556193,3794,450525,3793.75,3794
10210308,2019-01-06T09:01:21.259Z,19010609,XBTUSD,3793.5,556239,3794,450525,3793.75,3794
10210323,2019-01-06T09:01:22.218Z,19010609,XBTUSD,3793.5,568241,3794,402254,3793.75,3794
10210329,2019-01-06T09:01:22.275Z,19010609,XBTUSD,3793.5,598241,3794,375795,3793.75,3794
10210339,2019-01-06T09:01:22.593Z,19010609,XBTUSD,3793.5,640092,3794,323795,3793.75,3794
10210366,2019-01-06T09:01:23.780Z,19010609,XBTUSD,3793.5,640058,3794,306838,3793.75,3794
10210389,2019-01-06T09:01:24.988Z,19010609,XBTUSD,3793.5,640014,3794,295943,3793.75,3794
10210414,2019-01-06T09:01:26.319Z,19010609,XBTUSD,3793.5,666395,3794,290051,3793.75,3794
10210444,2019-01-06T09:01:27.567Z,19010609,XBTUSD,3793.5,566526,3794,292001,3793.75,3794
10210486,2019-01-06T09:01:29.269Z,19010609,XBTUSD,3793.5,553464,3794,302001,3793.75,3794
10210552,2019-01-06T09:01:33.005Z,19010609,XBTUSD,3793.5,553729,3794,293477,3793.75,3794
10210581,2019-01-06T09:01:34.676Z,19010609,XBTUSD,3793.5,555711,3794,297619,3793.75,3794
10210591,2019-01-06T09:01:35.004Z,19010609,XBTUSD,3793.5,595660,3794,224818,3793.75,3794
10210597,2019-01-06T09:01:35.303Z,19010609,XBTUSD,3793.5,595670,3794,224850,3793.75,3794
10209879,2019-01-06T09:00:51.450Z,19010609,XBTUSD,3793.5,510293,3794,299761,3793.75,3794
10209893,2019-01-06T09:00:53.004Z,19010609,XBTUSD,3793.5,492598,3794,297972,3793.75,3794
10209906,2019-01-06T09:00:53.805Z,19010609,XBTUSD,3793.5,492991,3794,291983,3793.75,3794
10209919,2019-01-06T09:00:54.764Z,19010609,XBTUSD,3793.5,493194,3794,321983,3793.75,3794
10209951,2019-01-06T09:00:58.563Z,19010609,XBTUSD,3793.5,577706,3794,320017,3793.75,3794
10209962,2019-01-06T09:00:59.166Z,19010609,XBTUSD,3793.5,566692,3794,320017,3793.75,3794
10209971,2019-01-06T09:00:59.844Z,19010609,XBTUSD,3793.5,565000,3794,325278,3793.75,3794
10209982,2019-01-06T09:01:00.563Z,19010609,XBTUSD,3793.5,589791,3794,321534,3793.75,3794
10210074,2019-01-06T09:01:07.514Z,19010609,XBTUSD,3793.5,587795,3794,345706,3793.75,3794
10210079,2019-01-06T09:01:08.127Z,19010609,XBTUSD,3793.5,587795,3794,345717,3793.75,3794
10210105,2019-01-06T09:01:09.616Z,19010609,XBTUSD,3793.5,588307,3794,350037,3793.75,3794
10210126,2019-01-06T09:01:10.305Z,19010609,XBTUSD,3793.5,578946,3794,351824,3793.75,3794
10210137,2019-01-06T09:01:10.854Z,19010609,XBTUSD,3793.5,576942,3794,359158,3793.75,3794
10210158,2019-01-06T09:01:12.020Z,19010609,XBTUSD,3793.5,577030,3794,383827,3793.75,3794
10210169,2019-01-06T09:01:12.219Z,19010609,XBTUSD,3793.5,547032,3794,435736,3793.75,3794
10210201,2019-01-06T09:01:13.719Z,19010609,XBTUSD,3793.5,478336,3794,450019,3793.75,3794
10210206,2019-01-06T09:01:13.900Z,19010609,XBTUSD,3793.5,478352,3794,443630,3793.75,3794
10210238,2019-01-06T09:01:15.770Z,19010609,XBTUSD,3793.5,483235,3794,450329,3793.75,3794
10210271,2019-01-06T09:01:18.307Z,19010609,XBTUSD,3793.5,486205,3794,449757,3793.75,3794
10210296,2019-01-06T09:01:21.057Z,19010609,XBTUSD,3793.5,556237,3794,450525,3793.75,3794
10210313,2019-01-06T09:01:22.031Z,19010609,XBTUSD,3793.5,566241,3794,404319,3793.75,3794
10210322,2019-01-06T09:01:22.209Z,19010609,XBTUSD,3793.5,568241,3794,402098,3793.75,3794
10210332,2019-01-06T09:01:22.285Z,19010609,XBTUSD,3793.5,618241,3794,373795,3793.75,3794
10210365,2019-01-06T09:01:23.774Z,19010609,XBTUSD,3793.5,640094,3794,306838,3793.75,3794
10210388,2019-01-06T09:01:24.909Z,19010609,XBTUSD,3793.5,640013,3794,295943,3793.75,3794
10210404,2019-01-06T09:01:25.390Z,19010609,XBTUSD,3793.5,640393,3794,291838,3793.75,3794
10210442,2019-01-06T09:01:27.406Z,19010609,XBTUSD,3793.5,676526,3794,292001,3793.75,3794
10210566,2019-01-06T09:01:33.235Z,19010609,XBTUSD,3793.5,553730,3794,287619,3793.75,3794
10210588,2019-01-06T09:01:34.966Z,19010609,XBTUSD,3793.5,593711,3794,240218,3793.75,3794
10210598,2019-01-06T09:01:35.676Z,19010609,XBTUSD,3793.5,595670,3794,224851,3793.75,3794
10210612,2019-01-06T09:01:36.908Z,19010609,XBTUSD,3793.5,605670,3794,220665,3793.75,3794
10210670,2019-01-06T09:01:42.816Z,19010609,XBTUSD,3793.5,615720,3794,109504,3793.75,3794
10210685,2019-01-06T09:01:43.215Z,19010609,XBTUSD,3793.5,622307,3794,119846,3793.75,3794
10210693,2019-01-06T09:01:43.705Z,19010609,XBTUSD,3793.5,622402,3794,105913,3793.75,3794
10210713,2019-01-06T09:01:45.553Z,19010609,XBTUSD,3793.5,627402,3794,106199,3793.75,3794
10210716,2019-01-06T09:01:45.744Z,19010609,XBTUSD,3794.5,353440,3795,646154,3794.75,3795
10210726,2019-01-06T09:01:45.818Z,19010609,XBTUSD,3794.5,383381,3795,645980,3794.75,3795
10210736,2019-01-06T09:01:45.851Z,19010609,XBTUSD,3794.5,994025,3795,645980,3794.75,3795
10209903,2019-01-06T09:00:53.739Z,19010609,XBTUSD,3793.5,492950,3794,291972,3793.75,3794
10209923,2019-01-06T09:00:55.563Z,19010609,XBTUSD,3793.5,562994,3794,321983,3793.75,3794
10209930,2019-01-06T09:00:56.251Z,19010609,XBTUSD,3793.5,562700,3794,321994,3793.75,3794
10209955,2019-01-06T09:00:58.957Z,19010609,XBTUSD,3793.5,579686,3794,320017,3793.75,3794
10209967,2019-01-06T09:00:59.602Z,19010609,XBTUSD,3793.5,567004,3794,325028,3793.75,3794
10209977,2019-01-06T09:01:00.020Z,19010609,XBTUSD,3793.5,564950,3794,325228,3793.75,3794
10209989,2019-01-06T09:01:01.415Z,19010609,XBTUSD,3793.5,589792,3794,321534,3793.75,3794
10210004,2019-01-06T09:01:02.672Z,19010609,XBTUSD,3793.5,589804,3794,346584,3793.75,3794
10210017,2019-01-06T09:01:04.305Z,19010609,XBTUSD,3793.5,589810,3794,345635,3793.75,3794
10210063,2019-01-06T09:01:06.698Z,19010609,XBTUSD,3793.5,589812,3794,345706,3793.75,3794
10210087,2019-01-06T09:01:08.828Z,19010609,XBTUSD,3793.5,591305,3794,350026,3793.75,3794
10210131,2019-01-06T09:01:10.785Z,19010609,XBTUSD,3793.5,576940,3794,379239,3793.75,3794
10210141,2019-01-06T09:01:10.968Z,19010609,XBTUSD,3793.5,576942,3794,374017,3793.75,3794
10210170,2019-01-06T09:01:12.221Z,19010609,XBTUSD,3793.5,547032,3794,429503,3793.75,3794
10210179,2019-01-06T09:01:13.057Z,19010609,XBTUSD,3793.5,479834,3794,453187,3793.75,3794
10210197,2019-01-06T09:01:13.252Z,19010609,XBTUSD,3793.5,479835,3794,447329,3793.75,3794
10210207,2019-01-06T09:01:13.948Z,19010609,XBTUSD,3793.5,478352,3794,449863,3793.75,3794
10210235,2019-01-06T09:01:15.356Z,19010609,XBTUSD,3793.5,483333,3794,450329,3793.75,3794
10210247,2019-01-06T09:01:16.441Z,19010609,XBTUSD,3793.5,483237,3794,449769,3793.75,3794
10210272,2019-01-06T09:01:18.428Z,19010609,XBTUSD,3793.5,486205,3794,445627,3793.75,3794
10210279,2019-01-06T09:01:19.509Z,19010609,XBTUSD,3793.5,486191,3794,445002,3793.75,3794
10210293,2019-01-06T09:01:20.686Z,19010609,XBTUSD,3793.5,556196,3794,456720,3793.75,3794
10210325,2019-01-06T09:01:22.266Z,19010609,XBTUSD,3793.5,578241,3794,395795,3793.75,3794
10210330,2019-01-06T09:01:22.281Z,19010609,XBTUSD,3793.5,608241,3794,375795,3793.75,3794
10210364,2019-01-06T09:01:23.711Z,19010609,XBTUSD,3793.5,640094,3794,308903,3793.75,3794
10210384,2019-01-06T09:01:24.314Z,19010609,XBTUSD,3793.5,639998,3794,294498,3793.75,3794
10210405,2019-01-06T09:01:25.410Z,19010609,XBTUSD,3793.5,641393,3794,291838,3793.75,3794
10210443,2019-01-06T09:01:27.540Z,19010609,XBTUSD,3793.5,576526,3794,292001,3793.75,3794
10210487,2019-01-06T09:01:29.860Z,19010609,XBTUSD,3793.5,551464,3794,302001,3793.75,3794
10210502,2019-01-06T09:01:30.974Z,19010609,XBTUSD,3793.5,551467,3794,294413,3793.75,3794
10210528,2019-01-06T09:01:31.548Z,19010609,XBTUSD,3793.5,551468,3794,299669,3793.75,3794
10210582,2019-01-06T09:01:34.887Z,19010609,XBTUSD,3793.5,553711,3794,297619,3793.75,3794
10210630,2019-01-06T09:01:39.027Z,19010609,XBTUSD,3793.5,610620,3794,226461,3793.75,3794
10210642,2019-01-06T09:01:40.622Z,19010609,XBTUSD,3793.5,610528,3794,225721,3793.75,3794
10210659,2019-01-06T09:01:42.006Z,19010609,XBTUSD,3793.5,615578,3794,225722,3793.75,3794
10210669,2019-01-06T09:01:42.815Z,19010609,XBTUSD,3793.5,615620,3794,109504,3793.75,3794
10210684,2019-01-06T09:01:43.212Z,19010609,XBTUSD,3793.5,622307,3794,119845,3793.75,3794
10210703,2019-01-06T09:01:45.005Z,19010609,XBTUSD,3793.5,627402,3794,106197,3793.75,3794
10210132,2019-01-06T09:01:10.824Z,19010609,XBTUSD,3793.5,576941,3794,379239,3793.75,3794
10210138,2019-01-06T09:01:10.859Z,19010609,XBTUSD,3793.5,576942,3794,365391,3793.75,3794
10210159,2019-01-06T09:01:12.057Z,19010609,XBTUSD,3793.5,577030,3794,385892,3793.75,3794
10210172,2019-01-06T09:01:12.275Z,19010609,XBTUSD,3793.5,547032,3794,435892,3793.75,3794
10210200,2019-01-06T09:01:13.478Z,19010609,XBTUSD,3793.5,478336,3794,447954,3793.75,3794
10210221,2019-01-06T09:01:14.506Z,19010609,XBTUSD,3793.5,478333,3794,450019,3793.75,3794
10210254,2019-01-06T09:01:17.108Z,19010609,XBTUSD,3793.5,483203,3794,449757,3793.75,3794
10210282,2019-01-06T09:01:19.603Z,19010609,XBTUSD,3793.5,556192,3794,445002,3793.75,3794
10210295,2019-01-06T09:01:20.789Z,19010609,XBTUSD,3793.5,556197,3794,450525,3793.75,3794
10210311,2019-01-06T09:01:22.004Z,19010609,XBTUSD,3793.5,566240,3794,400525,3793.75,3794
10210320,2019-01-06T09:01:22.191Z,19010609,XBTUSD,3793.5,568241,3794,397930,3793.75,3794
10210331,2019-01-06T09:01:22.284Z,19010609,XBTUSD,3793.5,608241,3794,373795,3793.75,3794
10210359,2019-01-06T09:01:23.473Z,19010609,XBTUSD,3793.5,640092,3794,315280,3793.75,3794
10210369,2019-01-06T09:01:24.026Z,19010609,XBTUSD,3793.5,640058,3794,301023,3793.75,3794
10210381,2019-01-06T09:01:24.104Z,19010609,XBTUSD,3793.5,639998,3794,301023,3793.75,3794
10210413,2019-01-06T09:01:26.112Z,19010609,XBTUSD,3793.5,656395,3794,290051,3793.75,3794
10210484,2019-01-06T09:01:29.216Z,19010609,XBTUSD,3793.5,553463,3794,292001,3793.75,3794
10210548,2019-01-06T09:01:32.504Z,19010609,XBTUSD,3793.5,551721,3794,297605,3793.75,3794
10210585,2019-01-06T09:01:34.951Z,19010609,XBTUSD,3793.5,573711,3794,226619,3793.75,3794
10210662,2019-01-06T09:01:42.513Z,19010609,XBTUSD,3793.5,615618,3794,229437,3793.75,3794
10210675,2019-01-06T09:01:43.034Z,19010609,XBTUSD,3793.5,617307,3794,119844,3793.75,3794
10210689,2019-01-06T09:01:43.505Z,19010609,XBTUSD,3793.5,622307,3794,120531,3793.75,3794
10210723,2019-01-06T09:01:45.809Z,19010609,XBTUSD,3794.5,364073,3795,645980,3794.75,3795
10210732,2019-01-06T09:01:45.836Z,19010609,XBTUSD,3794.5,660407,3795,645980,3794.75,3795
10210740,2019-01-06T09:01:45.866Z,19010609,XBTUSD,3794.5,1337282,3795,645980,3794.75,3795
10210753,2019-01-06T09:01:45.953Z,19010609,XBTUSD,3794.5,2464748,3795,645980,3794.75,3795
10210765,2019-01-06T09:01:45.998Z,19010609,XBTUSD,3794.5,2599857,3795,650190,3794.75,3795
10210776,2019-01-06T09:01:46.037Z,19010609,XBTUSD,3794.5,2626077,3795,666710,3794.75,3795
10210786,2019-01-06T09:01:46.125Z,19010609,XBTUSD,3794.5,2368656,3795,673100,3794.75,3795
10210800,2019-01-06T09:01:46.169Z,19010609,XBTUSD,3794.5,1706678,3795,673101,3794.75,3795
10210808,2019-01-06T09:01:46.201Z,19010609,XBTUSD,3794.5,1536109,3795,679291,3794.75,3795
10210821,2019-01-06T09:01:46.233Z,19010609,XBTUSD,3794.5,1217055,3795,718165,3794.75,3795
10210832,2019-01-06T09:01:46.281Z,19010609,XBTUSD,3794.5,1012567,3795,724232,3794.75,3795
10210841,2019-01-06T09:01:46.332Z,19010609,XBTUSD,3794.5,1064583,3795,724677,3794.75,3795
10210854,2019-01-06T09:01:46.606Z,19010609,XBTUSD,3794.5,844548,3795,776006,3794.75,3795
10210861,2019-01-06T09:01:46.895Z,19010609,XBTUSD,3794.5,766193,3795,776006,3794.75,3795
10210876,2019-01-06T09:01:47.390Z,19010609,XBTUSD,3794.5,691334,3795,764752,3794.75,3795
10210909,2019-01-06T09:01:49.221Z,19010609,XBTUSD,3794.5,744513,3795,741650,3794.75,3795
10210919,2019-01-06T09:01:49.516Z,19010609,XBTUSD,3794.5,743677,3795,691728,3794.75,3795
10210947,2019-01-06T09:01:50.225Z,19010609,XBTUSD,3794.5,730640,3795,600628,3794.75,3795
10210309,2019-01-06T09:01:21.918Z,19010609,XBTUSD,3793.5,556239,3794,400525,3793.75,3794
10210326,2019-01-06T09:01:22.269Z,19010609,XBTUSD,3793.5,588241,3794,395795,3793.75,3794
10210334,2019-01-06T09:01:22.304Z,19010609,XBTUSD,3793.5,628241,3794,353795,3793.75,3794
10210361,2019-01-06T09:01:23.699Z,19010609,XBTUSD,3793.5,640092,3794,315136,3793.75,3794
10210383,2019-01-06T09:01:24.313Z,19010609,XBTUSD,3793.5,639998,3794,299458,3793.75,3794
10210403,2019-01-06T09:01:25.380Z,19010609,XBTUSD,3793.5,640393,3794,295968,3793.75,3794
10210485,2019-01-06T09:01:29.219Z,19010609,XBTUSD,3793.5,553464,3794,292001,3793.75,3794
10210547,2019-01-06T09:01:32.406Z,19010609,XBTUSD,3793.5,551720,3794,297605,3793.75,3794
10210564,2019-01-06T09:01:33.223Z,19010609,XBTUSD,3793.5,553729,3794,289683,3793.75,3794
10210583,2019-01-06T09:01:34.919Z,19010609,XBTUSD,3793.5,553711,3794,227619,3793.75,3794
10210610,2019-01-06T09:01:36.847Z,19010609,XBTUSD,3793.5,605670,3794,220663,3793.75,3794
10210660,2019-01-06T09:01:42.008Z,19010609,XBTUSD,3793.5,615578,3794,225723,3793.75,3794
10210664,2019-01-06T09:01:42.608Z,19010609,XBTUSD,3793.5,615618,3794,231503,3793.75,3794
10210692,2019-01-06T09:01:43.703Z,19010609,XBTUSD,3793.5,622402,3794,105933,3793.75,3794
10210717,2019-01-06T09:01:45.780Z,19010609,XBTUSD,3794.5,364348,3795,646154,3794.75,3795
10210729,2019-01-06T09:01:45.826Z,19010609,XBTUSD,3794.5,486547,3795,645980,3794.75,3795
10210744,2019-01-06T09:01:45.880Z,19010609,XBTUSD,3794.5,1592745,3795,645980,3794.75,3795
10210752,2019-01-06T09:01:45.929Z,19010609,XBTUSD,3794.5,2359326,3795,645980,3794.75,3795
10210761,2019-01-06T09:01:45.983Z,19010609,XBTUSD,3794.5,2544748,3795,645980,3794.75,3795
10210773,2019-01-06T09:01:46.030Z,19010609,XBTUSD,3794.5,2625677,3795,650190,3794.75,3795
10210790,2019-01-06T09:01:46.135Z,19010609,XBTUSD,3794.5,2143258,3795,673100,3794.75,3795
10210795,2019-01-06T09:01:46.152Z,19010609,XBTUSD,3794.5,2033198,3795,673101,3794.75,3795
10210807,2019-01-06T09:01:46.197Z,19010609,XBTUSD,3794.5,1526109,3795,679291,3794.75,3795
10210818,2019-01-06T09:01:46.225Z,19010609,XBTUSD,3794.5,1320563,3795,709459,3794.75,3795
10210830,2019-01-06T09:01:46.273Z,19010609,XBTUSD,3794.5,1002567,3795,722167,3794.75,3795
10210843,2019-01-06T09:01:46.382Z,19010609,XBTUSD,3794.5,944600,3795,731136,3794.75,3795
10210849,2019-01-06T09:01:46.498Z,19010609,XBTUSD,3794.5,924598,3795,776006,3794.75,3795
10210859,2019-01-06T09:01:46.775Z,19010609,XBTUSD,3794.5,795851,3795,776006,3794.75,3795
10210889,2019-01-06T09:01:48.243Z,19010609,XBTUSD,3794.5,694508,3795,748338,3794.75,3795
10210910,2019-01-06T09:01:49.234Z,19010609,XBTUSD,3794.5,744513,3795,741711,3794.75,3795
10210951,2019-01-06T09:01:50.272Z,19010609,XBTUSD,3794.5,735640,3795,598878,3794.75,3795
10210955,2019-01-06T09:01:50.302Z,19010609,XBTUSD,3794.5,775660,3795,584469,3794.75,3795
10210965,2019-01-06T09:01:50.444Z,19010609,XBTUSD,3794.5,782613,3795,582404,3794.75,3795
10210975,2019-01-06T09:01:50.529Z,19010609,XBTUSD,3794.5,733345,3795,582406,3794.75,3795
10210985,2019-01-06T09:01:50.981Z,19010609,XBTUSD,3794.5,752082,3795,576890,3794.75,3795
10210987,2019-01-06T09:01:51.039Z,19010609,XBTUSD,3794.5,753383,3795,576890,3794.75,3795
10211010,2019-01-06T09:01:51.138Z,19010609,XBTUSD,3794.5,735385,3795,576890,3794.75,3795
10211026,2019-01-06T09:01:52.036Z,19010609,XBTUSD,3794.5,689296,3795,567173,3794.75,3795
10211046,2019-01-06T09:01:52.327Z,19010609,XBTUSD,3794.5,675430,3795,540968,3794.75,3795
10211069,2019-01-06T09:01:53.400Z,19010609,XBTUSD,3794.5,682330,3795,460720,3794.75,3795
10211079,2019-01-06T09:01:54.069Z,19010609,XBTUSD,3794.5,683884,3795,395651,3794.75,3795
10211084,2019-01-06T09:01:54.104Z,19010609,XBTUSD,3794.5,683884,3795,395652,3794.75,3795
10211109,2019-01-06T09:01:55.750Z,19010609,XBTUSD,3794.5,683885,3795,421563,3794.75,3795
10210360,2019-01-06T09:01:23.644Z,19010609,XBTUSD,3793.5,640092,3794,315292,3793.75,3794
10210382,2019-01-06T09:01:24.200Z,19010609,XBTUSD,3793.5,639998,3794,301523,3793.75,3794
10210441,2019-01-06T09:01:27.404Z,19010609,XBTUSD,3793.5,676525,3794,292001,3793.75,3794
10210489,2019-01-06T09:01:29.905Z,19010609,XBTUSD,3793.5,551466,3794,302001,3793.75,3794
10210501,2019-01-06T09:01:30.450Z,19010609,XBTUSD,3793.5,551466,3794,294413,3793.75,3794
10210530,2019-01-06T09:01:31.604Z,19010609,XBTUSD,3793.5,551469,3794,297605,3793.75,3794
10210550,2019-01-06T09:01:32.662Z,19010609,XBTUSD,3793.5,551722,3794,293477,3793.75,3794
10210586,2019-01-06T09:01:34.955Z,19010609,XBTUSD,3793.5,593711,3794,226619,3793.75,3794
10210592,2019-01-06T09:01:35.023Z,19010609,XBTUSD,3793.5,595670,3794,224818,3793.75,3794
10210611,2019-01-06T09:01:36.903Z,19010609,XBTUSD,3793.5,605670,3794,220664,3793.75,3794
10210632,2019-01-06T09:01:39.118Z,19010609,XBTUSD,3793.5,610620,3794,226349,3793.75,3794
10210666,2019-01-06T09:01:42.698Z,19010609,XBTUSD,3793.5,615618,3794,111504,3793.75,3794
10210672,2019-01-06T09:01:42.878Z,19010609,XBTUSD,3793.5,617307,3794,118270,3793.75,3794
10210691,2019-01-06T09:01:43.665Z,19010609,XBTUSD,3793.5,622402,3794,105932,3793.75,3794
10210719,2019-01-06T09:01:45.789Z,19010609,XBTUSD,3794.5,363718,3795,645980,3794.75,3795
10210734,2019-01-06T09:01:45.843Z,19010609,XBTUSD,3794.5,758926,3795,645980,3794.75,3795
10210738,2019-01-06T09:01:45.858Z,19010609,XBTUSD,3794.5,1217154,3795,645980,3794.75,3795
10210748,2019-01-06T09:01:45.906Z,19010609,XBTUSD,3794.5,2008226,3795,645980,3794.75,3795
10210758,2019-01-06T09:01:45.977Z,19010609,XBTUSD,3794.5,2524748,3795,645980,3794.75,3795
10210768,2019-01-06T09:01:46.007Z,19010609,XBTUSD,3794.5,2614915,3795,650190,3794.75,3795
10210779,2019-01-06T09:01:46.077Z,19010609,XBTUSD,3794.5,2628577,3795,673100,3794.75,3795
10210782,2019-01-06T09:01:46.098Z,19010609,XBTUSD,3794.5,2631817,3795,673100,3794.75,3795
10210792,2019-01-06T09:01:46.139Z,19010609,XBTUSD,3794.5,2033235,3795,673100,3794.75,3795
10210802,2019-01-06T09:01:46.178Z,19010609,XBTUSD,3794.5,1726678,3795,673101,3794.75,3795
10210806,2019-01-06T09:01:46.196Z,19010609,XBTUSD,3794.5,1631587,3795,679291,3794.75,3795
10210820,2019-01-06T09:01:46.230Z,19010609,XBTUSD,3794.5,1217055,3795,709459,3794.75,3795
10210826,2019-01-06T09:01:46.246Z,19010609,XBTUSD,3794.5,992567,3795,721960,3794.75,3795
10210836,2019-01-06T09:01:46.297Z,19010609,XBTUSD,3794.5,1042567,3795,723932,3794.75,3795
10210846,2019-01-06T09:01:46.467Z,19010609,XBTUSD,3794.5,934600,3795,726006,3794.75,3795
10210856,2019-01-06T09:01:46.626Z,19010609,XBTUSD,3794.5,824548,3795,776006,3794.75,3795
10210881,2019-01-06T09:01:47.933Z,19010609,XBTUSD,3794.5,694508,3795,755234,3794.75,3795
10210895,2019-01-06T09:01:48.665Z,19010609,XBTUSD,3794.5,744758,3795,745650,3794.75,3795
10210913,2019-01-06T09:01:49.276Z,19010609,XBTUSD,3794.5,743513,3795,691715,3794.75,3795
10210923,2019-01-06T09:01:50.031Z,19010609,XBTUSD,3794.5,744640,3795,691728,3794.75,3795
10210952,2019-01-06T09:01:50.272Z,19010609,XBTUSD,3794.5,735640,3795,584469,3794.75,3795
10210961,2019-01-06T09:01:50.344Z,19010609,XBTUSD,3794.5,774004,3795,582404,3794.75,3795
10210971,2019-01-06T09:01:50.475Z,19010609,XBTUSD,3794.5,787345,3795,582405,3794.75,3795
10210984,2019-01-06T09:01:50.932Z,19010609,XBTUSD,3794.5,743383,3795,576890,3794.75,3795
10211008,2019-01-06T09:01:51.117Z,19010609,XBTUSD,3794.5,740854,3795,576890,3794.75,3795
10211024,2019-01-06T09:01:51.510Z,19010609,XBTUSD,3794.5,689296,3795,577163,3794.75,3795
10211049,2019-01-06T09:01:52.872Z,19010609,XBTUSD,3794.5,675444,3795,460718,3794.75,3795
10211077,2019-01-06T09:01:53.702Z,19010609,XBTUSD,3794.5,682384,3795,455651,3794.75,3795
10211088,2019-01-06T09:01:55.007Z,19010609,XBTUSD,3794.5,681988,3795,395664,3794.75,3795
10211107,2019-01-06T09:01:55.606Z,19010609,XBTUSD,3794.5,683885,3795,422562,3794.75,3795
10210504,2019-01-06T09:01:31.083Z,19010609,XBTUSD,3793.5,551468,3794,302669,3793.75,3794
10210531,2019-01-06T09:01:31.606Z,19010609,XBTUSD,3793.5,551470,3794,297605,3793.75,3794
10210565,2019-01-06T09:01:33.234Z,19010609,XBTUSD,3793.5,553729,3794,287619,3793.75,3794
10210587,2019-01-06T09:01:34.964Z,19010609,XBTUSD,3793.5,593711,3794,241218,3793.75,3794
10210616,2019-01-06T09:01:37.131Z,19010609,XBTUSD,3793.5,605670,3794,221665,3793.75,3794
10210628,2019-01-06T09:01:38.804Z,19010609,XBTUSD,3793.5,610620,3794,222666,3793.75,3794
10210641,2019-01-06T09:01:40.613Z,19010609,XBTUSD,3793.5,610528,3794,225720,3793.75,3794
10210668,2019-01-06T09:01:42.778Z,19010609,XBTUSD,3793.5,615618,3794,109504,3793.75,3794
10210673,2019-01-06T09:01:42.936Z,19010609,XBTUSD,3793.5,617307,3794,119508,3793.75,3794
10210687,2019-01-06T09:01:43.279Z,19010609,XBTUSD,3793.5,622307,3794,119978,3793.75,3794
10210715,2019-01-06T09:01:45.571Z,19010609,XBTUSD,3793.5,627402,3794,108199,3793.75,3794
10210725,2019-01-06T09:01:45.816Z,19010609,XBTUSD,3794.5,383291,3795,645980,3794.75,3795
10210730,2019-01-06T09:01:45.829Z,19010609,XBTUSD,3794.5,606558,3795,645980,3794.75,3795
10210739,2019-01-06T09:01:45.862Z,19010609,XBTUSD,3794.5,1217244,3795,645980,3794.75,3795
10210755,2019-01-06T09:01:45.963Z,19010609,XBTUSD,3794.5,2484748,3795,645980,3794.75,3795
10210763,2019-01-06T09:01:45.995Z,19010609,XBTUSD,3794.5,2544857,3795,650190,3794.75,3795
10210775,2019-01-06T09:01:46.035Z,19010609,XBTUSD,3794.5,2625987,3795,666710,3794.75,3795
10210787,2019-01-06T09:01:46.128Z,19010609,XBTUSD,3794.5,2355116,3795,673100,3794.75,3795
10210796,2019-01-06T09:01:46.156Z,19010609,XBTUSD,3794.5,1930089,3795,673101,3794.75,3795
10210810,2019-01-06T09:01:46.210Z,19010609,XBTUSD,3794.5,1416056,3795,681291,3794.75,3795
10210823,2019-01-06T09:01:46.238Z,19010609,XBTUSD,3794.5,1096987,3795,721960,3794.75,3795
10210827,2019-01-06T09:01:46.252Z,19010609,XBTUSD,3794.5,992567,3795,721983,3794.75,3795
10210845,2019-01-06T09:01:46.458Z,19010609,XBTUSD,3794.5,944600,3795,726006,3794.75,3795
10210848,2019-01-06T09:01:46.493Z,19010609,XBTUSD,3794.5,924598,3795,726006,3794.75,3795
10210860,2019-01-06T09:01:46.853Z,19010609,XBTUSD,3794.5,796851,3795,776006,3794.75,3795
10210882,2019-01-06T09:01:47.992Z,19010609,XBTUSD,3794.5,694508,3795,752758,3794.75,3795
10210891,2019-01-06T09:01:48.318Z,19010609,XBTUSD,3794.5,694508,3795,747714,3794.75,3795
10210911,2019-01-06T09:01:49.237Z,19010609,XBTUSD,3794.5,744513,3795,691711,3794.75,3795
10210949,2019-01-06T09:01:50.272Z,19010609,XBTUSD,3794.5,730640,3795,599378,3794.75,3795
10210960,2019-01-06T09:01:50.344Z,19010609,XBTUSD,3794.5,773004,3795,582404,3794.75,3795
10210969,2019-01-06T09:01:50.468Z,19010609,XBTUSD,3794.5,788145,3795,582404,3794.75,3795
10210981,2019-01-06T09:01:50.828Z,19010609,XBTUSD,3794.5,753356,3795,575947,3794.75,3795
10210988,2019-01-06T09:01:51.072Z,19010609,XBTUSD,3794.5,743383,3795,576890,3794.75,3795
10211013,2019-01-06T09:01:51.190Z,19010609,XBTUSD,3794.5,731764,3795,577140,3794.75,3795
10211025,2019-01-06T09:01:51.989Z,19010609,XBTUSD,3794.5,689296,3795,567163,3794.75,3795
10211048,2019-01-06T09:01:52.469Z,19010609,XBTUSD,3794.5,675444,3795,540718,3794.75,3795
10211173,2019-01-06T09:01:59.916Z,19010609,XBTUSD,3794.5,685725,3795,407943,3794.75,3795
10211189,2019-01-06T09:02:00.983Z,19010609,XBTUSD,3794.5,685471,3795,419776,3794.75,3795
10211198,2019-01-06T09:02:01.807Z,19010609,XBTUSD,3794.5,685831,3795,419829,3794.75,3795
10211242,2019-01-06T09:02:04.811Z,19010609,XBTUSD,3794.5,685881,3795,485544,3794.75,3795
10211276,2019-01-06T09:02:06.391Z,19010609,XBTUSD,3794.5,627511,3795,492356,3794.75,3795
10211302,2019-01-06T09:02:07.524Z,19010609,XBTUSD,3794.5,629541,3795,492369,3794.75,3795
10210578,2019-01-06T09:01:34.556Z,19010609,XBTUSD,3793.5,555730,3794,287619,3793.75,3794
10210580,2019-01-06T09:01:34.612Z,19010609,XBTUSD,3793.5,555711,3794,287619,3793.75,3794
10210590,2019-01-06T09:01:34.973Z,19010609,XBTUSD,3793.5,595691,3794,224818,3793.75,3794
10210599,2019-01-06T09:01:35.681Z,19010609,XBTUSD,3793.5,605670,3794,224851,3793.75,3794
10210617,2019-01-06T09:01:37.133Z,19010609,XBTUSD,3793.5,605670,3794,222665,3793.75,3794
10210629,2019-01-06T09:01:38.806Z,19010609,XBTUSD,3793.5,610620,3794,222667,3793.75,3794
10210633,2019-01-06T09:01:39.769Z,19010609,XBTUSD,3793.5,610528,3794,226257,3793.75,3794
10210658,2019-01-06T09:01:41.891Z,19010609,XBTUSD,3793.5,615578,3794,225721,3793.75,3794
10210663,2019-01-06T09:01:42.528Z,19010609,XBTUSD,3793.5,615618,3794,231502,3793.75,3794
10210690,2019-01-06T09:01:43.617Z,19010609,XBTUSD,3793.5,622307,3794,105932,3793.75,3794
10210694,2019-01-06T09:01:43.723Z,19010609,XBTUSD,3793.5,622402,3794,105946,3793.75,3794
10210702,2019-01-06T09:01:44.910Z,19010609,XBTUSD,3793.5,627402,3794,106196,3793.75,3794
10210718,2019-01-06T09:01:45.783Z,19010609,XBTUSD,3794.5,364348,3795,645980,3794.75,3795
10210735,2019-01-06T09:01:45.847Z,19010609,XBTUSD,3794.5,874002,3795,645980,3794.75,3795
10210746,2019-01-06T09:01:45.889Z,19010609,XBTUSD,3794.5,1813314,3795,645980,3794.75,3795
10210754,2019-01-06T09:01:45.961Z,19010609,XBTUSD,3794.5,2474748,3795,645980,3794.75,3795
10210769,2019-01-06T09:01:46.010Z,19010609,XBTUSD,3794.5,2615065,3795,650190,3794.75,3795
10210778,2019-01-06T09:01:46.042Z,19010609,XBTUSD,3794.5,2626077,3795,673100,3794.75,3795
10210784,2019-01-06T09:01:46.116Z,19010609,XBTUSD,3794.5,2511906,3795,673100,3794.75,3795
10210799,2019-01-06T09:01:46.166Z,19010609,XBTUSD,3794.5,1704678,3795,673101,3794.75,3795
10210811,2019-01-06T09:01:46.212Z,19010609,XBTUSD,3794.5,1416056,3795,694972,3794.75,3795
10210819,2019-01-06T09:01:46.227Z,19010609,XBTUSD,3794.5,1322563,3795,709459,3794.75,3795
10210831,2019-01-06T09:01:46.279Z,19010609,XBTUSD,3794.5,1012567,3795,722167,3794.75,3795
10210842,2019-01-06T09:01:46.372Z,19010609,XBTUSD,3794.5,1064583,3795,731136,3794.75,3795
10210855,2019-01-06T09:01:46.613Z,19010609,XBTUSD,3794.5,834548,3795,776006,3794.75,3795
10210864,2019-01-06T09:01:46.947Z,19010609,XBTUSD,3794.5,691334,3795,769501,3794.75,3795
10210875,2019-01-06T09:01:47.382Z,19010609,XBTUSD,3794.5,691334,3795,768882,3794.75,3795
10210890,2019-01-06T09:01:48.247Z,19010609,XBTUSD,3794.5,694508,3795,747713,3794.75,3795
10210916,2019-01-06T09:01:49.404Z,19010609,XBTUSD,3794.5,743552,3795,691716,3794.75,3795
10210945,2019-01-06T09:01:50.225Z,19010609,XBTUSD,3794.5,744640,3795,690628,3794.75,3795
10210956,2019-01-06T09:01:50.302Z,19010609,XBTUSD,3794.5,780163,3795,584469,3794.75,3795
10210967,2019-01-06T09:01:50.444Z,19010609,XBTUSD,3794.5,787145,3795,582404,3794.75,3795
10210977,2019-01-06T09:01:50.651Z,19010609,XBTUSD,3794.5,743345,3795,575947,3794.75,3795
10211014,2019-01-06T09:01:51.270Z,19010609,XBTUSD,3794.5,731774,3795,577150,3794.75,3795
10211023,2019-01-06T09:01:51.507Z,19010609,XBTUSD,3794.5,689296,3795,577152,3794.75,3795
10211043,2019-01-06T09:01:52.179Z,19010609,XBTUSD,3794.5,677648,3795,567136,3794.75,3795
10211052,2019-01-06T09:01:52.914Z,19010609,XBTUSD,3794.5,673644,3795,460720,3794.75,3795
10211074,2019-01-06T09:01:53.545Z,19010609,XBTUSD,3794.5,682384,3795,460733,3794.75,3795
10211103,2019-01-06T09:01:55.484Z,19010609,XBTUSD,3794.5,681988,3795,408422,3794.75,3795
10211131,2019-01-06T09:01:57.331Z,19010609,XBTUSD,3794.5,683885,3795,427912,3794.75,3795
10211169,2019-01-06T09:01:59.722Z,19010609,XBTUSD,3794.5,683575,3795,407941,3794.75,3795
10211185,2019-01-06T09:02:00.901Z,19010609,XBTUSD,3794.5,685765,3795,413580,3794.75,3795
10211240,2019-01-06T09:02:04.364Z,19010609,XBTUSD,3794.5,685831,3795,485544,3794.75,3795
10211272,2019-01-06T09:02:05.998Z,19010609,XBTUSD,3794.5,627511,3795,492354,3794.75,3795
10211305,2019-01-06T09:02:08.036Z,19010609,XBTUSD,3794.5,679541,3795,492371,3794.75,3795
10211317,2019-01-06T09:02:08.435Z,19010609,XBTUSD,3794.5,688240,3795,492372,3794.75,3795
10211328,2019-01-06T09:02:09.107Z,19010609,XBTUSD,3794.5,760136,3795,492310,3794.75,3795
10211337,2019-01-06T09:02:10.074Z,19010609,XBTUSD,3794.5,760206,3795,428688,3794.75,3795
10210579,2019-01-06T09:01:34.604Z,19010609,XBTUSD,3793.5,555731,3794,287619,3793.75,3794
10210589,2019-01-06T09:01:34.967Z,19010609,XBTUSD,3793.5,595711,3794,224818,3793.75,3794
10210600,2019-01-06T09:01:35.895Z,19010609,XBTUSD,3793.5,605670,3794,224872,3793.75,3794
10210627,2019-01-06T09:01:38.745Z,19010609,XBTUSD,3793.5,610620,3794,222665,3793.75,3794
10210635,2019-01-06T09:01:39.811Z,19010609,XBTUSD,3793.5,610528,3794,226259,3793.75,3794
10210640,2019-01-06T09:01:40.267Z,19010609,XBTUSD,3793.5,610528,3794,225719,3793.75,3794
10210667,2019-01-06T09:01:42.775Z,19010609,XBTUSD,3793.5,615618,3794,110504,3793.75,3794
10210683,2019-01-06T09:01:43.209Z,19010609,XBTUSD,3793.5,622307,3794,119844,3793.75,3794
10210695,2019-01-06T09:01:43.907Z,19010609,XBTUSD,3793.5,622402,3794,106196,3793.75,3794
10210704,2019-01-06T09:01:45.008Z,19010609,XBTUSD,3793.5,627402,3794,106198,3793.75,3794
10210711,2019-01-06T09:01:45.334Z,19010609,XBTUSD,3793.5,627402,3794,106197,3793.75,3794
10210720,2019-01-06T09:01:45.799Z,19010609,XBTUSD,3794.5,363733,3795,645980,3794.75,3795
10210728,2019-01-06T09:01:45.824Z,19010609,XBTUSD,3794.5,486472,3795,645980,3794.75,3795
10210741,2019-01-06T09:01:45.869Z,19010609,XBTUSD,3794.5,1442745,3795,645980,3794.75,3795
10210750,2019-01-06T09:01:45.915Z,19010609,XBTUSD,3794.5,2133750,3795,645980,3794.75,3795
10210766,2019-01-06T09:01:46.002Z,19010609,XBTUSD,3794.5,2603857,3795,650190,3794.75,3795
10210777,2019-01-06T09:01:46.040Z,19010609,XBTUSD,3794.5,2626077,3795,672944,3794.75,3795
10210783,2019-01-06T09:01:46.102Z,19010609,XBTUSD,3794.5,2631917,3795,673100,3794.75,3795
10210797,2019-01-06T09:01:46.158Z,19010609,XBTUSD,3794.5,1810051,3795,673101,3794.75,3795
10210812,2019-01-06T09:01:46.213Z,19010609,XBTUSD,3794.5,1416056,3795,695972,3794.75,3795
10210822,2019-01-06T09:01:46.235Z,19010609,XBTUSD,3794.5,1096987,3795,718165,3794.75,3795
10210834,2019-01-06T09:01:46.287Z,19010609,XBTUSD,3794.5,1032567,3795,724232,3794.75,3795
10210838,2019-01-06T09:01:46.302Z,19010609,XBTUSD,3794.5,1054463,3795,723932,3794.75,3795
10210852,2019-01-06T09:01:46.578Z,19010609,XBTUSD,3794.5,854598,3795,776006,3794.75,3795
10210877,2019-01-06T09:01:47.400Z,19010609,XBTUSD,3794.5,691334,3795,764719,3794.75,3795
10210915,2019-01-06T09:01:49.316Z,19010609,XBTUSD,3794.5,743552,3795,691715,3794.75,3795
10210918,2019-01-06T09:01:49.505Z,19010609,XBTUSD,3794.5,743677,3795,691717,3794.75,3795
10210950,2019-01-06T09:01:50.272Z,19010609,XBTUSD,3794.5,730640,3795,598878,3794.75,3795
10210958,2019-01-06T09:01:50.330Z,19010609,XBTUSD,3794.5,770163,3795,582404,3794.75,3795
10210970,2019-01-06T09:01:50.472Z,19010609,XBTUSD,3794.5,787345,3795,582404,3794.75,3795
10210978,2019-01-06T09:01:50.660Z,19010609,XBTUSD,3794.5,753345,3795,575947,3794.75,3795
10211015,2019-01-06T09:01:51.291Z,19010609,XBTUSD,3794.5,731804,3795,577150,3794.75,3795
10211021,2019-01-06T09:01:51.440Z,19010609,XBTUSD,3794.5,689296,3795,577150,3794.75,3795
10211029,2019-01-06T09:01:52.069Z,19010609,XBTUSD,3794.5,681167,3795,567173,3794.75,3795
10211041,2019-01-06T09:01:52.107Z,19010609,XBTUSD,3794.5,681167,3795,567175,3794.75,3795
10211071,2019-01-06T09:01:53.504Z,19010609,XBTUSD,3794.5,682360,3795,460721,3794.75,3795
10211076,2019-01-06T09:01:53.621Z,19010609,XBTUSD,3794.5,682384,3795,455032,3794.75,3795
10211106,2019-01-06T09:01:55.547Z,19010609,XBTUSD,3794.5,683885,3795,422561,3794.75,3795
10211116,2019-01-06T09:01:56.205Z,19010609,XBTUSD,3794.5,683885,3795,421602,3794.75,3795
10211134,2019-01-06T09:01:57.407Z,19010609,XBTUSD,3794.5,683885,3795,407914,3794.75,3795
10211172,2019-01-06T09:01:59.905Z,19010609,XBTUSD,3794.5,683725,3795,407943,3794.75,3795
10211190,2019-01-06T09:02:00.986Z,19010609,XBTUSD,3794.5,685471,3795,419777,3794.75,3795
10211196,2019-01-06T09:02:01.554Z,19010609,XBTUSD,3794.5,685781,3795,418779,3794.75,3795
10211233,2019-01-06T09:02:03.514Z,19010609,XBTUSD,3794.5,685831,3795,476271,3794.75,3795
10211237,2019-01-06T09:02:04.114Z,19010609,XBTUSD,3794.5,685831,3795,477282,3794.75,3795
10211268,2019-01-06T09:02:05.501Z,19010609,XBTUSD,3794.5,627511,3795,492377,3794.75,3795
10211271,2019-01-06T09:02:05.527Z,19010609,XBTUSD,3794.5,627511,3795,492390,3794.75,3795
10211278,2019-01-06T09:02:06.747Z,19010609,XBTUSD,3794.5,627511,3795,492358,3794.75,3795
10211318,2019-01-06T09:02:08.449Z,19010609,XBTUSD,3794.5,688240,3795,492373,3794.75,3795
10211334,2019-01-06T09:02:09.724Z,19010609,XBTUSD,3794.5,760166,3795,474558,3794.75,3795
10211349,2019-01-06T09:02:10.306Z,19010609,XBTUSD,3794.5,760206,3795,426689,3794.75,3795
10210584,2019-01-06T09:01:34.949Z,19010609,XBTUSD,3793.5,553711,3794,226619,3793.75,3794
10210618,2019-01-06T09:01:37.320Z,19010609,XBTUSD,3793.5,610670,3794,222665,3793.75,3794
10210661,2019-01-06T09:01:42.205Z,19010609,XBTUSD,3793.5,615618,3794,225723,3793.75,3794
10210671,2019-01-06T09:01:42.873Z,19010609,XBTUSD,3793.5,617307,3794,109504,3793.75,3794
10210686,2019-01-06T09:01:43.220Z,19010609,XBTUSD,3793.5,622307,3794,119966,3793.75,3794
10210714,2019-01-06T09:01:45.557Z,19010609,XBTUSD,3793.5,627402,3794,107199,3793.75,3794
10210722,2019-01-06T09:01:45.806Z,19010609,XBTUSD,3794.5,363983,3795,645980,3794.75,3795
10210731,2019-01-06T09:01:45.834Z,19010609,XBTUSD,3794.5,646867,3795,645980,3794.75,3795
10210743,2019-01-06T09:01:45.875Z,19010609,XBTUSD,3794.5,1572723,3795,645980,3794.75,3795
10210751,2019-01-06T09:01:45.922Z,19010609,XBTUSD,3794.5,2239258,3795,645980,3794.75,3795
10210762,2019-01-06T09:01:45.988Z,19010609,XBTUSD,3794.5,2544748,3795,650190,3794.75,3795
10210771,2019-01-06T09:01:46.023Z,19010609,XBTUSD,3794.5,2623777,3795,650190,3794.75,3795
10210781,2019-01-06T09:01:46.092Z,19010609,XBTUSD,3794.5,2628817,3795,673100,3794.75,3795
10210791,2019-01-06T09:01:46.137Z,19010609,XBTUSD,3794.5,2153258,3795,673100,3794.75,3795
10210793,2019-01-06T09:01:46.145Z,19010609,XBTUSD,3794.5,1913215,3795,673100,3794.75,3795
10210803,2019-01-06T09:01:46.183Z,19010609,XBTUSD,3794.5,1726678,3795,679291,3794.75,3795
10210813,2019-01-06T09:01:46.215Z,19010609,XBTUSD,3794.5,1420056,3795,695972,3794.75,3795
10210817,2019-01-06T09:01:46.224Z,19010609,XBTUSD,3794.5,1320563,3795,708459,3794.75,3795
10210829,2019-01-06T09:01:46.270Z,19010609,XBTUSD,3794.5,1002567,3795,722015,3794.75,3795
10210837,2019-01-06T09:01:46.300Z,19010609,XBTUSD,3794.5,1044463,3795,723932,3794.75,3795
10210847,2019-01-06T09:01:46.477Z,19010609,XBTUSD,3794.5,924600,3795,726006,3794.75,3795
10210857,2019-01-06T09:01:46.742Z,19010609,XBTUSD,3794.5,814548,3795,776006,3794.75,3795
10210879,2019-01-06T09:01:47.553Z,19010609,XBTUSD,3794.5,691334,3795,758329,3794.75,3795
10210892,2019-01-06T09:01:48.322Z,19010609,XBTUSD,3794.5,694508,3795,747715,3794.75,3795
10210907,2019-01-06T09:01:49.191Z,19010609,XBTUSD,3794.5,744758,3795,741650,3794.75,3795
10210917,2019-01-06T09:01:49.412Z,19010609,XBTUSD,3794.5,743552,3795,691717,3794.75,3795
10210946,2019-01-06T09:01:50.225Z,19010609,XBTUSD,3794.5,744640,3795,600628,3794.75,3795
10210963,2019-01-06T09:01:50.344Z,19010609,XBTUSD,3794.5,777724,3795,582404,3794.75,3795
10210973,2019-01-06T09:01:50.481Z,19010609,XBTUSD,3794.5,767345,3795,582406,3794.75,3795
10210976,2019-01-06T09:01:50.582Z,19010609,XBTUSD,3794.5,733345,3795,575947,3794.75,3795
10210986,2019-01-06T09:01:51.029Z,19010609,XBTUSD,3794.5,762082,3795,576890,3794.75,3795
10211007,2019-01-06T09:01:51.093Z,19010609,XBTUSD,3794.5,741854,3795,576890,3794.75,3795
10211017,2019-01-06T09:01:51.414Z,19010609,XBTUSD,3794.5,722296,3795,577150,3794.75,3795
10211027,2019-01-06T09:01:52.040Z,19010609,XBTUSD,3794.5,686982,3795,567173,3794.75,3795
10211044,2019-01-06T09:01:52.210Z,19010609,XBTUSD,3794.5,675430,3795,567136,3794.75,3795
10211053,2019-01-06T09:01:53.001Z,19010609,XBTUSD,3794.5,682344,3795,460720,3794.75,3795
10211072,2019-01-06T09:01:53.508Z,19010609,XBTUSD,3794.5,682360,3795,460722,3794.75,3795
10211078,2019-01-06T09:01:54.004Z,19010609,XBTUSD,3794.5,683884,3795,455651,3794.75,3795
10211085,2019-01-06T09:01:54.113Z,19010609,XBTUSD,3794.5,683884,3795,395653,3794.75,3795
10211135,2019-01-06T09:01:57.506Z,19010609,XBTUSD,3794.5,683885,3795,407925,3794.75,3795
10211148,2019-01-06T09:01:58.302Z,19010609,XBTUSD,3794.5,683885,3795,407927,3794.75,3795
10211165,2019-01-06T09:01:59.330Z,19010609,XBTUSD,3794.5,694014,3795,407929,3794.75,3795
10211192,2019-01-06T09:02:01.440Z,19010609,XBTUSD,3794.5,685781,3795,418777,3794.75,3795
10211220,2019-01-06T09:02:02.900Z,19010609,XBTUSD,3794.5,685831,3795,426269,3794.75,3795
10211234,2019-01-06T09:02:03.528Z,19010609,XBTUSD,3794.5,685831,3795,476282,3794.75,3795
10211246,2019-01-06T09:02:04.915Z,19010609,XBTUSD,3794.5,685931,3795,486171,3794.75,3795
10211269,2019-01-06T09:02:05.503Z,19010609,XBTUSD,3794.5,627511,3795,492378,3794.75,3795
10211303,2019-01-06T09:02:07.719Z,19010609,XBTUSD,3794.5,629541,3795,492370,3794.75,3795
10210631,2019-01-06T09:01:39.082Z,19010609,XBTUSD,3793.5,610620,3794,226361,3793.75,3794
10210634,2019-01-06T09:01:39.806Z,19010609,XBTUSD,3793.5,610528,3794,226258,3793.75,3794
10210643,2019-01-06T09:01:40.708Z,19010609,XBTUSD,3793.5,615528,3794,225721,3793.75,3794
10210665,2019-01-06T09:01:42.615Z,19010609,XBTUSD,3793.5,615618,3794,231504,3793.75,3794
10210674,2019-01-06T09:01:42.937Z,19010609,XBTUSD,3793.5,617307,3794,123638,3793.75,3794
10210688,2019-01-06T09:01:43.332Z,19010609,XBTUSD,3793.5,622307,3794,120021,3793.75,3794
10210721,2019-01-06T09:01:45.802Z,19010609,XBTUSD,3794.5,363883,3795,645980,3794.75,3795
10210733,2019-01-06T09:01:45.839Z,19010609,XBTUSD,3794.5,660557,3795,645980,3794.75,3795
10210742,2019-01-06T09:01:45.872Z,19010609,XBTUSD,3794.5,1507752,3795,645980,3794.75,3795
10210757,2019-01-06T09:01:45.970Z,19010609,XBTUSD,3794.5,2514748,3795,645980,3794.75,3795
10210767,2019-01-06T09:01:46.004Z,19010609,XBTUSD,3794.5,2607857,3795,650190,3794.75,3795
10210772,2019-01-06T09:01:46.027Z,19010609,XBTUSD,3794.5,2623877,3795,650190,3794.75,3795
10210788,2019-01-06T09:01:46.132Z,19010609,XBTUSD,3794.5,2256747,3795,673100,3794.75,3795
10210794,2019-01-06T09:01:46.150Z,19010609,XBTUSD,3794.5,1913215,3795,673101,3794.75,3795
10210809,2019-01-06T09:01:46.207Z,19010609,XBTUSD,3794.5,1416056,3795,679291,3794.75,3795
10210815,2019-01-06T09:01:46.219Z,19010609,XBTUSD,3794.5,1314563,3795,708459,3794.75,3795
10210825,2019-01-06T09:01:46.243Z,19010609,XBTUSD,3794.5,1097989,3795,721960,3794.75,3795
10210835,2019-01-06T09:01:46.290Z,19010609,XBTUSD,3794.5,1032567,3795,723932,3794.75,3795
10210839,2019-01-06T09:01:46.312Z,19010609,XBTUSD,3794.5,1054463,3795,724557,3794.75,3795
10210853,2019-01-06T09:01:46.597Z,19010609,XBTUSD,3794.5,844598,3795,776006,3794.75,3795
10210863,2019-01-06T09:01:46.937Z,19010609,XBTUSD,3794.5,691334,3795,775696,3794.75,3795
10210878,2019-01-06T09:01:47.550Z,19010609,XBTUSD,3794.5,691334,3795,764563,3794.75,3795
10210888,2019-01-06T09:01:48.204Z,19010609,XBTUSD,3794.5,694508,3795,748963,3794.75,3795
10210914,2019-01-06T09:01:49.293Z,19010609,XBTUSD,3794.5,743524,3795,691715,3794.75,3795
10210922,2019-01-06T09:01:49.978Z,19010609,XBTUSD,3794.5,744619,3795,691728,3794.75,3795
10210944,2019-01-06T09:01:50.225Z,19010609,XBTUSD,3794.5,744640,3795,691628,3794.75,3795
10210954,2019-01-06T09:01:50.302Z,19010609,XBTUSD,3794.5,755660,3795,584469,3794.75,3795
10210964,2019-01-06T09:01:50.444Z,19010609,XBTUSD,3794.5,779094,3795,582404,3794.75,3795
10210966,2019-01-06T09:01:50.444Z,19010609,XBTUSD,3794.5,784831,3795,582404,3794.75,3795
10210980,2019-01-06T09:01:50.783Z,19010609,XBTUSD,3794.5,762055,3795,575947,3794.75,3795
10211016,2019-01-06T09:01:51.359Z,19010609,XBTUSD,3794.5,732296,3795,577150,3794.75,3795
10211018,2019-01-06T09:01:51.416Z,19010609,XBTUSD,3794.5,719296,3795,577150,3794.75,3795
10211028,2019-01-06T09:01:52.066Z,19010609,XBTUSD,3794.5,682479,3795,567173,3794.75,3795
10211042,2019-01-06T09:01:52.174Z,19010609,XBTUSD,3794.5,681167,3795,567136,3794.75,3795
10211073,2019-01-06T09:01:53.516Z,19010609,XBTUSD,3794.5,682360,3795,460733,3794.75,3795
10211075,2019-01-06T09:01:53.614Z,19010609,XBTUSD,3794.5,682384,3795,459242,3794.75,3795
10211105,2019-01-06T09:01:55.521Z,19010609,XBTUSD,3794.5,681988,3795,422561,3794.75,3795
10211108,2019-01-06T09:01:55.608Z,19010609,XBTUSD,3794.5,683885,3795,422563,3794.75,3795
10211114,2019-01-06T09:01:56.182Z,19010609,XBTUSD,3794.5,683885,3795,421600,3794.75,3795
10211130,2019-01-06T09:01:57.313Z,19010609,XBTUSD,3794.5,683885,3795,423702,3794.75,3795
10211170,2019-01-06T09:01:59.788Z,19010609,XBTUSD,3794.5,683725,3795,407941,3794.75,3795
10211186,2019-01-06T09:02:00.907Z,19010609,XBTUSD,3794.5,685871,3795,413580,3794.75,3795
10211197,2019-01-06T09:02:01.556Z,19010609,XBTUSD,3794.5,685781,3795,419779,3794.75,3795
10211241,2019-01-06T09:02:04.678Z,19010609,XBTUSD,3794.5,685851,3795,485544,3794.75,3795
10211248,2019-01-06T09:02:04.942Z,19010609,XBTUSD,3794.5,685961,3795,488236,3794.75,3795
10211265,2019-01-06T09:02:05.289Z,19010609,XBTUSD,3794.5,636211,3795,488189,3794.75,3795
10211300,2019-01-06T09:02:07.110Z,19010609,XBTUSD,3794.5,629511,3795,492358,3794.75,3795
10211316,2019-01-06T09:02:08.260Z,19010609,XBTUSD,3794.5,688240,3795,492371,3794.75,3795
10211333,2019-01-06T09:02:09.609Z,19010609,XBTUSD,3794.5,760166,3795,490258,3794.75,3795
10211364,2019-01-06T09:02:11.541Z,19010609,XBTUSD,3794.5,765206,3795,428682,3794.75,3795
10210712,2019-01-06T09:01:45.534Z,19010609,XBTUSD,3793.5,627402,3794,106198,3793.75,3794
10210724,2019-01-06T09:01:45.812Z,19010609,XBTUSD,3794.5,364173,3795,645980,3794.75,3795
10210727,2019-01-06T09:01:45.821Z,19010609,XBTUSD,3794.5,383531,3795,645980,3794.75,3795
10210737,2019-01-06T09:01:45.855Z,19010609,XBTUSD,3794.5,1114045,3795,645980,3794.75,3795
10210747,2019-01-06T09:01:45.897Z,19010609,XBTUSD,3794.5,1933367,3795,645980,3794.75,3795
10210756,2019-01-06T09:01:45.967Z,19010609,XBTUSD,3794.5,2494748,3795,645980,3794.75,3795
10210764,2019-01-06T09:01:45.997Z,19010609,XBTUSD,3794.5,2549857,3795,650190,3794.75,3795
10210774,2019-01-06T09:01:46.034Z,19010609,XBTUSD,3794.5,2625987,3795,650190,3794.75,3795
10210785,2019-01-06T09:01:46.118Z,19010609,XBTUSD,3794.5,2408965,3795,673100,3794.75,3795
10210798,2019-01-06T09:01:46.160Z,19010609,XBTUSD,3794.5,1810141,3795,673101,3794.75,3795
10210805,2019-01-06T09:01:46.193Z,19010609,XBTUSD,3794.5,1746678,3795,679291,3794.75,3795
10210816,2019-01-06T09:01:46.220Z,19010609,XBTUSD,3794.5,1316563,3795,708459,3794.75,3795
10210828,2019-01-06T09:01:46.257Z,19010609,XBTUSD,3794.5,992567,3795,722015,3794.75,3795
10210840,2019-01-06T09:01:46.322Z,19010609,XBTUSD,3794.5,1054583,3795,724677,3794.75,3795
10210850,2019-01-06T09:01:46.523Z,19010609,XBTUSD,3794.5,914598,3795,776006,3794.75,3795
10210858,2019-01-06T09:01:46.744Z,19010609,XBTUSD,3794.5,805851,3795,776006,3794.75,3795
10210880,2019-01-06T09:01:47.773Z,19010609,XBTUSD,3794.5,691334,3795,755234,3794.75,3795
10210894,2019-01-06T09:01:48.573Z,19010609,XBTUSD,3794.5,744508,3795,745650,3794.75,3795
10210908,2019-01-06T09:01:49.219Z,19010609,XBTUSD,3794.5,744508,3795,741650,3794.75,3795
10210920,2019-01-06T09:01:49.930Z,19010609,XBTUSD,3794.5,736619,3795,691728,3794.75,3795
10210953,2019-01-06T09:01:50.302Z,19010609,XBTUSD,3794.5,735660,3795,584469,3794.75,3795
10210962,2019-01-06T09:01:50.344Z,19010609,XBTUSD,3794.5,776255,3795,582404,3794.75,3795
10210974,2019-01-06T09:01:50.486Z,19010609,XBTUSD,3794.5,747345,3795,582406,3794.75,3795
10210982,2019-01-06T09:01:50.863Z,19010609,XBTUSD,3794.5,753356,3795,576947,3794.75,3795
10211012,2019-01-06T09:01:51.153Z,19010609,XBTUSD,3794.5,734015,3795,577140,3794.75,3795
10211020,2019-01-06T09:01:51.429Z,19010609,XBTUSD,3794.5,699296,3795,577150,3794.75,3795
10211047,2019-01-06T09:01:52.459Z,19010609,XBTUSD,3794.5,675444,3795,540968,3794.75,3795
10211089,2019-01-06T09:01:55.010Z,19010609,XBTUSD,3794.5,681988,3795,395644,3794.75,3795
10211147,2019-01-06T09:01:58.235Z,19010609,XBTUSD,3794.5,683885,3795,407926,3794.75,3795
10211166,2019-01-06T09:01:59.334Z,19010609,XBTUSD,3794.5,694014,3795,407930,3794.75,3795
10211191,2019-01-06T09:02:01.408Z,19010609,XBTUSD,3794.5,685471,3795,418777,3794.75,3795
10211231,2019-01-06T09:02:03.355Z,19010609,XBTUSD,3794.5,685831,3795,476269,3794.75,3795
10211245,2019-01-06T09:02:04.913Z,19010609,XBTUSD,3794.5,685931,3795,486170,3794.75,3795
10211263,2019-01-06T09:02:05.216Z,19010609,XBTUSD,3794.5,686211,3795,488236,3794.75,3795
10211270,2019-01-06T09:02:05.506Z,19010609,XBTUSD,3794.5,627511,3795,492379,3794.75,3795
10211322,2019-01-06T09:02:08.887Z,19010609,XBTUSD,3794.5,760176,3795,492308,3794.75,3795
10211330,2019-01-06T09:02:09.341Z,19010609,XBTUSD,3794.5,760166,3795,490245,3794.75,3795
10211347,2019-01-06T09:02:10.234Z,19010609,XBTUSD,3794.5,760206,3795,427688,3794.75,3795
10211369,2019-01-06T09:02:11.912Z,19010609,XBTUSD,3794.5,734806,3795,478684,3794.75,3795
10211396,2019-01-06T09:02:13.579Z,19010609,XBTUSD,3794.5,734780,3795,478650,3794.75,3795
10211493,2019-01-06T09:02:20.621Z,19010609,XBTUSD,3794.5,680052,3795,444808,3794.75,3795
10211515,2019-01-06T09:02:21.252Z,19010609,XBTUSD,3794.5,750052,3795,449500,3794.75,3795
10210745,2019-01-06T09:01:45.883Z,19010609,XBTUSD,3794.5,1698223,3795,645980,3794.75,3795
10210749,2019-01-06T09:01:45.910Z,19010609,XBTUSD,3794.5,2113719,3795,645980,3794.75,3795
10210760,2019-01-06T09:01:45.979Z,19010609,XBTUSD,3794.5,2534748,3795,645980,3794.75,3795
10210770,2019-01-06T09:01:46.013Z,19010609,XBTUSD,3794.5,2623762,3795,650190,3794.75,3795
10210780,2019-01-06T09:01:46.085Z,19010609,XBTUSD,3794.5,2628667,3795,673100,3794.75,3795
10210789,2019-01-06T09:01:46.133Z,19010609,XBTUSD,3794.5,2141671,3795,673100,3794.75,3795
10210801,2019-01-06T09:01:46.170Z,19010609,XBTUSD,3794.5,1716678,3795,673101,3794.75,3795
10210804,2019-01-06T09:01:46.190Z,19010609,XBTUSD,3794.5,1736678,3795,679291,3794.75,3795
10210814,2019-01-06T09:01:46.216Z,19010609,XBTUSD,3794.5,1420056,3795,708459,3794.75,3795
10210824,2019-01-06T09:01:46.240Z,19010609,XBTUSD,3794.5,1096989,3795,721960,3794.75,3795
10210833,2019-01-06T09:01:46.283Z,19010609,XBTUSD,3794.5,1022567,3795,724232,3794.75,3795
10210844,2019-01-06T09:01:46.385Z,19010609,XBTUSD,3794.5,944600,3795,730136,3794.75,3795
10210851,2019-01-06T09:01:46.537Z,19010609,XBTUSD,3794.5,864598,3795,776006,3794.75,3795
10210862,2019-01-06T09:01:46.924Z,19010609,XBTUSD,3794.5,766193,3795,775696,3794.75,3795
10210893,2019-01-06T09:01:48.331Z,19010609,XBTUSD,3794.5,744508,3795,747715,3794.75,3795
10210912,2019-01-06T09:01:49.244Z,19010609,XBTUSD,3794.5,743513,3795,691711,3794.75,3795
10210921,2019-01-06T09:01:49.955Z,19010609,XBTUSD,3794.5,746619,3795,691728,3794.75,3795
10210948,2019-01-06T09:01:50.225Z,19010609,XBTUSD,3794.5,730640,3795,599628,3794.75,3795
10210957,2019-01-06T09:01:50.317Z,19010609,XBTUSD,3794.5,770163,3795,584469,3794.75,3795
10210972,2019-01-06T09:01:50.478Z,19010609,XBTUSD,3794.5,767345,3795,582405,3794.75,3795
10210983,2019-01-06T09:01:50.918Z,19010609,XBTUSD,3794.5,753383,3795,576890,3794.75,3795
10211009,2019-01-06T09:01:51.121Z,19010609,XBTUSD,3794.5,736854,3795,576890,3794.75,3795
10211022,2019-01-06T09:01:51.504Z,19010609,XBTUSD,3794.5,689296,3795,577151,3794.75,3795
10211040,2019-01-06T09:01:52.105Z,19010609,XBTUSD,3794.5,681167,3795,567174,3794.75,3795
10211050,2019-01-06T09:01:52.880Z,19010609,XBTUSD,3794.5,673644,3795,460718,3794.75,3795
10211070,2019-01-06T09:01:53.411Z,19010609,XBTUSD,3794.5,682360,3795,460720,3794.75,3795
