id,timestamp,hour,symbol,side,size,price,tickDirection,trdMatchID,volTime,tickTime
2892161,2019-01-06T09:00:09.206Z,19010609,XBTUSD,Sell,600,3793.5,MinusTick,eed18676-bfba-6433-58cf-e096ca0eddfe,600,1
2892186,2019-01-06T09:00:17.793Z,19010609,XBTUSD,Sell,500,3793.5,MinusTick,16f04342-8231-5915-9146-e2f6e9c0bc6e,1100,2
2892329,2019-01-06T09:01:42.698Z,19010609,XBTUSD,Buy,10141,3794,ZeroPlusTick,7bb8793a-6774-0e0c-dbbc-baf268061635,11241,3
2892338,2019-01-06T09:01:42.698Z,19010609,XBTUSD,Buy,512,3794,ZeroPlusTick,9cab3934-404a-02f5-22e3-47bb045b544a,11753,4
2892348,2019-01-06T09:01:42.698Z,19010609,XBTUSD,Buy,5000,3794,ZeroPlusTick,706bcdc8-db43-0fb8-f233-6c5f437a204b,16753,5
2892358,2019-01-06T09:01:42.698Z,19010609,XBTUSD,Buy,60,3794,ZeroPlusTick,010bc640-aac3-f810-25a4-429a4d9fa46e,16813,6
2892369,2019-01-06T09:01:42.698Z,19010609,XBTUSD,Buy,11,3794,ZeroPlusTick,d78e79cf-02b0-66b8-dbb3-df76c7467c99,16824,7
2892379,2019-01-06T09:01:42.698Z,19010609,XBTUSD,Buy,250,3794,ZeroPlusTick,f383fad5-b1da-01c3-8de1-1d042046e66d,17074,8
2892397,2019-01-06T09:01:45.744Z,19010609,XBTUSD,Buy,1350,3794,ZeroPlusTick,9816cca1-5dae-2545-44f1-7287232dc3d4,18424,9
2892157,2019-01-06T09:00:06.578Z,19010609,XBTUSD,Buy,24,3794,PlusTick,ecac517b-4f97-787f-2e12-c80def6bf06e,18448,10
2892164,2019-01-06T09:00:10.402Z,19010609,XBTUSD,Buy,10,3794,ZeroPlusTick,8e9d021e-e714-d6f2-76dd-b30a9d7e679c,18458,11
2892169,2019-01-06T09:00:11.676Z,19010609,XBTUSD,Buy,506,3794,ZeroPlusTick,553c8974-ad3c-5740-a254-6c954acf972d,18964,12
2892196,2019-01-06T09:00:21.114Z,19010609,XBTUSD,Buy,1000,3794,PlusTick,485be3dd-cc46-bb16-d200-deff12c1e0de,19964,13
2892205,2019-01-06T09:00:22.411Z,19010609,XBTUSD,Buy,5,3794,ZeroPlusTick,ae8f6a45-5782-199f-a6ac-6978ac7bd0cc,19969,14
2892223,2019-01-06T09:00:34.861Z,19010609,XBTUSD,Buy,100,3794,ZeroPlusTick,7db500fb-06ef-f223-b887-d96b26fb4860,20069,15
2892233,2019-01-06T09:00:44.185Z,19010609,XBTUSD,Buy,250,3794,ZeroPlusTick,ca68ea71-933d-c380-b88c-3dc0695aa771,20319,16
2892336,2019-01-06T09:01:42.698Z,19010609,XBTUSD,Buy,425,3794,ZeroPlusTick,e9e7a1a0-8137-28de-02de-04f9defbf5df,20744,17
2892339,2019-01-06T09:01:42.698Z,19010609,XBTUSD,Buy,124,3794,ZeroPlusTick,a2c71926-9fc7-2fda-8412-c402141878dd,20868,18
2892165,2019-01-06T09:00:10.402Z,19010609,XBTUSD,Buy,10,3794,ZeroPlusTick,e3bb481c-b6eb-c271-7aa0-86d8ddc2216f,20878,19
2892238,2019-01-06T09:00:49.013Z,19010609,XBTUSD,Buy,8,3794,ZeroPlusTick,6a92778f-0cca-653b-f693-5b7d5eb8d4bb,20886,20
2892318,2019-01-06T09:01:34.919Z,19010609,XBTUSD,Buy,20000,3794,ZeroPlusTick,6303f201-6255-562e-8e7b-5f62d3871ae3,40886,21
2892331,2019-01-06T09:01:42.698Z,19010609,XBTUSD,Buy,100,3794,ZeroPlusTick,6565abb8-9d90-034d-e93a-67ae8846b0a3,40986,22
2892345,2019-01-06T09:01:42.698Z,19010609,XBTUSD,Buy,5000,3794,ZeroPlusTick,9bda51bf-21ca-6b57-5a6c-cf76a4af375c,45986,23
2892354,2019-01-06T09:01:42.698Z,19010609,XBTUSD,Buy,30,3794,ZeroPlusTick,403ecebc-0cfe-95a0-d8bc-9e17465964ea,46016,24
2892366,2019-01-06T09:01:42.698Z,19010609,XBTUSD,Buy,2497,3794,ZeroPlusTick,70cd8cf0-2800-59a7-ed34-323b1b58e9c5,48513,25
2892377,2019-01-06T09:01:42.698Z,19010609,XBTUSD,Buy,11,3794,ZeroPlusTick,317fa9d1-883e-8231-6fdd-97e4dc9ddccd,48524,26
2892396,2019-01-06T09:01:45.744Z,19010609,XBTUSD,Buy,11,3794,ZeroPlusTick,f8c0c81b-c12f-d854-50e7-445c1d36c047,48535,27
2892401,2019-01-06T09:01:45.744Z,19010609,XBTUSD,Buy,11,3794,ZeroPlusTick,2c98f94f-f2aa-e030-6bc1-fd3863e257cb,48546,28
2892411,2019-01-06T09:01:45.744Z,19010609,XBTUSD,Buy,11,3794,ZeroPlusTick,0d24a101-8109-979d-3748-da93cc9d4f9d,48557,29
2892421,2019-01-06T09:01:45.744Z,19010609,XBTUSD,Buy,11,3794,ZeroPlusTick,928426d2-8b9b-00b5-d9c1-8bb388141d3a,48568,30
2892432,2019-01-06T09:01:45.744Z,19010609,XBTUSD,Buy,10000,3794,ZeroPlusTick,90881721-0420-ac01-c23e-37826bb18059,58568,31
2892441,2019-01-06T09:01:45.744Z,19010609,XBTUSD,Buy,619,3794,ZeroPlusTick,47980240-c515-f3d7-63d5-c666eac60701,59187,32
2892451,2019-01-06T09:01:45.744Z,19010609,XBTUSD,Buy,31,3794,ZeroPlusTick,a499e8b7-a105-fd5f-83f2-83167b9ce121,59218,33
2892458,2019-01-06T09:01:45.744Z,19010609,XBTUSD,Buy,5,3794.5,ZeroPlusTick,b593e729-4ac9-e029-b14b-834499445ae1,59223,34
2892471,2019-01-06T09:01:45.744Z,19010609,XBTUSD,Buy,614,3794.5,ZeroPlusTick,bc6e6b10-963f-1806-4a01-1b0997b483ef,59837,35
2892480,2019-01-06T09:01:45.744Z,19010609,XBTUSD,Buy,200,3794.5,ZeroPlusTick,62adac04-7114-0eda-ef78-60524d2a6144,60037,36
2892487,2019-01-06T09:01:45.744Z,19010609,XBTUSD,Buy,30,3794.5,ZeroPlusTick,2598a3f5-9ac5-16bd-e905-967816c53040,60067,37
2892497,2019-01-06T09:01:45.744Z,19010609,XBTUSD,Buy,11,3794.5,ZeroPlusTick,aadaf178-d3e5-952c-febf-565d7fb26cc1,60078,38
2892507,2019-01-06T09:01:45.744Z,19010609,XBTUSD,Buy,1000,3794.5,ZeroPlusTick,f513d5c4-a56b-faee-0bc7-92130053b1ad,61078,39
2892292,2019-01-06T09:01:16.986Z,19010609,XBTUSD,Sell,36,3793.5,MinusTick,b61cdecc-eafc-2b3e-020d-342317e266d3,61114,40
2892299,2019-01-06T09:01:23.780Z,19010609,XBTUSD,Sell,36,3793.5,ZeroMinusTick,eadccf70-1e38-1015-0dfa-33e379c1cceb,61150,41
2892334,2019-01-06T09:01:42.698Z,19010609,XBTUSD,Buy,1587,3794,ZeroPlusTick,d08e6465-58be-4648-b9b2-e83d17a4ed0c,62737,42
2892342,2019-01-06T09:01:42.698Z,19010609,XBTUSD,Buy,43,3794,ZeroPlusTick,52bc2f6a-f265-da85-593b-50c2d0fd51fe,62780,43
2892351,2019-01-06T09:01:42.698Z,19010609,XBTUSD,Buy,116,3794,ZeroPlusTick,cf1dfabf-b7f4-9bac-5f8b-de67e6ca6cdb,62896,44
2892360,2019-01-06T09:01:42.698Z,19010609,XBTUSD,Buy,56,3794,ZeroPlusTick,fdc6d001-937b-25c9-9706-3251217bf9de,62952,45
2892370,2019-01-06T09:01:42.698Z,19010609,XBTUSD,Buy,500,3794,ZeroPlusTick,96b9eaf6-5016-8e3c-f90b-8741f1d988f2,63452,46
2892382,2019-01-06T09:01:42.698Z,19010609,XBTUSD,Buy,30,3794,ZeroPlusTick,363a6174-0c04-ac5e-bd9b-32d62c5ae92f,63482,47
2892395,2019-01-06T09:01:45.744Z,19010609,XBTUSD,Buy,10000,3794,ZeroPlusTick,9db834ef-c5c1-5f68-449e-e6c5784236c6,73482,48
2892403,2019-01-06T09:01:45.744Z,19010609,XBTUSD,Buy,9929,3794,ZeroPlusTick,8ff0edb3-3858-3d9a-9223-84f8db212585,83411,49
2892415,2019-01-06T09:01:45.744Z,19010609,XBTUSD,Buy,5000,3794,ZeroPlusTick,a865a226-23e4-b709-dbf8-da0118e5e567,88411,50
2892424,2019-01-06T09:01:45.744Z,19010609,XBTUSD,Buy,100,3794,ZeroPlusTick,d07fd36f-c2f9-8d97-ba3b-e9b7b9ca0ed4,88511,51
2892435,2019-01-06T09:01:45.744Z,19010609,XBTUSD,Buy,619,3794,ZeroPlusTick,3e10b8d6-ee27-3eac-d692-8dfed771fe18,89130,52
2892453,2019-01-06T09:01:45.744Z,19010609,XBTUSD,Buy,1000,3794,ZeroPlusTick,013a4eec-6b69-c5fe-5e43-19d454def89d,90130,53
2892457,2019-01-06T09:01:45.744Z,19010609,XBTUSD,Buy,20,3794.5,ZeroPlusTick,5252eff1-8c5d-73c2-5c9a-a4f9717ef411,90150,54
2892472,2019-01-06T09:01:45.744Z,19010609,XBTUSD,Buy,10000,3794.5,ZeroPlusTick,8ab9ddf1-b9e8-c00a-c582-30f17bfbc0f2,100150,55
2892478,2019-01-06T09:01:45.744Z,19010609,XBTUSD,Buy,11,3794.5,ZeroPlusTick,2c820246-14f8-b6fb-0022-23c523e45819,100161,56
2892488,2019-01-06T09:01:45.744Z,19010609,XBTUSD,Buy,11,3794.5,ZeroPlusTick,7f9cb697-d1d7-dbbd-4bc2-6764b6745889,100172,57
2892500,2019-01-06T09:01:45.744Z,19010609,XBTUSD,Buy,125,3794.5,ZeroPlusTick,bac507d9-76cb-5d07-2e0f-92cf428a0947,100297,58
2892512,2019-01-06T09:01:45.744Z,19010609,XBTUSD,Buy,50,3794.5,ZeroPlusTick,35671429-21f3-3e49-a81c-9a0147277b71,100347,59
2892534,2019-01-06T09:01:49.191Z,19010609,XBTUSD,Buy,35,3795,ZeroPlusTick,c151bdb5-ed88-51ff-84ae-bdaedbc68b8b,100382,60
2892549,2019-01-06T09:01:50.225Z,19010609,XBTUSD,Buy,5000,3795,ZeroPlusTick,8aa15b78-167d-31bd-3e47-fd6cbb597e6e,105382,61
2892554,2019-01-06T09:01:50.225Z,19010609,XBTUSD,Buy,500,3795,ZeroPlusTick,63773afc-ea64-4b97-eaa5-0bccd7f0db35,105882,62
2892135,2019-01-06T09:00:04.734Z,19010609,XBTUSD,Sell,1000,3793.5,ZeroMinusTick,4ee77549-d9bc-6610-5799-46430ee9f600,106882,63
2892166,2019-01-06T09:00:10.402Z,19010609,XBTUSD,Buy,10000,3794,ZeroPlusTick,237fad9e-7582-a5a3-7be5-2f48447c9767,116882,64
2892190,2019-01-06T09:00:19.012Z,19010609,XBTUSD,Sell,152,3793.5,ZeroMinusTick,5707db17-5520-1d74-945a-5afd21cf69cb,117034,65
2892208,2019-01-06T09:00:24.535Z,19010609,XBTUSD,Buy,1800,3794,ZeroPlusTick,402c3338-2979-2a47-f71e-eeef7758c270,118834,66
2892328,2019-01-06T09:01:42.698Z,19010609,XBTUSD,Buy,13348,3794,ZeroPlusTick,db9c1151-e301-844e-05d4-dfa114a0c100,132182,67
2892340,2019-01-06T09:01:42.698Z,19010609,XBTUSD,Buy,510,3794,ZeroPlusTick,5603c757-7d95-8d6d-fae5-59702e634d62,132692,68
2892349,2019-01-06T09:01:42.698Z,19010609,XBTUSD,Buy,11,3794,ZeroPlusTick,3495f405-d4f9-75db-3a33-58d6be22e3e5,132703,69
2892359,2019-01-06T09:01:42.698Z,19010609,XBTUSD,Buy,11,3794,ZeroPlusTick,250348f8-5145-f193-2dd0-e7c9196f3313,132714,70
2892362,2019-01-06T09:01:42.698Z,19010609,XBTUSD,Buy,100,3794,ZeroPlusTick,8a4fa49c-1eaa-cca4-3873-08b039803e10,132814,71
2892372,2019-01-06T09:01:42.698Z,19010609,XBTUSD,Buy,30,3794,ZeroPlusTick,57c166f2-ee62-ec22-7a33-899b4c8de4ee,132844,72
2892381,2019-01-06T09:01:42.698Z,19010609,XBTUSD,Buy,6000,3794,ZeroPlusTick,f03372f9-2d12-ef74-540a-bdf23e377b21,138844,73
2892391,2019-01-06T09:01:45.744Z,19010609,XBTUSD,Buy,11,3794,ZeroPlusTick,23a6e1f2-bfad-a232-51b3-746d085f2441,138855,74
2892409,2019-01-06T09:01:45.744Z,19010609,XBTUSD,Buy,300,3794,ZeroPlusTick,d0654425-81b3-9b97-467a-98732d8bdd3e,139155,75
2892418,2019-01-06T09:01:45.744Z,19010609,XBTUSD,Buy,50,3794,ZeroPlusTick,6645905c-15ce-8b1f-9f37-3a544a14953d,139205,76
2892426,2019-01-06T09:01:45.744Z,19010609,XBTUSD,Buy,1,3794,ZeroPlusTick,c469e3c4-90c0-847d-0caa-342aa3a022d6,139206,77
2892436,2019-01-06T09:01:45.744Z,19010609,XBTUSD,Buy,619,3794,ZeroPlusTick,8485c6af-84f0-4f86-eb65-8ee97f5d01f7,139825,78
2892446,2019-01-06T09:01:45.744Z,19010609,XBTUSD,Buy,12,3794,ZeroPlusTick,c7232c65-96d5-c76f-b3cc-b1019924a780,139837,79
2892456,2019-01-06T09:01:45.744Z,19010609,XBTUSD,Buy,20,3794.5,ZeroPlusTick,5908cee9-d512-bbd4-db22-96f49ccb8629,139857,80
2892466,2019-01-06T09:01:45.744Z,19010609,XBTUSD,Buy,33,3794.5,ZeroPlusTick,427dbc79-0055-6325-67b2-474a8801367c,139890,81
2892473,2019-01-06T09:01:45.744Z,19010609,XBTUSD,Buy,58,3794.5,ZeroPlusTick,5a5ccd18-32bd-0505-fde4-0bed06f1576c,139948,82
2892220,2019-01-06T09:00:31.751Z,19010609,XBTUSD,Sell,600,3793.5,MinusTick,5a74f1e2-1910-4633-c5fd-bbe7fb2f9f58,140548,83
2892221,2019-01-06T09:00:31.850Z,19010609,XBTUSD,Sell,500,3793.5,ZeroMinusTick,011998cf-b154-462c-2ee4-d1fda2f9b2c3,141048,84
2892222,2019-01-06T09:00:31.947Z,19010609,XBTUSD,Buy,2,3794,PlusTick,66e6125a-5212-888a-e864-978488fd14a0,141050,85
2892243,2019-01-06T09:00:52.299Z,19010609,XBTUSD,Sell,25000,3793.5,MinusTick,47cae940-82c4-1921-2e2c-dfc75998227d,166050,86
2892317,2019-01-06T09:01:34.919Z,19010609,XBTUSD,Buy,20000,3794,ZeroPlusTick,505e01e7-0b98-b4c9-579f-237df2be2375,186050,87
2892333,2019-01-06T09:01:42.698Z,19010609,XBTUSD,Buy,2000,3794,ZeroPlusTick,aab91ed3-468a-a5b8-de8c-c4025adf8dca,188050,88
2892344,2019-01-06T09:01:42.698Z,19010609,XBTUSD,Buy,100,3794,ZeroPlusTick,e8e03a03-e6bf-2100-a519-5b9f4556658c,188150,89
2892355,2019-01-06T09:01:42.698Z,19010609,XBTUSD,Buy,10,3794,ZeroPlusTick,d42a31a5-537d-d5be-b3e7-8c725b7c1227,188160,90
2892364,2019-01-06T09:01:42.698Z,19010609,XBTUSD,Buy,11,3794,ZeroPlusTick,4ac8e321-7afe-74d9-2219-b183856c430e,188171,91
2892376,2019-01-06T09:01:42.698Z,19010609,XBTUSD,Buy,1000,3794,ZeroPlusTick,2b93824c-a9c9-7105-3b63-82f6d35b633e,189171,92
2892394,2019-01-06T09:01:45.744Z,19010609,XBTUSD,Buy,500,3794,ZeroPlusTick,ab0681e7-f502-e0bc-65ec-77fa5f7e5a15,189671,93
2892404,2019-01-06T09:01:45.744Z,19010609,XBTUSD,Buy,11,3794,ZeroPlusTick,35805df8-dc97-4079-f6bf-5a47956a5028,189682,94
2892419,2019-01-06T09:01:45.744Z,19010609,XBTUSD,Buy,25000,3794,ZeroPlusTick,67a2a041-c2ef-5d0d-3a25-2af0fabfc328,214682,95
2892425,2019-01-06T09:01:45.744Z,19010609,XBTUSD,Buy,11,3794,ZeroPlusTick,37007c41-de52-7b13-6f99-645272630116,214693,96
2892440,2019-01-06T09:01:45.744Z,19010609,XBTUSD,Buy,8766,3794,ZeroPlusTick,8097a34b-8d77-a711-ac13-2a58964e2fd3,223459,97
2892450,2019-01-06T09:01:45.744Z,19010609,XBTUSD,Buy,250,3794,ZeroPlusTick,33425778-3aa7-2281-4e30-d45a4e9accc9,223709,98
2892460,2019-01-06T09:01:45.744Z,19010609,XBTUSD,Buy,2,3794.5,ZeroPlusTick,ae377b9a-0100-5fa5-9b55-1b9b70225c2b,223711,99
2892470,2019-01-06T09:01:45.744Z,19010609,XBTUSD,Buy,700,3794.5,ZeroPlusTick,92705921-0e49-263f-4bc7-665980dd752e,224411,100
2892477,2019-01-06T09:01:45.744Z,19010609,XBTUSD,Buy,25,3794.5,ZeroPlusTick,09ff07a5-304f-1d01-0c25-fd2180f16641,224436,101
2892490,2019-01-06T09:01:45.744Z,19010609,XBTUSD,Buy,11,3794.5,ZeroPlusTick,5248b419-6c31-2a52-9d0d-ba61a33ca3e3,224447,102
2892502,2019-01-06T09:01:45.744Z,19010609,XBTUSD,Buy,11,3794.5,ZeroPlusTick,ff8721d9-9e61-0aef-bada-9525ef50f5c0,224458,103
2892516,2019-01-06T09:01:45.744Z,19010609,XBTUSD,Buy,3795,3794.5,ZeroPlusTick,0f6ebbc9-b083-bc15-3a65-e81b4ba26bfe,228253,104
2892530,2019-01-06T09:01:49.191Z,19010609,XBTUSD,Buy,125,3795,ZeroPlusTick,d49d143e-7e65-7129-b956-5eb2b0cbee1f,228378,105
2892548,2019-01-06T09:01:50.225Z,19010609,XBTUSD,Buy,1000,3795,ZeroPlusTick,35997a41-4076-0889-149e-37d9bafedb54,229378,106
2892553,2019-01-06T09:01:50.225Z,19010609,XBTUSD,Buy,100,3795,ZeroPlusTick,7963dcba-1a36-daa4-721f-d2a67c0e20e9,229478,107
2892167,2019-01-06T09:00:10.402Z,19010609,XBTUSD,Buy,9263,3794,ZeroPlusTick,47aca795-5162-ee8b-a10e-099951b3a023,238741,108
2892180,2019-01-06T09:00:15.353Z,19010609,XBTUSD,Buy,4,3794,PlusTick,60f31ccc-0186-57ad-2869-d27b4ef1ea4a,238745,109
2892234,2019-01-06T09:00:47.485Z,19010609,XBTUSD,Buy,99,3794,ZeroPlusTick,94b33657-3299-6d59-f2bc-e72eb361315f,238844,110
2892235,2019-01-06T09:00:47.494Z,19010609,XBTUSD,Buy,1,3794,ZeroPlusTick,358abb63-95be-5e59-8572-d0bfe85bb9de,238845,111
2892236,2019-01-06T09:00:47.534Z,19010609,XBTUSD,Buy,3000,3794,ZeroPlusTick,c20e7388-c3eb-7c23-fd02-d59ad15d6165,241845,112
2892316,2019-01-06T09:01:34.919Z,19010609,XBTUSD,Buy,12051,3794,PlusTick,8bbab628-9b56-7879-aca5-2f6989e5ccd8,253896,113
2892327,2019-01-06T09:01:42.698Z,19010609,XBTUSD,Buy,1761,3794,ZeroPlusTick,e0e7b154-7ad0-ab54-cfc1-e919f26354e0,255657,114
2892337,2019-01-06T09:01:42.698Z,19010609,XBTUSD,Buy,33,3794,ZeroPlusTick,59a6f537-fd96-d341-c08a-1ccf78059dd7,255690,115
2892347,2019-01-06T09:01:42.698Z,19010609,XBTUSD,Buy,11,3794,ZeroPlusTick,f980141c-2473-2bf2-acf6-79935f3d3c15,255701,116
2892356,2019-01-06T09:01:42.698Z,19010609,XBTUSD,Buy,28,3794,ZeroPlusTick,13fe0067-17ba-0a55-f8b6-34bb9c304c38,255729,117
2892365,2019-01-06T09:01:42.698Z,19010609,XBTUSD,Buy,10000,3794,ZeroPlusTick,774ec5d3-fe2c-d8b3-ed98-0dbb6ba4c86d,265729,118
2892374,2019-01-06T09:01:42.698Z,19010609,XBTUSD,Buy,11,3794,ZeroPlusTick,a1e5fd52-a0d1-15d4-1181-6dfbe33457e7,265740,119
2892384,2019-01-06T09:01:42.698Z,19010609,XBTUSD,Buy,5148,3794,ZeroPlusTick,6595ad27-2554-a522-9892-0f1c9c76b205,270888,120
2892399,2019-01-06T09:01:45.744Z,19010609,XBTUSD,Buy,1000,3794,ZeroPlusTick,e68ed858-1aa4-4206-5f8b-30e3c2b43732,271888,121
2892405,2019-01-06T09:01:45.744Z,19010609,XBTUSD,Buy,388,3794,ZeroPlusTick,494110b1-167a-4db6-ce3c-7679e8753c98,272276,122
2892420,2019-01-06T09:01:45.744Z,19010609,XBTUSD,Buy,11,3794,ZeroPlusTick,596475ef-8ae6-fb1d-afe2-070301f0c93e,272287,123
2892423,2019-01-06T09:01:45.744Z,19010609,XBTUSD,Buy,11,3794,ZeroPlusTick,b804bb93-e3e8-6b02-3bda-39816694be11,272298,124
2892433,2019-01-06T09:01:45.744Z,19010609,XBTUSD,Buy,619,3794,ZeroPlusTick,acc4f4fe-7aae-9004-2418-e26e2c93459d,272917,125
2892443,2019-01-06T09:01:45.744Z,19010609,XBTUSD,Buy,2065,3794,ZeroPlusTick,a17bb762-1eac-3db4-541f-b47486f18083,274982,126
2892445,2019-01-06T09:01:45.744Z,19010609,XBTUSD,Buy,120,3794,ZeroPlusTick,b9d9c6c5-61aa-48f0-1c00-187d8cdf6356,275102,127
2892455,2019-01-06T09:01:45.744Z,19010609,XBTUSD,Buy,42519,3794.5,PlusTick,520c7044-8d59-0299-728d-6d083878051b,317621,128
2892465,2019-01-06T09:01:45.744Z,19010609,XBTUSD,Buy,500,3794.5,ZeroPlusTick,4498173a-916c-8dc9-22bd-991b718473d3,318121,129
2892475,2019-01-06T09:01:45.744Z,19010609,XBTUSD,Buy,25,3794.5,ZeroPlusTick,9811f799-9c36-c965-95bd-4b268f0b2e1e,318146,130
2892483,2019-01-06T09:01:45.744Z,19010609,XBTUSD,Buy,500,3794.5,ZeroPlusTick,3f1c843b-bd28-6bdd-d270-7522d0b8e46e,318646,131
2892495,2019-01-06T09:01:45.744Z,19010609,XBTUSD,Buy,11,3794.5,ZeroPlusTick,6ed71d11-53a0-d371-1b07-326979c6b785,318657,132
2892162,2019-01-06T09:00:09.316Z,19010609,XBTUSD,Sell,684,3793.5,ZeroMinusTick,00224448-2ebf-3521-b65b-819762a1a4c6,319341,133
2892163,2019-01-06T09:00:10.402Z,19010609,XBTUSD,Buy,313,3794,PlusTick,2c1f98dd-bed9-bcc5-ef07-1c577e1007ea,319654,134
2892211,2019-01-06T09:00:26.257Z,19010609,XBTUSD,Sell,1000,3793.5,MinusTick,5a09f643-0ab3-4259-b1b1-68e27c1e018f,320654,135
2892212,2019-01-06T09:00:27.058Z,19010609,XBTUSD,Sell,1000,3793.5,ZeroMinusTick,d2815740-d636-4fbd-88ca-b2398f89cc34,321654,136
2892213,2019-01-06T09:00:27.803Z,19010609,XBTUSD,Buy,775,3794,PlusTick,42e95695-0704-eb11-416c-a1dd6b9b2481,322429,137
2892214,2019-01-06T09:00:27.847Z,19010609,XBTUSD,Buy,1000,3794,ZeroPlusTick,294f1123-f635-400e-9e36-08ec32545157,323429,138
2892227,2019-01-06T09:00:42.492Z,19010609,XBTUSD,Buy,102,3794,ZeroPlusTick,a19c1123-2822-1c1a-85c7-4489f1c09e9b,323531,139
2892289,2019-01-06T09:01:13.020Z,19010609,XBTUSD,Buy,2793,3794,ZeroPlusTick,bdfbfa51-7982-2252-f420-30fe16280470,326324,140
2892319,2019-01-06T09:01:34.919Z,19010609,XBTUSD,Buy,4000,3794,ZeroPlusTick,df4527fd-fef4-1a45-9016-78864ab033ce,330324,141
2892325,2019-01-06T09:01:40.267Z,19010609,XBTUSD,Buy,540,3794,PlusTick,083ad2fe-c572-0eb6-80cb-7c1b85b78f6c,330864,142
2892330,2019-01-06T09:01:42.698Z,19010609,XBTUSD,Buy,3,3794,ZeroPlusTick,5fa4f2ae-7259-34ff-c54c-034f21f431a8,330867,143
2892343,2019-01-06T09:01:42.698Z,19010609,XBTUSD,Buy,11,3794,ZeroPlusTick,4c41d54c-7675-d3e2-cf0a-e2e3f31aa517,330878,144
2892353,2019-01-06T09:01:42.698Z,19010609,XBTUSD,Buy,24000,3794,ZeroPlusTick,1d1439e3-1677-c1b0-6640-568f9524fb8d,354878,145
2892363,2019-01-06T09:01:42.698Z,19010609,XBTUSD,Buy,112,3794,ZeroPlusTick,75c7bbec-c775-dc51-f86e-c6d8d99d6377,354990,146
2892373,2019-01-06T09:01:42.698Z,19010609,XBTUSD,Buy,2000,3794,ZeroPlusTick,e3fd4093-be8f-02ec-1b25-e23feb21d4d8,356990,147
2892383,2019-01-06T09:01:42.698Z,19010609,XBTUSD,Buy,10000,3794,ZeroPlusTick,8660652f-a4e6-745b-c205-50ddf91766f9,366990,148
2892393,2019-01-06T09:01:45.744Z,19010609,XBTUSD,Buy,11,3794,ZeroPlusTick,6f65aa22-3d2e-ea2a-ec3c-884d739efd64,367001,149
2892408,2019-01-06T09:01:45.744Z,19010609,XBTUSD,Buy,11,3794,ZeroPlusTick,ef9ab888-abda-9fd2-fd41-56201f09161a,367012,150
2892412,2019-01-06T09:01:45.744Z,19010609,XBTUSD,Buy,11,3794,ZeroPlusTick,952bce48-e787-3b15-28ae-450ed38147b6,367023,151
2892422,2019-01-06T09:01:45.744Z,19010609,XBTUSD,Buy,100,3794,ZeroPlusTick,becf2d8b-03e5-3d86-fe9b-87ad46721868,367123,152
2892431,2019-01-06T09:01:45.744Z,19010609,XBTUSD,Buy,10000,3794,ZeroPlusTick,56f048c8-edbb-9bf0-12ca-8d503d458fe1,377123,153
2892442,2019-01-06T09:01:45.744Z,19010609,XBTUSD,Buy,619,3794,ZeroPlusTick,bb5fd995-1243-9586-ebfb-a457db0d2f7e,377742,154
2892452,2019-01-06T09:01:45.744Z,19010609,XBTUSD,Buy,22,3794,ZeroPlusTick,0bcbfc81-6aa0-7823-e454-8b554f0b055a,377764,155
2892464,2019-01-06T09:01:45.744Z,19010609,XBTUSD,Buy,510,3794.5,ZeroPlusTick,7c10d358-f62c-2b53-6755-be7e89e6d80a,378274,156
2892476,2019-01-06T09:01:45.744Z,19010609,XBTUSD,Buy,11,3794.5,ZeroPlusTick,c2ea7856-cc6b-3e08-3ab8-3572bb8b63ac,378285,157
2892485,2019-01-06T09:01:45.744Z,19010609,XBTUSD,Buy,11,3794.5,ZeroPlusTick,38cc9d39-1f5c-9241-c77b-62257d312f9a,378296,158
2892496,2019-01-06T09:01:45.744Z,19010609,XBTUSD,Buy,1000,3794.5,ZeroPlusTick,c31d6603-73d5-4410-1c2e-cfed604b1303,379296,159
2892504,2019-01-06T09:01:45.744Z,19010609,XBTUSD,Buy,11,3794.5,ZeroPlusTick,eb55ce9b-aa29-5e3d-b998-7263415b600c,379307,160
2892513,2019-01-06T09:01:45.744Z,19010609,XBTUSD,Buy,3000,3794.5,ZeroPlusTick,0fb85abc-79a9-ed20-5d3e-753b9c199045,382307,161
2892536,2019-01-06T09:01:49.191Z,19010609,XBTUSD,Buy,2740,3795,ZeroPlusTick,22589025-86eb-af9a-1456-f7f6f09e9092,385047,162
2892545,2019-01-06T09:01:50.225Z,19010609,XBTUSD,Buy,2000,3795,ZeroPlusTick,563a53aa-44ea-1cdf-45dd-90a2e743eb2a,387047,163
2892556,2019-01-06T09:01:50.225Z,19010609,XBTUSD,Sell,14000,3794.5,MinusTick,8fa86911-56f5-5366-2b5d-ddb1d2225d7d,401047,164
2892558,2019-01-06T09:01:50.272Z,19010609,XBTUSD,Buy,250,3795,ZeroPlusTick,8daf924b-7f76-4f65-e7f1-0828bbe26e24,401297,165
2892559,2019-01-06T09:01:50.272Z,19010609,XBTUSD,Buy,500,3795,ZeroPlusTick,1f7d3210-0eba-7e11-bd1a-d1152a3c978c,401797,166
2892174,2019-01-06T09:00:13.511Z,19010609,XBTUSD,Sell,193,3793.5,MinusTick,beeaa2ce-3d71-a66d-8951-a6cdea0ff0f6,401990,167
2892229,2019-01-06T09:00:43.093Z,19010609,XBTUSD,Buy,1518,3794,ZeroPlusTick,f425c759-43c0-3d4b-5c71-aa5e8ec92b9e,403508,168
2892320,2019-01-06T09:01:34.919Z,19010609,XBTUSD,Buy,11250,3794,ZeroPlusTick,5259c58e-0b86-1ed3-f8fd-d7c75052465e,414758,169
2892335,2019-01-06T09:01:42.698Z,19010609,XBTUSD,Buy,78,3794,ZeroPlusTick,46c221c0-f106-d364-ac46-ec76a81facbf,414836,170
2892341,2019-01-06T09:01:42.698Z,19010609,XBTUSD,Buy,3,3794,ZeroPlusTick,8ad1f5e0-5d52-f04b-9d64-56a4af751cf2,414839,171
2892357,2019-01-06T09:01:42.698Z,19010609,XBTUSD,Buy,30,3794,ZeroPlusTick,be3d5670-e557-7ef7-8526-0ca2b47f88c2,414869,172
2892368,2019-01-06T09:01:42.698Z,19010609,XBTUSD,Buy,214,3794,ZeroPlusTick,03ac2f1e-3bcf-faee-ae13-90b54bf3defe,415083,173
2892375,2019-01-06T09:01:42.698Z,19010609,XBTUSD,Buy,1,3794,ZeroPlusTick,63bc8360-76ff-3bc8-9d4c-a4863a2537ea,415084,174
2892398,2019-01-06T09:01:45.744Z,19010609,XBTUSD,Buy,3000,3794,ZeroPlusTick,34ef6240-a504-3700-43d3-e12a36586826,418084,175
2892402,2019-01-06T09:01:45.744Z,19010609,XBTUSD,Buy,12,3794,ZeroPlusTick,0f06d476-de3c-a86f-0abb-f08ed73f6cdf,418096,176
2892416,2019-01-06T09:01:45.744Z,19010609,XBTUSD,Buy,11,3794,ZeroPlusTick,d96bf86d-bc48-53d5-5f40-136daa2b21e5,418107,177
2892427,2019-01-06T09:01:45.744Z,19010609,XBTUSD,Buy,1000,3794,ZeroPlusTick,a4f3c00b-5e27-8b4a-4b44-a4c940e4501e,419107,178
2892437,2019-01-06T09:01:45.744Z,19010609,XBTUSD,Buy,619,3794,ZeroPlusTick,ae0d2863-0ef4-beb6-211c-dd0b5813bb94,419726,179
2892448,2019-01-06T09:01:45.744Z,19010609,XBTUSD,Buy,510,3794,ZeroPlusTick,02d845b9-3f23-910e-0479-fcf1eef29308,420236,180
2892461,2019-01-06T09:01:45.744Z,19010609,XBTUSD,Buy,271,3794.5,ZeroPlusTick,837a3be0-6524-a840-361f-6583df8ee6d8,420507,181
2892468,2019-01-06T09:01:45.744Z,19010609,XBTUSD,Buy,100,3794.5,ZeroPlusTick,c65c702a-7a50-8ed1-9b9b-2eeb8a1813cc,420607,182
2892479,2019-01-06T09:01:45.744Z,19010609,XBTUSD,Buy,11,3794.5,ZeroPlusTick,46e64d54-8858-e1f1-bf19-d6f4015e3754,420618,183
2892492,2019-01-06T09:01:45.744Z,19010609,XBTUSD,Buy,103,3794.5,ZeroPlusTick,57bf05a9-fbbf-e742-fdd4-17c0caf12cdf,420721,184
2892503,2019-01-06T09:01:45.744Z,19010609,XBTUSD,Buy,11,3794.5,ZeroPlusTick,c3e0b009-2aa5-0966-db56-28efcd33f6d0,420732,185
2892511,2019-01-06T09:01:45.744Z,19010609,XBTUSD,Buy,100,3794.5,ZeroPlusTick,b99aa148-eefe-d18e-dee8-b14c64bf2955,420832,186
2892520,2019-01-06T09:01:45.789Z,19010609,XBTUSD,Sell,630,3794.5,ZeroPlusTick,4eeb64f1-5904-0a5f-71f2-452381aaea7c,421462,187
2892529,2019-01-06T09:01:49.191Z,19010609,XBTUSD,Buy,11,3795,ZeroPlusTick,41d31e84-8cca-4e4f-c5cd-85b1316349cc,421473,188
2892539,2019-01-06T09:01:50.225Z,19010609,XBTUSD,Buy,100,3795,ZeroPlusTick,4eb3a282-3f8d-c7c2-ef8e-4f1d7b2b47e3,421573,189
2892540,2019-01-06T09:01:50.225Z,19010609,XBTUSD,Buy,160,3795,ZeroPlusTick,601edb88-c3f3-ab67-4787-560223f3c18f,421733,190
2892542,2019-01-06T09:01:50.225Z,19010609,XBTUSD,Buy,2160,3795,ZeroPlusTick,9d3f6488-7803-1651-f9f6-f6eec344a390,423893,191
2892552,2019-01-06T09:01:50.225Z,19010609,XBTUSD,Buy,100,3795,ZeroPlusTick,abacd574-efbf-330e-1c84-d3c477258d72,423993,192
2892575,2019-01-06T09:01:55.750Z,19010609,XBTUSD,Buy,1000,3795,ZeroPlusTick,e1d8f51f-a451-0103-d196-70ddbc5da1d4,424993,193
2892664,2019-01-06T09:02:09.724Z,19010609,XBTUSD,Buy,15700,3795,ZeroPlusTick,682280b2-f56c-c3ba-0314-acaedd30e6cd,440693,194
2892287,2019-01-06T09:01:10.785Z,19010609,XBTUSD,Buy,60,3794,PlusTick,3996962b-7b88-9654-b271-1c2a1c593335,440753,195
2892288,2019-01-06T09:01:13.020Z,19010609,XBTUSD,Buy,1507,3794,ZeroPlusTick,920ae26c-5947-22e6-b7a4-5dc1c896f620,442260,196
2892321,2019-01-06T09:01:34.919Z,19010609,XBTUSD,Buy,2699,3794,ZeroPlusTick,c1de717b-eb78-8766-9e48-014396063f45,444959,197
2892323,2019-01-06T09:01:38.745Z,19010609,XBTUSD,Sell,50,3793.5,MinusTick,c319ca8a-6061-33ff-13b5-35aaaee2b22f,445009,198
2892324,2019-01-06T09:01:39.769Z,19010609,XBTUSD,Sell,92,3793.5,ZeroMinusTick,ce5273d5-8237-5d79-5efb-8d8f9e504b75,445101,199
2892332,2019-01-06T09:01:42.698Z,19010609,XBTUSD,Buy,120,3794,ZeroPlusTick,ae4a9185-bffd-cfb4-329a-3fe45121d573,445221,200
2892346,2019-01-06T09:01:42.698Z,19010609,XBTUSD,Buy,15000,3794,ZeroPlusTick,02d99405-dd8c-b9bd-aaae-06e4d0377b51,460221,201
2892350,2019-01-06T09:01:42.698Z,19010609,XBTUSD,Buy,49,3794,ZeroPlusTick,72dd0473-2a69-52ee-f295-832082242b8c,460270,202
2892361,2019-01-06T09:01:42.698Z,19010609,XBTUSD,Buy,11,3794,ZeroPlusTick,1f82eeb1-8145-6558-0d22-cc7527458942,460281,203
2892371,2019-01-06T09:01:42.698Z,19010609,XBTUSD,Buy,1000,3794,ZeroPlusTick,9904be1e-ac81-be04-038f-46e38da6629a,461281,204
2892380,2019-01-06T09:01:42.698Z,19010609,XBTUSD,Buy,11,3794,ZeroPlusTick,f3e7a875-3201-e6ff-554b-b497e4c82e09,461292,205
2892388,2019-01-06T09:01:45.334Z,19010609,XBTUSD,Buy,1,3794,ZeroPlusTick,c5472797-5263-8077-5689-c458278acdeb,461293,206
2892390,2019-01-06T09:01:45.744Z,19010609,XBTUSD,Buy,4751,3794,ZeroPlusTick,4c7e275d-c17a-2796-0045-8bbab7b1b607,466044,207
2892400,2019-01-06T09:01:45.744Z,19010609,XBTUSD,Buy,11,3794,ZeroPlusTick,e7aeb708-d503-639f-9aa0-85142d4d7694,466055,208
2892410,2019-01-06T09:01:45.744Z,19010609,XBTUSD,Buy,11,3794,ZeroPlusTick,a5edda59-c987-e09d-15a6-8ff3dbc9b5ae,466066,209
2892414,2019-01-06T09:01:45.744Z,19010609,XBTUSD,Buy,11,3794,ZeroPlusTick,0a5700cf-cdff-ba47-f715-0f8072ad9d1e,466077,210
2892430,2019-01-06T09:01:45.744Z,19010609,XBTUSD,Buy,1950,3794,ZeroPlusTick,f489dc06-05f7-55ce-73b5-bb74c8691785,468027,211
2892439,2019-01-06T09:01:45.744Z,19010609,XBTUSD,Buy,2065,3794,ZeroPlusTick,020f88e8-2a4d-26e2-3f9d-c1a4e172bba2,470092,212
2892447,2019-01-06T09:01:45.744Z,19010609,XBTUSD,Buy,43,3794,ZeroPlusTick,097e73b5-dde2-bd64-ad75-e0075f52b473,470135,213
2892463,2019-01-06T09:01:45.744Z,19010609,XBTUSD,Buy,25,3794.5,ZeroPlusTick,4e206687-52a1-07e9-7fde-3fd0fe6d4a5d,470160,214
2892474,2019-01-06T09:01:45.744Z,19010609,XBTUSD,Buy,11,3794.5,ZeroPlusTick,c43466e5-7357-f3b3-6ed4-1200648ee58c,470171,215
2892484,2019-01-06T09:01:45.744Z,19010609,XBTUSD,Buy,5000,3794.5,ZeroPlusTick,fcbff4ce-8219-a160-5bb9-c7a671d5218e,475171,216
2892494,2019-01-06T09:01:45.744Z,19010609,XBTUSD,Buy,5000,3794.5,ZeroPlusTick,0653faaa-4ccf-a5ce-8da6-1ff2ffd24833,480171,217
2892501,2019-01-06T09:01:45.744Z,19010609,XBTUSD,Buy,20,3794.5,ZeroPlusTick,cb44c8a7-6927-1a79-b519-4faa6391b78e,480191,218
2892509,2019-01-06T09:01:45.744Z,19010609,XBTUSD,Buy,4500,3794.5,ZeroPlusTick,5f7331db-6734-857a-e0a9-328c64649fe5,484691,219
2892519,2019-01-06T09:01:45.744Z,19010609,XBTUSD,Buy,625,3794.5,ZeroPlusTick,3278b079-ed51-b45e-1389-795c701e0d33,485316,220
2892527,2019-01-06T09:01:49.191Z,19010609,XBTUSD,Buy,700,3795,PlusTick,e640ffcf-c564-feeb-636d-82209d5c72fa,486016,221
2892550,2019-01-06T09:01:50.225Z,19010609,XBTUSD,Buy,1000,3795,ZeroPlusTick,0140296f-f55e-25e6-24bc-e17354bd1c99,487016,222
2892684,2019-01-06T09:02:19.321Z,19010609,XBTUSD,Buy,100,3795,ZeroPlusTick,7019b8d7-4b97-4367-6cd0-2b844dd3e39f,487116,223
2892712,2019-01-06T09:02:29.207Z,19010609,XBTUSD,Sell,250,3794.5,ZeroMinusTick,bbb4d958-129f-b0e3-43d3-4e95a0826e9d,487366,224
2892352,2019-01-06T09:01:42.698Z,19010609,XBTUSD,Buy,700,3794,ZeroPlusTick,2772e3f9-ea8d-e1a9-7a74-3fca1ae9abc3,488066,225
2892367,2019-01-06T09:01:42.698Z,19010609,XBTUSD,Buy,11,3794,ZeroPlusTick,f9f8f55d-02fc-21c9-0191-894387dba634,488077,226
2892378,2019-01-06T09:01:42.698Z,19010609,XBTUSD,Buy,30,3794,ZeroPlusTick,91b92eb0-abce-fe96-678a-9031f3a23da9,488107,227
2892392,2019-01-06T09:01:45.744Z,19010609,XBTUSD,Buy,10000,3794,ZeroPlusTick,c0138235-1ac6-1137-8c09-2844297a7893,498107,228
2892407,2019-01-06T09:01:45.744Z,19010609,XBTUSD,Buy,11,3794,ZeroPlusTick,70f89d8a-804d-779f-3c7c-00a60950f46f,498118,229
2892417,2019-01-06T09:01:45.744Z,19010609,XBTUSD,Buy,100,3794,ZeroPlusTick,ce3210c8-5e40-d08f-54df-2b6dedd3c347,498218,230
2892429,2019-01-06T09:01:45.744Z,19010609,XBTUSD,Buy,25,3794,ZeroPlusTick,6195cc0a-f54d-468a-9783-cd1c997e156e,498243,231
2892438,2019-01-06T09:01:45.744Z,19010609,XBTUSD,Buy,619,3794,ZeroPlusTick,3a236437-70e3-ea4b-acbc-39e2373c3304,498862,232
2892449,2019-01-06T09:01:45.744Z,19010609,XBTUSD,Buy,33,3794,ZeroPlusTick,9c1fccbc-79cb-8234-7eb4-d2134213c15e,498895,233
2892459,2019-01-06T09:01:45.744Z,19010609,XBTUSD,Buy,10,3794.5,ZeroPlusTick,9a5a8f34-f77e-c67d-1250-dc137f142f2c,498905,234
2892469,2019-01-06T09:01:45.744Z,19010609,XBTUSD,Buy,10,3794.5,ZeroPlusTick,dd9175e8-cd09-1b9b-2046-3451b1acd3e5,498915,235
2892481,2019-01-06T09:01:45.744Z,19010609,XBTUSD,Buy,11,3794.5,ZeroPlusTick,476741ca-cebb-3bab-bd20-4adda51cf1c3,498926,236
2892489,2019-01-06T09:01:45.744Z,19010609,XBTUSD,Buy,30,3794.5,ZeroPlusTick,3d72bb0d-1e81-2d1f-c0ac-3421769feaef,498956,237
2892505,2019-01-06T09:01:45.744Z,19010609,XBTUSD,Buy,5000,3794.5,ZeroPlusTick,4274794b-b079-9c0b-ee46-8fadcc5f33a6,503956,238
2892514,2019-01-06T09:01:45.744Z,19010609,XBTUSD,Buy,1787,3794.5,ZeroPlusTick,e1b99aa9-58a3-6757-8d4e-eb28ed46b129,505743,239
2892533,2019-01-06T09:01:49.191Z,19010609,XBTUSD,Buy,200,3795,ZeroPlusTick,38209d6f-3183-7b83-296e-695cd8c63c41,505943,240
2892544,2019-01-06T09:01:50.225Z,19010609,XBTUSD,Buy,70,3795,ZeroPlusTick,e66d0d40-8280-84b6-cfd2-4540fb9d4293,506013,241
2892570,2019-01-06T09:01:53.614Z,19010609,XBTUSD,Buy,1491,3795,ZeroPlusTick,a9d5f04e-8919-dcef-7fab-c34db358491c,507504,242
2892571,2019-01-06T09:01:54.069Z,19010609,XBTUSD,Buy,60000,3795,ZeroPlusTick,53c4ae04-f72f-f8f7-1cbd-5b37eccd3470,567504,243
2892586,2019-01-06T09:01:57.356Z,19010609,XBTUSD,Buy,20000,3795,ZeroPlusTick,4b3f8818-b482-8bbb-a221-d92986f2cca3,587504,244
2892675,2019-01-06T09:02:14.822Z,19010609,XBTUSD,Sell,1000,3794.5,MinusTick,430623b2-ff71-bc50-685b-9941cf1f4c25,588504,245
2892688,2019-01-06T09:02:19.321Z,19010609,XBTUSD,Buy,200,3795,ZeroPlusTick,1abd9b97-3a79-8778-10f2-e4b44b2681b5,588704,246
2892692,2019-01-06T09:02:20.314Z,19010609,XBTUSD,Buy,6366,3795,ZeroPlusTick,27645f02-68f8-95dd-012c-73b38a4a29c7,595070,247
2892716,2019-01-06T09:02:35.969Z,19010609,XBTUSD,Buy,4500,3795,PlusTick,b68ebc95-48a0-7a6a-b2ed-81a0a51ff9a0,599570,248
2892749,2019-01-06T09:02:52.558Z,19010609,XBTUSD,Buy,150,3795,PlusTick,b6d43679-765a-cc96-4cc3-0cde98e8fc27,599720,249
2892843,2019-01-06T09:03:22.681Z,19010609,XBTUSD,Buy,1000,3795,ZeroPlusTick,cba761d3-9111-8167-6651-267bb358f91c,600720,250
2892845,2019-01-06T09:03:22.681Z,19010609,XBTUSD,Buy,510,3795,ZeroPlusTick,2bb77550-ff21-4ff7-ff8b-c90c0683f3d9,601230,251
2892855,2019-01-06T09:03:22.681Z,19010609,XBTUSD,Buy,25,3795,ZeroPlusTick,ca903420-bdb6-1eba-d4f0-7848706c35a2,601255,252
2892865,2019-01-06T09:03:22.681Z,19010609,XBTUSD,Buy,5000,3795,ZeroPlusTick,08ddca76-7077-b1a9-b52f-9b6c5e874c1b,606255,253
2892867,2019-01-06T09:03:22.681Z,19010609,XBTUSD,Buy,49,3795,ZeroPlusTick,5a5c12a6-3fab-7f73-0dd7-c52c18f1f46d,606304,254
2892406,2019-01-06T09:01:45.744Z,19010609,XBTUSD,Buy,11,3794,ZeroPlusTick,33592075-52f2-0060-1f3e-12a23e2689cf,606315,255
2892413,2019-01-06T09:01:45.744Z,19010609,XBTUSD,Buy,11,3794,ZeroPlusTick,c5732bbb-382f-755b-4c31-92bcb83c79ab,606326,256
2892428,2019-01-06T09:01:45.744Z,19010609,XBTUSD,Buy,500,3794,ZeroPlusTick,c1e68fe0-0021-c09b-618f-6c60605d28a4,606826,257
2892434,2019-01-06T09:01:45.744Z,19010609,XBTUSD,Buy,619,3794,ZeroPlusTick,610cd98f-bc8c-b868-2666-9dc48776772f,607445,258
2892444,2019-01-06T09:01:45.744Z,19010609,XBTUSD,Buy,2065,3794,ZeroPlusTick,7a265531-76a4-0b56-71b3-57967b2638ca,609510,259
2892454,2019-01-06T09:01:45.744Z,19010609,XBTUSD,Buy,1000,3794,ZeroPlusTick,c0845dc2-1039-4161-7659-4de18c4871ef,610510,260
2892462,2019-01-06T09:01:45.744Z,19010609,XBTUSD,Buy,4,3794.5,ZeroPlusTick,42a874a0-ddc7-ee89-4611-21cdc5c05700,610514,261
2892467,2019-01-06T09:01:45.744Z,19010609,XBTUSD,Buy,1587,3794.5,ZeroPlusTick,80db0c7c-6b98-fde6-b91f-be53ada93bbb,612101,262
2892482,2019-01-06T09:01:45.744Z,19010609,XBTUSD,Buy,30,3794.5,ZeroPlusTick,8e1aad6a-3e28-7d7f-ab8e-72d67d62ac5c,612131,263
2892491,2019-01-06T09:01:45.744Z,19010609,XBTUSD,Buy,10,3794.5,ZeroPlusTick,ad88fb44-b714-5cfb-baa8-a5ffd09b7738,612141,264
2892506,2019-01-06T09:01:45.744Z,19010609,XBTUSD,Buy,90,3794.5,ZeroPlusTick,3bcbd23c-bfbe-e36f-810d-6ab6b4b297b0,612231,265
2892510,2019-01-06T09:01:45.744Z,19010609,XBTUSD,Buy,100,3794.5,ZeroPlusTick,e8e54ced-1264-b395-c570-479c0c37915d,612331,266
2892535,2019-01-06T09:01:49.191Z,19010609,XBTUSD,Buy,50,3795,ZeroPlusTick,5e3695ce-fee7-d4d9-4e02-7c0c184cbd59,612381,267
2892543,2019-01-06T09:01:50.225Z,19010609,XBTUSD,Buy,12,3795,ZeroPlusTick,c512a789-73ce-16b7-17fb-acc5e3f9d33a,612393,268
2892555,2019-01-06T09:01:50.225Z,19010609,XBTUSD,Buy,64759,3795,ZeroPlusTick,c13aedb9-7664-96b0-03b9-673687bedca3,677152,269
2892689,2019-01-06T09:02:19.321Z,19010609,XBTUSD,Buy,4000,3795,ZeroPlusTick,ecbbf367-444c-0eb9-dda0-610102c82d89,681152,270
2892718,2019-01-06T09:02:36.526Z,19010609,XBTUSD,Buy,43,3795,ZeroPlusTick,306ddd79-f851-f7af-7d8b-0d6193db9881,681195,271
2892833,2019-01-06T09:03:21.909Z,19010609,XBTUSD,Buy,39,3795,ZeroPlusTick,95c7c088-d456-2a79-1151-5e9f2913e781,681234,272
2892836,2019-01-06T09:03:22.681Z,19010609,XBTUSD,Buy,20,3795,ZeroPlusTick,6a8d0b44-2954-2a26-a7a9-9c6d4dc583ca,681254,273
2892848,2019-01-06T09:03:22.681Z,19010609,XBTUSD,Buy,300,3795,ZeroPlusTick,7bca3ac0-0d11-95a8-ad19-8c61bf588521,681554,274
2892857,2019-01-06T09:03:22.681Z,19010609,XBTUSD,Buy,198,3795,ZeroPlusTick,909e1813-9e29-5176-ed60-fe217e23ec13,681752,275
2892882,2019-01-06T09:03:25.272Z,19010609,XBTUSD,Sell,22,3794.5,MinusTick,c2bb9742-3ee7-1c78-f16a-0c29d390add9,681774,276
2892883,2019-01-06T09:03:25.288Z,19010609,XBTUSD,Buy,4213,3795,PlusTick,57afea89-9cd7-887c-e838-94e1b873f30b,685987,277
2892929,2019-01-06T09:03:33.767Z,19010609,XBTUSD,Buy,120,3795,ZeroPlusTick,3693488d-87cb-70c8-9eac-a285465d8360,686107,278
2892939,2019-01-06T09:03:33.767Z,19010609,XBTUSD,Buy,11,3795,ZeroPlusTick,a6ad9146-d4a9-30e7-f139-7efaf52f1720,686118,279
2892486,2019-01-06T09:01:45.744Z,19010609,XBTUSD,Buy,1500,3794.5,ZeroPlusTick,0fc75dc2-475c-1e5f-dc76-f2501866ea88,687618,280
2892493,2019-01-06T09:01:45.744Z,19010609,XBTUSD,Buy,11,3794.5,ZeroPlusTick,9f0567b5-197e-23d5-5b3f-af8112d10219,687629,281
2892499,2019-01-06T09:01:45.744Z,19010609,XBTUSD,Buy,11,3794.5,ZeroPlusTick,e40c75f2-8d9f-f287-9a6d-076bf2878f22,687640,282
2892515,2019-01-06T09:01:45.744Z,19010609,XBTUSD,Buy,13286,3794.5,ZeroPlusTick,a30daec0-6be8-e2fe-2ee7-62173512fa46,700926,283
2892532,2019-01-06T09:01:49.191Z,19010609,XBTUSD,Buy,100,3795,ZeroPlusTick,3cb34823-7c76-4b61-fa1f-aa2bab7a9cbf,701026,284
2892541,2019-01-06T09:01:50.225Z,19010609,XBTUSD,Buy,840,3795,ZeroPlusTick,17b27a87-f733-2182-1af8-f53b65b2e5b0,701866,285
2892551,2019-01-06T09:01:50.225Z,19010609,XBTUSD,Buy,13000,3795,ZeroPlusTick,ec55dacd-c095-c864-9963-274af11ed992,714866,286
2892557,2019-01-06T09:01:50.225Z,19010609,XBTUSD,Buy,1000,3795,PlusTick,3c9dbbf6-a695-449e-0f53-12b5ca37a9bd,715866,287
2892560,2019-01-06T09:01:50.272Z,19010609,XBTUSD,Buy,14409,3795,ZeroPlusTick,e57ce964-99bb-28ce-1d98-544796aabff5,730275,288
2892685,2019-01-06T09:02:19.321Z,19010609,XBTUSD,Buy,100,3795,ZeroPlusTick,4e4fa98e-6956-82ed-98cc-cbda3b973d73,730375,289
2892707,2019-01-06T09:02:26.722Z,19010609,XBTUSD,Buy,20,3795,ZeroPlusTick,c2f4827c-15b2-8e53-c9a7-7a6bb9952ce4,730395,290
2892708,2019-01-06T09:02:26.736Z,19010609,XBTUSD,Buy,540,3795,ZeroPlusTick,9f824819-5a4f-9911-008c-0456cbd59191,730935,291
2892735,2019-01-06T09:02:39.290Z,19010609,XBTUSD,Buy,670,3795,ZeroPlusTick,3ba974a7-4738-075d-ab2e-5576e566578d,731605,292
2892736,2019-01-06T09:02:40.264Z,19010609,XBTUSD,Buy,100000,3795,ZeroPlusTick,a9f8690f-b4f9-cde8-8b84-c6d405b28828,831605,293
2892737,2019-01-06T09:02:40.877Z,19010609,XBTUSD,Sell,900,3794.5,MinusTick,84b6a69a-1539-b536-b1c6-7a97fd8ce6df,832505,294
2892738,2019-01-06T09:02:41.348Z,19010609,XBTUSD,Buy,1000,3795,PlusTick,27601a56-85c8-3c09-f821-2eba93a41342,833505,295
2892739,2019-01-06T09:02:41.893Z,19010609,XBTUSD,Buy,5000,3795,ZeroPlusTick,c7800bd2-4cda-9880-1e23-d4b455697eb3,838505,296
2892758,2019-01-06T09:02:57.103Z,19010609,XBTUSD,Buy,1300,3795,ZeroPlusTick,ffaa57e3-a766-c199-27ed-672061e2fb90,839805,297
2892840,2019-01-06T09:03:22.681Z,19010609,XBTUSD,Buy,1500,3795,ZeroPlusTick,911567a0-b16e-fa1d-3c03-064627895f29,841305,298
2892850,2019-01-06T09:03:22.681Z,19010609,XBTUSD,Buy,1500,3795,ZeroPlusTick,48af0af8-f5ba-cd9d-b49a-009599c30476,842805,299
2892858,2019-01-06T09:03:22.681Z,19010609,XBTUSD,Buy,5000,3795,ZeroPlusTick,ffa5f9fe-6fa3-5daf-479a-f9cc13cd0d85,847805,300
2892914,2019-01-06T09:03:27.966Z,19010609,XBTUSD,Buy,3500,3795,ZeroPlusTick,d40fa585-4127-40dd-a90e-a30a98d5aa89,851305,301
2892932,2019-01-06T09:03:33.767Z,19010609,XBTUSD,Buy,43,3795,ZeroPlusTick,e96a5bb8-705b-f2d7-5d50-401a2da4113e,851348,302
2893044,2019-01-06T09:03:45.204Z,19010609,XBTUSD,Buy,1,3795,ZeroPlusTick,16347281-2589-1079-de07-95f00b4f67c1,851349,303
2893057,2019-01-06T09:03:45.204Z,19010609,XBTUSD,Buy,10000,3795,ZeroPlusTick,0eb58091-b285-c9d4-5aa5-84a8d86c2cd6,861349,304
2893066,2019-01-06T09:03:45.204Z,19010609,XBTUSD,Buy,11,3795,ZeroPlusTick,cd2b79d5-0003-7110-08fc-c5c652f31360,861360,305
2892498,2019-01-06T09:01:45.744Z,19010609,XBTUSD,Buy,28,3794.5,ZeroPlusTick,6bb6f249-7674-5ee1-fada-44791cea057c,861388,306
2892508,2019-01-06T09:01:45.744Z,19010609,XBTUSD,Buy,10000,3794.5,ZeroPlusTick,ab26a3d8-3cee-d5ec-5ee5-916dcea21206,871388,307
2892518,2019-01-06T09:01:45.744Z,19010609,XBTUSD,Buy,14177,3794.5,ZeroPlusTick,3ac09209-4805-ea26-4c8b-609b335153d0,885565,308
2892531,2019-01-06T09:01:49.191Z,19010609,XBTUSD,Buy,11,3795,ZeroPlusTick,d1de3c5d-41ff-9f0f-82c7-cf0cbb2ab7b9,885576,309
2892546,2019-01-06T09:01:50.225Z,19010609,XBTUSD,Buy,199,3795,ZeroPlusTick,f69e1726-8603-a5a7-89e9-29a8c7716267,885775,310
2892564,2019-01-06T09:01:51.989Z,19010609,XBTUSD,Buy,10000,3795,ZeroPlusTick,f6abb6fb-2f17-6efd-eb47-1b60cec1092a,895775,311
2892655,2019-01-06T09:02:05.220Z,19010609,XBTUSD,Buy,47,3795,PlusTick,61787694-a556-dc87-a052-fbcccca9968f,895822,312
2892658,2019-01-06T09:02:05.998Z,19010609,XBTUSD,Buy,36,3795,ZeroPlusTick,73f688ac-dba4-f0b7-20aa-c3d24717bd89,895858,313
2892683,2019-01-06T09:02:19.321Z,19010609,XBTUSD,Buy,10083,3795,PlusTick,ffe00b88-7d0a-c73b-dcb2-5dc1a10fddc0,905941,314
2892732,2019-01-06T09:02:38.388Z,19010609,XBTUSD,Buy,500,3795,PlusTick,f53ccc13-a80f-7003-3ee5-1b74ac9b03d1,906441,315
2892839,2019-01-06T09:03:22.681Z,19010609,XBTUSD,Buy,9000,3795,ZeroPlusTick,d148b923-9101-b506-5037-64a46e29ccb0,915441,316
2892851,2019-01-06T09:03:22.681Z,19010609,XBTUSD,Buy,100,3795,ZeroPlusTick,4d20b1fb-c95b-2b0e-afad-9e8de539ccfd,915541,317
2892863,2019-01-06T09:03:22.681Z,19010609,XBTUSD,Buy,2000,3795,ZeroPlusTick,f23eb15f-520a-9fd8-eab6-317ff5274b35,917541,318
2892915,2019-01-06T09:03:27.966Z,19010609,XBTUSD,Buy,1,3795,ZeroPlusTick,8653ba1c-8af8-f2b5-107e-76d043090847,917542,319
2892928,2019-01-06T09:03:33.767Z,19010609,XBTUSD,Buy,152,3795,ZeroPlusTick,1e0f7970-96f1-eb8b-0687-d5d23a184a98,917694,320
2892937,2019-01-06T09:03:33.767Z,19010609,XBTUSD,Buy,11,3795,ZeroPlusTick,ff1772d5-1f5f-5439-473a-dc3b50ba936d,917705,321
2893048,2019-01-06T09:03:45.204Z,19010609,XBTUSD,Buy,1000,3795,ZeroPlusTick,5c5b7c2f-a4d3-118b-5714-c2b4515f0492,918705,322
2893058,2019-01-06T09:03:45.204Z,19010609,XBTUSD,Buy,11,3795,ZeroPlusTick,ea401bf7-0563-e302-6461-806a72e221b0,918716,323
2892517,2019-01-06T09:01:45.744Z,19010609,XBTUSD,Buy,72,3794.5,ZeroPlusTick,3d55a099-a37d-2492-59ec-6d875154252e,918788,324
2892521,2019-01-06T09:01:46.290Z,19010609,XBTUSD,Buy,300,3795,PlusTick,aed20521-8e71-dee3-3d8a-ae684000e84f,919088,325
2892522,2019-01-06T09:01:46.606Z,19010609,XBTUSD,Sell,50,3794.5,MinusTick,d1298d3b-6558-dc3f-0c49-d4120734fa1c,919138,326
2892528,2019-01-06T09:01:49.191Z,19010609,XBTUSD,Buy,28,3795,ZeroPlusTick,1bfd18eb-df93-1e7a-3475-ec7add00af6f,919166,327
2892547,2019-01-06T09:01:50.225Z,19010609,XBTUSD,Buy,100,3795,ZeroPlusTick,54380ee6-80b1-0f76-7887-ed5d4056ce18,919266,328
2892565,2019-01-06T09:01:52.174Z,19010609,XBTUSD,Buy,39,3795,ZeroPlusTick,bfddade9-53b5-7463-d798-658efdbe876f,919305,329
2892566,2019-01-06T09:01:52.469Z,19010609,XBTUSD,Buy,250,3795,ZeroPlusTick,507ed8af-1f67-f6bf-61d6-177fa2a0b87c,919555,330
2892621,2019-01-06T09:02:00.921Z,19010609,XBTUSD,Sell,400,3794.5,MinusTick,bc5e7642-6121-6a29-550e-f8c1bbc11426,919955,331
2892669,2019-01-06T09:02:11.719Z,19010609,XBTUSD,Sell,15000,3794.5,MinusTick,b24d10db-e530-8b45-e7fa-96319d9fc1dd,934955,332
2892686,2019-01-06T09:02:19.321Z,19010609,XBTUSD,Buy,2000,3795,ZeroPlusTick,a19c710f-d921-5b26-d514-09f4dcc9533d,936955,333
2892751,2019-01-06T09:02:53.741Z,19010609,XBTUSD,Buy,4000,3795,ZeroPlusTick,f3aff67e-c3a5-1475-434f-d28c77442d24,940955,334
2892768,2019-01-06T09:02:59.134Z,19010609,XBTUSD,Buy,4500,3795,ZeroPlusTick,1d9ed8ce-869a-fbd4-4d19-a1ff81202de1,945455,335
2892841,2019-01-06T09:03:22.681Z,19010609,XBTUSD,Buy,500,3795,ZeroPlusTick,1387778f-9b8d-25df-89c7-1aa7b4f78aa7,945955,336
2892846,2019-01-06T09:03:22.681Z,19010609,XBTUSD,Buy,500,3795,ZeroPlusTick,53bce11b-ecaf-3b7a-79b5-ed6121fc28bf,946455,337
2892860,2019-01-06T09:03:22.681Z,19010609,XBTUSD,Buy,25,3795,ZeroPlusTick,62aa0f07-1113-797c-1cca-9c21fcd533cf,946480,338
2892910,2019-01-06T09:03:27.966Z,19010609,XBTUSD,Buy,1710,3795,ZeroPlusTick,c8643eb6-b445-c910-ee1b-3f5985e14f14,948190,339
2892918,2019-01-06T09:03:28.292Z,19010609,XBTUSD,Buy,2000,3795,ZeroPlusTick,9ad1d838-61b5-2e51-e16d-ef4b210ed2c2,950190,340
2892924,2019-01-06T09:03:31.119Z,19010609,XBTUSD,Buy,1100,3795,ZeroPlusTick,01c0663b-9c6b-8a07-7c7d-1cd94e3cbcd0,951290,341
2892935,2019-01-06T09:03:33.767Z,19010609,XBTUSD,Buy,250,3795,ZeroPlusTick,f7f4a99c-f92b-58b2-1817-77fe94d369b3,951540,342
2892938,2019-01-06T09:03:33.767Z,19010609,XBTUSD,Buy,10,3795,ZeroPlusTick,01290fc3-7c49-f6ae-03ea-ee901e0750b4,951550,343
2892942,2019-01-06T09:03:34.433Z,19010609,XBTUSD,Buy,500,3795,ZeroPlusTick,fb95b9d0-8583-8c1d-c1a0-2a546f26e535,952050,344
2892842,2019-01-06T09:03:22.681Z,19010609,XBTUSD,Buy,3,3795,ZeroPlusTick,0dd7ddb5-1806-2746-91b2-961cfc741941,952053,345
2892849,2019-01-06T09:03:22.681Z,19010609,XBTUSD,Buy,2125,3795,ZeroPlusTick,bdfc94c6-6fc1-9cc5-1a12-003d41f97974,954178,346
2892859,2019-01-06T09:03:22.681Z,19010609,XBTUSD,Buy,6,3795,ZeroPlusTick,4f72f555-038b-8b5c-5562-8055be1eb445,954184,347
2892912,2019-01-06T09:03:27.966Z,19010609,XBTUSD,Buy,15,3795,ZeroPlusTick,9ab945a2-8e3b-2eb8-5aa3-67c67bb824b8,954199,348
2892933,2019-01-06T09:03:33.767Z,19010609,XBTUSD,Buy,11,3795,ZeroPlusTick,22b2c813-b723-0bc0-1d64-abffdf407779,954210,349
2892943,2019-01-06T09:03:35.428Z,19010609,XBTUSD,Buy,5000,3795,ZeroPlusTick,ae19302a-c7dd-5365-3dbf-d756f9ad57c7,959210,350
2892944,2019-01-06T09:03:35.919Z,19010609,XBTUSD,Sell,120,3794.5,MinusTick,d44a5b40-1565-4007-1d69-8e1dd3e25503,959330,351
2892945,2019-01-06T09:03:35.986Z,19010609,XBTUSD,Buy,5000,3795,PlusTick,672dca7d-8f87-0476-2883-99eebb11532f,964330,352
2893047,2019-01-06T09:03:45.204Z,19010609,XBTUSD,Buy,11,3795,ZeroPlusTick,d6e29f2a-156b-55fa-dd72-e7947970f58f,964341,353
2893056,2019-01-06T09:03:45.204Z,19010609,XBTUSD,Buy,11,3795,ZeroPlusTick,fb334b17-8026-dad0-4716-8d56c36aa545,964352,354
2893060,2019-01-06T09:03:45.204Z,19010609,XBTUSD,Buy,11,3795,ZeroPlusTick,721ceaf7-7f50-d2ca-80e9-fbdb1b0e5cdc,964363,355
2893070,2019-01-06T09:03:45.204Z,19010609,XBTUSD,Buy,11,3795,ZeroPlusTick,1f739c19-5aa5-77c5-be67-41fcca8c0c76,964374,356
2893089,2019-01-06T09:03:46.219Z,19010609,XBTUSD,Buy,50,3795,ZeroPlusTick,4df37804-9a1b-a37d-f3fe-603a84253f38,964424,357
2893092,2019-01-06T09:03:46.829Z,19010609,XBTUSD,Buy,8622,3795,ZeroPlusTick,1806f096-02ab-be47-4cfe-13a2b76e4352,973046,358
2893103,2019-01-06T09:03:47.366Z,19010609,XBTUSD,Buy,100,3795,ZeroPlusTick,7bc12498-4b28-ecc7-944e-9e155111952e,973146,359
2893107,2019-01-06T09:03:49.981Z,19010609,XBTUSD,Buy,1700,3795,ZeroPlusTick,9bb8d83c-814d-ccae-04b1-fe93897ec8f5,974846,360
2893117,2019-01-06T09:03:52.883Z,19010609,XBTUSD,Buy,166,3795,ZeroPlusTick,5ea3d323-7af8-09cc-fe2e-e6d39f676ebc,975012,361
2893190,2019-01-06T09:04:07.055Z,19010609,XBTUSD,Buy,306,3795,ZeroPlusTick,e2dab84f-f033-b870-1e17-70e8a47b8595,975318,362
2893213,2019-01-06T09:04:12.921Z,19010609,XBTUSD,Buy,42,3795,ZeroPlusTick,9098a104-732d-ce93-d7cf-1a82abc90a50,975360,363
2893220,2019-01-06T09:04:12.921Z,19010609,XBTUSD,Buy,700,3795.5,PlusTick,8adb4ddb-e18b-02d2-9c78-87be2b7fd68b,976060,364
2893232,2019-01-06T09:04:12.921Z,19010609,XBTUSD,Buy,12,3795.5,ZeroPlusTick,03a00551-04e8-9345-32c5-ff66598bd6d5,976072,365
2893237,2019-01-06T09:04:12.921Z,19010609,XBTUSD,Buy,100,3795.5,ZeroPlusTick,5ee0ea6e-14e6-7699-df9b-f78fe1eee052,976172,366
2893247,2019-01-06T09:04:12.921Z,19010609,XBTUSD,Buy,724,3795.5,ZeroPlusTick,617058df-61e3-7a7b-2db3-07c3838a8633,976896,367
2893257,2019-01-06T09:04:13.051Z,19010609,XBTUSD,Buy,700,3795.5,ZeroPlusTick,f85beb6d-f6cb-904d-221a-110ea5aeba80,977596,368
2892671,2019-01-06T09:02:12.933Z,19010609,XBTUSD,Buy,36,3795,PlusTick,8b1638aa-0449-436d-71ef-80e05dcd2252,977632,369
2892687,2019-01-06T09:02:19.321Z,19010609,XBTUSD,Buy,100,3795,ZeroPlusTick,7842b460-f1cc-6c0c-9103-d90e9afb032e,977732,370
2892691,2019-01-06T09:02:20.288Z,19010609,XBTUSD,Buy,217,3795,ZeroPlusTick,ee1389fd-4f4f-c95b-2968-764498d82da8,977949,371
2892693,2019-01-06T09:02:20.314Z,19010609,XBTUSD,Buy,8634,3795,ZeroPlusTick,36130b25-59d9-dcd1-1647-21e89276ea3b,986583,372
2892826,2019-01-06T09:03:16.436Z,19010609,XBTUSD,Buy,10000,3795,ZeroPlusTick,6e0c0879-4a30-e52a-8a56-33ac63d41d69,996583,373
2892834,2019-01-06T09:03:22.681Z,19010609,XBTUSD,Buy,75104,3795,ZeroPlusTick,24a65eae-f2e3-74ee-4195-f06feba8f36f,1071687,374
2892844,2019-01-06T09:03:22.681Z,19010609,XBTUSD,Buy,3232,3795,ZeroPlusTick,4bc09937-ccb1-19ee-908c-9dd7d57db445,1074919,375
2892854,2019-01-06T09:03:22.681Z,19010609,XBTUSD,Buy,40,3795,ZeroPlusTick,a6e5a787-5d66-93c0-23aa-d0f80dd9f179,1074959,376
2892864,2019-01-06T09:03:22.681Z,19010609,XBTUSD,Buy,25,3795,ZeroPlusTick,cdac8353-0919-cb0e-4678-5f70c0c04f8f,1074984,377
2892930,2019-01-06T09:03:33.767Z,19010609,XBTUSD,Buy,61,3795,ZeroPlusTick,49791d91-6ef6-560b-af37-22585f84574c,1075045,378
2893042,2019-01-06T09:03:45.204Z,19010609,XBTUSD,Buy,2100,3795,ZeroPlusTick,90a60a95-5fa6-d4d1-6f25-06a4623ad31c,1077145,379
2893054,2019-01-06T09:03:45.204Z,19010609,XBTUSD,Buy,11,3795,ZeroPlusTick,d802bfba-8f16-a041-7827-f853b22bbd15,1077156,380
2893063,2019-01-06T09:03:45.204Z,19010609,XBTUSD,Buy,39,3795,ZeroPlusTick,a41906db-8cf4-6063-caba-ed3d4ade44ee,1077195,381
2893073,2019-01-06T09:03:45.204Z,19010609,XBTUSD,Buy,140,3795,ZeroPlusTick,78c91163-e903-549b-2626-562df350e54f,1077335,382
2893099,2019-01-06T09:03:47.366Z,19010609,XBTUSD,Buy,631,3795,ZeroPlusTick,4a1080b8-6761-f702-a99e-638f90e54781,1077966,383
2893114,2019-01-06T09:03:52.883Z,19010609,XBTUSD,Buy,628,3795,ZeroPlusTick,c15aa6b0-f338-4a44-dd56-0006b4a2869c,1078594,384
2893127,2019-01-06T09:03:52.883Z,19010609,XBTUSD,Buy,50,3795,ZeroPlusTick,ed3c97ca-d2e3-cc6f-5bae-f40c029d25cf,1078644,385
2893188,2019-01-06T09:04:07.055Z,19010609,XBTUSD,Buy,11,3795,ZeroPlusTick,4faa6b42-fde0-e57b-d6ab-64c6ab74e7e4,1078655,386
2893206,2019-01-06T09:04:12.921Z,19010609,XBTUSD,Buy,8027,3795,ZeroPlusTick,bbf671bd-a16d-40c5-148c-1d525c5c2a6d,1086682,387
2893216,2019-01-06T09:04:12.921Z,19010609,XBTUSD,Buy,730,3795,ZeroPlusTick,e158991d-c06b-04c2-6944-56e46834b774,1087412,388
2893233,2019-01-06T09:04:12.921Z,19010609,XBTUSD,Buy,10,3795.5,ZeroPlusTick,f917df4e-16ba-1742-7531-ed37aca57d65,1087422,389
2892678,2019-01-06T09:02:15.451Z,19010609,XBTUSD,Buy,400,3795,PlusTick,7112342f-8fbb-8f25-c0bb-48f2835fb7f4,1087822,390
2892710,2019-01-06T09:02:28.795Z,19010609,XBTUSD,Sell,1052,3794.5,MinusTick,44bb9944-352e-5da1-ff21-d7a561663550,1088874,391
2892740,2019-01-06T09:02:45.598Z,19010609,XBTUSD,Sell,32,3794.5,MinusTick,9c26d027-5dbe-cf77-aaf5-5caa687551e3,1088906,392
2892835,2019-01-06T09:03:22.681Z,19010609,XBTUSD,Buy,6,3795,ZeroPlusTick,6e34d0d9-c5a4-7695-f669-4428218e3418,1088912,393
2892847,2019-01-06T09:03:22.681Z,19010609,XBTUSD,Buy,3000,3795,ZeroPlusTick,2702a51e-709b-82cd-9733-9b7be1938056,1091912,394
2892861,2019-01-06T09:03:22.681Z,19010609,XBTUSD,Buy,700,3795,ZeroPlusTick,42fee0be-65bb-c1be-6573-d53808e1f88a,1092612,395
2892868,2019-01-06T09:03:22.681Z,19010609,XBTUSD,Buy,387,3795,ZeroPlusTick,90225572-386f-e3f2-fe1a-998fec01c47e,1092999,396
2892884,2019-01-06T09:03:25.288Z,19010609,XBTUSD,Buy,787,3795,ZeroPlusTick,2189eb15-1800-2134-2abd-e6fd2699bda0,1093786,397
2892936,2019-01-06T09:03:33.767Z,19010609,XBTUSD,Buy,10,3795,ZeroPlusTick,979c9c35-4c73-3122-c2fa-57b44a88f8fa,1093796,398
2892967,2019-01-06T09:03:38.713Z,19010609,XBTUSD,Buy,1000,3795,ZeroPlusTick,33911bd5-4793-d8ac-1198-cedcc353fed1,1094796,399
2892972,2019-01-06T09:03:39.700Z,19010609,XBTUSD,Buy,3863,3795,ZeroPlusTick,6cc19094-9231-9b40-c09e-61039d293b17,1098659,400
2893043,2019-01-06T09:03:45.204Z,19010609,XBTUSD,Buy,11,3795,ZeroPlusTick,e81412df-8908-a4ae-8e26-195fb8e2c573,1098670,401
2893051,2019-01-06T09:03:45.204Z,19010609,XBTUSD,Buy,11,3795,ZeroPlusTick,37af8029-3106-c693-7085-9f13b35493cf,1098681,402
2893067,2019-01-06T09:03:45.204Z,19010609,XBTUSD,Buy,11,3795,ZeroPlusTick,d8baeb87-54b6-9525-9125-c9866495a46d,1098692,403
2893072,2019-01-06T09:03:45.204Z,19010609,XBTUSD,Buy,116,3795,ZeroPlusTick,66fed0d3-7081-774a-df58-4bf23de3c4ba,1098808,404
2893090,2019-01-06T09:03:46.219Z,19010609,XBTUSD,Buy,11378,3795,ZeroPlusTick,4617c5a2-2e74-87b2-c4e8-308528756505,1110186,405
2893096,2019-01-06T09:03:47.366Z,19010609,XBTUSD,Buy,38,3795,ZeroPlusTick,d2ce0d42-9d1a-c575-de77-0f43af309633,1110224,406
2893106,2019-01-06T09:03:48.117Z,19010609,XBTUSD,Buy,5000,3795,ZeroPlusTick,85c33275-4c81-1fa6-7365-d3d473494058,1115224,407
2893122,2019-01-06T09:03:52.883Z,19010609,XBTUSD,Buy,11,3795,ZeroPlusTick,d2888b8b-e643-c5ac-7441-84fbe63e99ca,1115235,408
2893126,2019-01-06T09:03:52.883Z,19010609,XBTUSD,Buy,11,3795,ZeroPlusTick,b80e3f4b-6a29-bbb4-2bf1-257bcf2a20b8,1115246,409
2892682,2019-01-06T09:02:19.063Z,19010609,XBTUSD,Sell,1000,3794.5,MinusTick,266477ed-19cf-19e4-51a9-35243148692a,1116246,410
2892690,2019-01-06T09:02:19.321Z,19010609,XBTUSD,Buy,13417,3795,ZeroPlusTick,ce383c94-4f4b-fdd9-4a32-630ccf07933f,1129663,411
2892721,2019-01-06T09:02:37.054Z,19010609,XBTUSD,Sell,100,3794.5,MinusTick,816105cf-cbfc-b221-379c-ca669e20dcdb,1129763,412
2892754,2019-01-06T09:02:55.704Z,19010609,XBTUSD,Buy,1000,3795,ZeroPlusTick,60128de4-1435-255d-4c13-1a8554de356c,1130763,413
2892794,2019-01-06T09:03:09.456Z,19010609,XBTUSD,Buy,1000,3795,ZeroPlusTick,c39f5022-014c-3c32-3132-f76d302aa526,1131763,414
2892796,2019-01-06T09:03:09.738Z,19010609,XBTUSD,Buy,500,3795,ZeroPlusTick,def25ce9-1aa5-03f8-d4f6-deec9847f592,1132263,415
2892810,2019-01-06T09:03:12.503Z,19010609,XBTUSD,Buy,2000,3795,ZeroPlusTick,c271a865-83b2-afbe-2eba-1fdf67f3475f,1134263,416
2892837,2019-01-06T09:03:22.681Z,19010609,XBTUSD,Buy,5001,3795,ZeroPlusTick,a8e48ffd-b09a-e3e1-cdb5-23e58c08c72a,1139264,417
2892852,2019-01-06T09:03:22.681Z,19010609,XBTUSD,Buy,1000,3795,ZeroPlusTick,44e58e28-264d-6911-d8be-f24ab0c814e7,1140264,418
2892856,2019-01-06T09:03:22.681Z,19010609,XBTUSD,Buy,30,3795,ZeroPlusTick,25c59e80-58d7-4efc-a591-8ba4b5dc563b,1140294,419
2892866,2019-01-06T09:03:22.681Z,19010609,XBTUSD,Buy,4000,3795,ZeroPlusTick,7a0e702f-4e07-5684-5aa0-08c221baee5f,1144294,420
2892911,2019-01-06T09:03:27.966Z,19010609,XBTUSD,Buy,19,3795,ZeroPlusTick,3bdfbff6-6022-cbaf-503b-73d57172559f,1144313,421
2892917,2019-01-06T09:03:28.036Z,19010609,XBTUSD,Buy,2000,3795,ZeroPlusTick,99e49321-f559-ffb3-5959-8756855ae8d2,1146313,422
2892934,2019-01-06T09:03:33.767Z,19010609,XBTUSD,Buy,1000,3795,ZeroPlusTick,2f5b0852-816a-cd69-5ba7-5be3b04b01ac,1147313,423
2893039,2019-01-06T09:03:45.204Z,19010609,XBTUSD,Buy,10265,3795,ZeroPlusTick,ba5526a6-bda9-c8b5-9bd0-c16c0ec1b491,1157578,424
2893053,2019-01-06T09:03:45.204Z,19010609,XBTUSD,Buy,11,3795,ZeroPlusTick,c6e55aa3-e506-e820-ac04-4e5ba57f8e65,1157589,425
2893061,2019-01-06T09:03:45.204Z,19010609,XBTUSD,Buy,11,3795,ZeroPlusTick,920ad39d-803d-d9e7-e73a-088114a311ef,1157600,426
2893077,2019-01-06T09:03:45.204Z,19010609,XBTUSD,Buy,11,3795,ZeroPlusTick,24b4896d-922e-3c5c-1aab-66d2eaa0dddf,1157611,427
2893085,2019-01-06T09:03:46.219Z,19010609,XBTUSD,Buy,11,3795,ZeroPlusTick,cf1b6c38-0270-ca20-4394-ae32b3c5ddbb,1157622,428
2893093,2019-01-06T09:03:46.829Z,19010609,XBTUSD,Buy,1000,3795,ZeroPlusTick,08e9e8c8-e820-8f15-81f8-fcb859f785ab,1158622,429
2893104,2019-01-06T09:03:47.366Z,19010609,XBTUSD,Buy,1448,3795,ZeroPlusTick,e5a44ff7-512a-adf9-9a8c-7643bf173e98,1160070,430
2893109,2019-01-06T09:03:49.998Z,19010609,XBTUSD,Buy,200,3795,ZeroPlusTick,86c11191-d64e-9c62-075c-d183d7c159d8,1160270,431
2893123,2019-01-06T09:03:52.883Z,19010609,XBTUSD,Buy,11,3795,ZeroPlusTick,da9da2b6-6601-bb7a-3b7f-b9edd2e41cd6,1160281,432
2893129,2019-01-06T09:03:52.883Z,19010609,XBTUSD,Buy,11,3795,ZeroPlusTick,11911ab5-6f0e-75f3-8804-2511779e8361,1160292,433
2892829,2019-01-06T09:03:18.267Z,19010609,XBTUSD,Buy,4500,3795,ZeroPlusTick,d763d07d-6d23-9cc9-7cfb-f4b77a88ce24,1164792,434
2892838,2019-01-06T09:03:22.681Z,19010609,XBTUSD,Buy,5000,3795,ZeroPlusTick,af25e1fc-09a3-6a60-2973-20ba975f838d,1169792,435
2892853,2019-01-06T09:03:22.681Z,19010609,XBTUSD,Buy,2500,3795,ZeroPlusTick,6a0b7a31-3fc4-646d-d290-ed3986e3ea4f,1172292,436
2892862,2019-01-06T09:03:22.681Z,19010609,XBTUSD,Buy,614,3795,ZeroPlusTick,31a2c79f-1e53-03c7-ec59-5caa94b8ff0f,1172906,437
2892871,2019-01-06T09:03:24.410Z,19010609,XBTUSD,Buy,400,3795,ZeroPlusTick,bc511dc0-db26-a941-e31c-b06a9c233ae7,1173306,438
2892913,2019-01-06T09:03:27.966Z,19010609,XBTUSD,Buy,15,3795,ZeroPlusTick,4d75af36-bbe8-a745-a7fc-58a01bde626b,1173321,439
2892927,2019-01-06T09:03:33.767Z,19010609,XBTUSD,Buy,1366,3795,ZeroPlusTick,7f88fbcb-2ea1-0523-dd17-1ea0550f0fa0,1174687,440
2892940,2019-01-06T09:03:33.767Z,19010609,XBTUSD,Buy,10,3795,ZeroPlusTick,7a0abda6-4caf-9fc5-a092-45dc25c2c797,1174697,441
2893041,2019-01-06T09:03:45.204Z,19010609,XBTUSD,Buy,37,3795,ZeroPlusTick,485685aa-03b7-294a-a21a-02dbe4d0a71d,1174734,442
2893055,2019-01-06T09:03:45.204Z,19010609,XBTUSD,Buy,11,3795,ZeroPlusTick,775ee369-301b-5e2a-f2b8-497c17ffd721,1174745,443
2893062,2019-01-06T09:03:45.204Z,19010609,XBTUSD,Buy,50,3795,ZeroPlusTick,6d7ec2e6-da7c-6d4c-d9c2-e12a1a5c6651,1174795,444
2893078,2019-01-06T09:03:45.204Z,19010609,XBTUSD,Buy,7271,3795,ZeroPlusTick,1e745498-92a9-bc38-8409-0a5bd33f1b17,1182066,445
2893083,2019-01-06T09:03:46.219Z,19010609,XBTUSD,Buy,11,3795,ZeroPlusTick,a085182b-11a8-c97d-0350-c0bf1901b4ec,1182077,446
2893100,2019-01-06T09:03:47.366Z,19010609,XBTUSD,Buy,40,3795,ZeroPlusTick,93480147-fd1e-56f8-fff0-5363321221f9,1182117,447
2893120,2019-01-06T09:03:52.883Z,19010609,XBTUSD,Buy,11,3795,ZeroPlusTick,bd1034c2-c5fe-243c-2880-5158794226eb,1182128,448
2893142,2019-01-06T09:03:57.181Z,19010609,XBTUSD,Buy,4272,3795,ZeroPlusTick,5452a399-bbdf-33e0-0c23-95fb3379957e,1186400,449
2893212,2019-01-06T09:04:12.921Z,19010609,XBTUSD,Buy,11,3795,ZeroPlusTick,f5f94ad2-4057-983a-a708-f8fe2776c534,1186411,450
2893222,2019-01-06T09:04:12.921Z,19010609,XBTUSD,Buy,30,3795.5,ZeroPlusTick,5f437d2c-e338-898f-71eb-4908ef88e9c6,1186441,451
2893234,2019-01-06T09:04:12.921Z,19010609,XBTUSD,Buy,100,3795.5,ZeroPlusTick,55dbd10f-10f6-f945-3d81-0dcca554cd28,1186541,452
2893239,2019-01-06T09:04:12.921Z,19010609,XBTUSD,Buy,7000,3795.5,ZeroPlusTick,f3d115c8-e551-cf2d-3a6f-c5aa9eb4a4f4,1193541,453
2893249,2019-01-06T09:04:12.921Z,19010609,XBTUSD,Buy,724,3795.5,ZeroPlusTick,178df081-3d9a-904b-d007-5c475d7b5c2f,1194265,454
2893260,2019-01-06T09:04:13.051Z,19010609,XBTUSD,Buy,200,3795.5,ZeroPlusTick,460b235f-debe-e6e1-785c-003dece96e84,1194465,455
2893335,2019-01-06T09:04:18.844Z,19010609,XBTUSD,Buy,3,3795.5,ZeroPlusTick,8abd34ef-551e-25c5-9fec-1c330474b225,1194468,456
2893341,2019-01-06T09:04:19.396Z,19010609,XBTUSD,Buy,1,3795.5,ZeroPlusTick,f205ac62-9e45-ccac-02f7-55d7becf5683,1194469,457
2892916,2019-01-06T09:03:27.966Z,19010609,XBTUSD,Buy,2240,3795,ZeroPlusTick,9059e017-8b5f-f2f2-09f6-b9d20d73ec06,1196709,458
2892931,2019-01-06T09:03:33.767Z,19010609,XBTUSD,Buy,4,3795,ZeroPlusTick,fb666671-cbf4-e60d-b81d-4e53bcdcd512,1196713,459
2892941,2019-01-06T09:03:33.767Z,19010609,XBTUSD,Buy,141,3795,ZeroPlusTick,d5f1e0ac-e205-7e3d-0ce5-337a5ddd9bf1,1196854,460
2892970,2019-01-06T09:03:39.327Z,19010609,XBTUSD,Sell,30,3794.5,MinusTick,9c505bf7-b4f9-7c2a-6356-65b885556489,1196884,461
2892971,2019-01-06T09:03:39.700Z,19010609,XBTUSD,Buy,1137,3795,PlusTick,4c8fdbe6-9494-1920-9b0d-7bbc3fcb8e90,1198021,462
2893040,2019-01-06T09:03:45.204Z,19010609,XBTUSD,Buy,11,3795,ZeroPlusTick,ab612d40-767c-a6f4-b343-49dc1f3cf2f3,1198032,463
2893049,2019-01-06T09:03:45.204Z,19010609,XBTUSD,Buy,58,3795,ZeroPlusTick,e6f49b89-0d86-f1f2-53b5-7882c180438c,1198090,464
2893059,2019-01-06T09:03:45.204Z,19010609,XBTUSD,Buy,11,3795,ZeroPlusTick,5f0a9c09-e275-5714-79a5-1b4d30ec8cdb,1198101,465
2893069,2019-01-06T09:03:45.204Z,19010609,XBTUSD,Buy,11,3795,ZeroPlusTick,31b406e5-15f3-965d-0de6-b743d3b4daea,1198112,466
2893075,2019-01-06T09:03:45.204Z,19010609,XBTUSD,Buy,11,3795,ZeroPlusTick,3b04f168-429a-96d9-c941-b8d92eaf3547,1198123,467
2893084,2019-01-06T09:03:46.219Z,19010609,XBTUSD,Buy,200,3795,ZeroPlusTick,ca43fec1-6d6b-b4f6-ae72-42dde1873c6b,1198323,468
2893094,2019-01-06T09:03:46.829Z,19010609,XBTUSD,Buy,378,3795,ZeroPlusTick,10e6e691-ef88-1798-e063-bca39c9be73d,1198701,469
2893101,2019-01-06T09:03:47.366Z,19010609,XBTUSD,Buy,1000,3795,ZeroPlusTick,d19d90f6-4f7c-98ad-089e-6e3ea4b40bdd,1199701,470
2893116,2019-01-06T09:03:52.883Z,19010609,XBTUSD,Buy,43,3795,ZeroPlusTick,80fdbf46-3a68-2d8d-c0b3-5d5fa0c8c8bc,1199744,471
2893128,2019-01-06T09:03:52.883Z,19010609,XBTUSD,Buy,960,3795,ZeroPlusTick,83cc7bcd-0fe6-4cec-db36-151fa045e914,1200704,472
2893138,2019-01-06T09:03:54.794Z,19010609,XBTUSD,Buy,12144,3795,ZeroPlusTick,8863344d-736f-6314-4661-28387ca8e893,1212848,473
2893143,2019-01-06T09:03:57.181Z,19010609,XBTUSD,Buy,510,3795,ZeroPlusTick,90db0849-491e-b0bb-1ea9-6224b1151276,1213358,474
2893161,2019-01-06T09:04:01.761Z,19010609,XBTUSD,Buy,3657,3795,ZeroPlusTick,f003bfe0-9d0a-7ce6-2540-a3c77a2cdf13,1217015,475
2893163,2019-01-06T09:04:02.319Z,19010609,XBTUSD,Buy,11,3795,ZeroPlusTick,5546767c-fb43-a1f5-c1f3-3e95fb04fda0,1217026,476
2893189,2019-01-06T09:04:07.055Z,19010609,XBTUSD,Buy,2000,3795,ZeroPlusTick,a266a842-ab7e-0858-a073-e2c0ca045a6e,1219026,477
2893199,2019-01-06T09:04:11.296Z,19010609,XBTUSD,Buy,10000,3795,ZeroPlusTick,d40cd485-393a-495e-56cb-6f07dd1eb7b1,1229026,478
2893207,2019-01-06T09:04:12.921Z,19010609,XBTUSD,Buy,100,3795,ZeroPlusTick,392b8c94-2e31-00eb-3ffe-cbb631bbd3ad,1229126,479
2893215,2019-01-06T09:04:12.921Z,19010609,XBTUSD,Buy,11,3795,ZeroPlusTick,326f5ebe-5cac-5a64-4a23-4d34777231fc,1229137,480
2893225,2019-01-06T09:04:12.921Z,19010609,XBTUSD,Buy,125,3795.5,ZeroPlusTick,b3bf1e02-b91e-a0dc-7764-d17ea0f72d10,1229262,481
2893235,2019-01-06T09:04:12.921Z,19010609,XBTUSD,Buy,94,3795.5,ZeroPlusTick,0fb5307f-efc5-b441-6a66-937a7d335b1b,1229356,482
2893245,2019-01-06T09:04:12.921Z,19010609,XBTUSD,Buy,500,3795.5,ZeroPlusTick,4c15cdbc-047b-6c39-198f-cdb799af79d3,1229856,483
2893250,2019-01-06T09:04:12.921Z,19010609,XBTUSD,Buy,724,3795.5,ZeroPlusTick,35fdfd54-71c0-7c46-db4e-cdd84bbbd763,1230580,484
2893259,2019-01-06T09:04:13.051Z,19010609,XBTUSD,Buy,655,3795.5,ZeroPlusTick,e0795173-208f-0bfe-799b-8fa31fd3f514,1231235,485
2893333,2019-01-06T09:04:18.844Z,19010609,XBTUSD,Buy,21,3795.5,ZeroPlusTick,852acc9e-b2cf-de1b-4d9f-a2a71b0f2af1,1231256,486
2893377,2019-01-06T09:04:22.231Z,19010609,XBTUSD,Sell,400,3795,MinusTick,40b6dc43-9490-a1df-4ed8-506f1514f625,1231656,487
2893045,2019-01-06T09:03:45.204Z,19010609,XBTUSD,Buy,11,3795,ZeroPlusTick,99b7f5ca-854b-967b-fd29-0383ce61f2b1,1231667,488
2893050,2019-01-06T09:03:45.204Z,19010609,XBTUSD,Buy,11,3795,ZeroPlusTick,1d341481-6d5a-5380-601e-db9ad6d636fc,1231678,489
2893064,2019-01-06T09:03:45.204Z,19010609,XBTUSD,Buy,11,3795,ZeroPlusTick,6de6d21c-1d0d-8a78-5a46-dc20ba9b3b7e,1231689,490
2893074,2019-01-06T09:03:45.204Z,19010609,XBTUSD,Buy,11,3795,ZeroPlusTick,6ac880ae-5bb3-91bf-7b25-e884b389386f,1231700,491
2893082,2019-01-06T09:03:46.219Z,19010609,XBTUSD,Buy,7729,3795,ZeroPlusTick,d305b08e-a4b1-110a-d95c-77019a8a7d8f,1239429,492
2893098,2019-01-06T09:03:47.366Z,19010609,XBTUSD,Buy,11,3795,ZeroPlusTick,2f0287f2-d2a0-578b-39ae-7e9ffb334899,1239440,493
2893115,2019-01-06T09:03:52.883Z,19010609,XBTUSD,Buy,120,3795,ZeroPlusTick,1b285896-2017-6382-0405-6a7f9aaf072c,1239560,494
2893124,2019-01-06T09:03:52.883Z,19010609,XBTUSD,Buy,510,3795,ZeroPlusTick,91109517-2912-e5f4-5de7-3a4f0cc0efa8,1240070,495
2893139,2019-01-06T09:03:54.794Z,19010609,XBTUSD,Buy,9021,3795,ZeroPlusTick,77a9d549-76ad-cc6b-6ba7-522014c3719e,1249091,496
2893146,2019-01-06T09:03:57.181Z,19010609,XBTUSD,Buy,5056,3795,ZeroPlusTick,ebcfd863-fa3d-b2c1-3bf3-54ca7535b7a9,1254147,497
2893155,2019-01-06T09:04:00.673Z,19010609,XBTUSD,Sell,43200,3794.5,MinusTick,7ed13624-f7ed-5059-b920-3db62c116641,1297347,498
2893157,2019-01-06T09:04:00.881Z,19010609,XBTUSD,Buy,117,3795,PlusTick,eebced1d-fb2d-68af-5434-8982e15e23fd,1297464,499
2893158,2019-01-06T09:04:01.066Z,19010609,XBTUSD,Buy,6229,3795,ZeroPlusTick,9152419c-06b3-ee2c-8dac-c3a53bab53c6,1303693,500
2893204,2019-01-06T09:04:12.921Z,19010609,XBTUSD,Buy,11,3795,ZeroPlusTick,392e9d55-030d-dfda-a2ef-c26532320958,1303704,501
2893214,2019-01-06T09:04:12.921Z,19010609,XBTUSD,Buy,120,3795,ZeroPlusTick,85007ebd-f4be-d4c5-6464-d8ceb2eb30c6,1303824,502
2893224,2019-01-06T09:04:12.921Z,19010609,XBTUSD,Buy,11,3795.5,ZeroPlusTick,ad5b9602-ae24-dfd2-8e23-ecee73fabf35,1303835,503
2893226,2019-01-06T09:04:12.921Z,19010609,XBTUSD,Buy,11,3795.5,ZeroPlusTick,973dff39-33cd-b742-da22-c66d7cb8d88b,1303846,504
2893236,2019-01-06T09:04:12.921Z,19010609,XBTUSD,Buy,25,3795.5,ZeroPlusTick,316178ad-74d3-a6b5-f1e6-f042634be8da,1303871,505
2893246,2019-01-06T09:04:12.921Z,19010609,XBTUSD,Buy,3000,3795.5,ZeroPlusTick,1ddd4f34-4a37-b25b-dbbf-84d99fe5ddaa,1306871,506
2893248,2019-01-06T09:04:12.921Z,19010609,XBTUSD,Buy,724,3795.5,ZeroPlusTick,264cfaef-eb55-9a2a-5a30-89a0b9cf3900,1307595,507
2893258,2019-01-06T09:04:13.051Z,19010609,XBTUSD,Buy,14924,3795.5,ZeroPlusTick,406d8de3-1ce8-78b8-c14e-94a910a2c335,1322519,508
2893386,2019-01-06T09:04:22.484Z,19010609,XBTUSD,Buy,30,3795.5,ZeroPlusTick,4398fc06-77fb-1edb-0149-3ec3615b0870,1322549,509
2893397,2019-01-06T09:04:22.484Z,19010609,XBTUSD,Buy,50,3795.5,ZeroPlusTick,aec2ce58-5d77-778a-88f0-e7ec487bda68,1322599,510
2893401,2019-01-06T09:04:22.484Z,19010609,XBTUSD,Buy,12,3795.5,ZeroPlusTick,53742a96-0739-8788-23dc-1444996c3879,1322611,511
2893411,2019-01-06T09:04:22.484Z,19010609,XBTUSD,Buy,30,3795.5,ZeroPlusTick,a632a761-ce41-c005-49f2-d692e2be049d,1322641,512
2893421,2019-01-06T09:04:22.484Z,19010609,XBTUSD,Buy,1000,3796,ZeroPlusTick,42fd2cb7-3747-e50b-bf90-41183f895f89,1323641,513
2893423,2019-01-06T09:04:22.484Z,19010609,XBTUSD,Buy,100,3796,ZeroPlusTick,c3a0b9aa-e4c5-811a-675b-37cf8af082fc,1323741,514
2893434,2019-01-06T09:04:22.484Z,19010609,XBTUSD,Buy,400,3796,ZeroPlusTick,6c48a6b6-912d-d06b-34f7-589fc384e917,1324141,515
2893444,2019-01-06T09:04:22.484Z,19010609,XBTUSD,Buy,100,3796,ZeroPlusTick,bfc31d31-9a80-4ca0-e381-e09a42cc4ce0,1324241,516
2893451,2019-01-06T09:04:22.484Z,19010609,XBTUSD,Buy,5000,3796,ZeroPlusTick,5611d022-0b27-3fb7-333a-7aaca92c68c5,1329241,517
2893463,2019-01-06T09:04:22.484Z,19010609,XBTUSD,Buy,14862,3796,ZeroPlusTick,333b863b-1875-dbf9-c237-66ccc998c7c2,1344103,518
2893482,2019-01-06T09:04:23.084Z,19010609,XBTUSD,Buy,100,3796,ZeroPlusTick,b9d4160d-5e11-d73a-cd5b-9119d5c2aa2d,1344203,519
2893485,2019-01-06T09:04:23.144Z,19010609,XBTUSD,Buy,5555,3796,ZeroPlusTick,f593a852-4c3f-5d8d-63b8-c57952c28b11,1349758,520
2893046,2019-01-06T09:03:45.204Z,19010609,XBTUSD,Buy,6459,3795,ZeroPlusTick,e8ef2966-5c83-325b-a476-23c1540fcc1a,1356217,521
2893052,2019-01-06T09:03:45.204Z,19010609,XBTUSD,Buy,2000,3795,ZeroPlusTick,968e5cde-23aa-d368-19e4-fa2b8a4cace4,1358217,522
2893068,2019-01-06T09:03:45.204Z,19010609,XBTUSD,Buy,100,3795,ZeroPlusTick,91114c84-584c-0541-53f0-aec5e7e00b19,1358317,523
2893088,2019-01-06T09:03:46.219Z,19010609,XBTUSD,Buy,600,3795,ZeroPlusTick,c6923f18-3142-036d-a03d-e8732e14a647,1358917,524
2893095,2019-01-06T09:03:47.366Z,19010609,XBTUSD,Buy,622,3795,ZeroPlusTick,1ba9880c-f776-d70f-a2e5-41764c2f9819,1359539,525
2893119,2019-01-06T09:03:52.883Z,19010609,XBTUSD,Buy,12138,3795,ZeroPlusTick,1991de66-6853-c99f-5aa8-78d3084f5a96,1371677,526
2893130,2019-01-06T09:03:52.883Z,19010609,XBTUSD,Buy,1133,3795,ZeroPlusTick,6e1067b8-e661-40c9-6380-45f3d34bd308,1372810,527
2893186,2019-01-06T09:04:07.055Z,19010609,XBTUSD,Buy,42,3795,ZeroPlusTick,50b65a5e-35ed-14b4-a2d0-6d51c6bf4a1b,1372852,528
2893208,2019-01-06T09:04:12.921Z,19010609,XBTUSD,Buy,11,3795,ZeroPlusTick,242ba862-aa86-f658-f99c-8d14cc4804f0,1372863,529
2893219,2019-01-06T09:04:12.921Z,19010609,XBTUSD,Buy,28,3795,ZeroPlusTick,fe3bacee-b770-07a9-aa53-81ca15c042fe,1372891,530
2893227,2019-01-06T09:04:12.921Z,19010609,XBTUSD,Buy,360,3795.5,ZeroPlusTick,52988419-4b38-0706-4643-447756394a2e,1373251,531
2893241,2019-01-06T09:04:12.921Z,19010609,XBTUSD,Buy,10,3795.5,ZeroPlusTick,241ead41-867c-1b9c-2796-1f5c63b8c690,1373261,532
2893261,2019-01-06T09:04:13.095Z,19010609,XBTUSD,Buy,10000,3795.5,ZeroPlusTick,11c5617f-3a41-0d08-4074-30e5eae53a05,1383261,533
2893336,2019-01-06T09:04:18.844Z,19010609,XBTUSD,Buy,140,3795.5,ZeroPlusTick,3d9ad7b2-ed00-725f-6d42-a4aa51901b73,1383401,534
2893387,2019-01-06T09:04:22.484Z,19010609,XBTUSD,Buy,128,3795.5,ZeroPlusTick,5d286be1-2924-15e4-e68d-c5dbce457674,1383529,535
2893391,2019-01-06T09:04:22.484Z,19010609,XBTUSD,Buy,500,3795.5,ZeroPlusTick,de30be7d-d431-5896-ac97-06716f7b4510,1384029,536
2893406,2019-01-06T09:04:22.484Z,19010609,XBTUSD,Buy,42,3795.5,ZeroPlusTick,3ac907b9-55e2-c9fb-d42f-d0bd6a285868,1384071,537
2893418,2019-01-06T09:04:22.484Z,19010609,XBTUSD,Buy,40,3796,ZeroPlusTick,9f5b6bfa-3b26-a207-9a2d-b5cea0668b9c,1384111,538
2893430,2019-01-06T09:04:22.484Z,19010609,XBTUSD,Buy,100,3796,ZeroPlusTick,6377e4b9-2968-5eb1-9ae3-6a08bb588877,1384211,539
2893439,2019-01-06T09:04:22.484Z,19010609,XBTUSD,Buy,200,3796,ZeroPlusTick,d4cb0f57-ffac-1076-ab01-ac9df47625ae,1384411,540
2893450,2019-01-06T09:04:22.484Z,19010609,XBTUSD,Buy,1400,3796,ZeroPlusTick,4e6ab530-71cb-cbe8-8296-bcc680cc6dc6,1385811,541
2893480,2019-01-06T09:04:23.084Z,19010609,XBTUSD,Buy,200,3796,ZeroPlusTick,65781022-0f75-2059-c1cf-57a176d2f54e,1386011,542
2893526,2019-01-06T09:04:25.361Z,19010609,XBTUSD,Buy,156,3796,PlusTick,b822a5c3-784e-2b18-095f-00885d3ea2d5,1386167,543
2893528,2019-01-06T09:04:25.621Z,19010609,XBTUSD,Buy,700,3796,ZeroPlusTick,7633e1b9-6087-621d-229c-0d96ce3be8eb,1386867,544
2893541,2019-01-06T09:04:28.299Z,19010609,XBTUSD,Buy,500,3796,ZeroPlusTick,918e94a7-6d40-0828-3817-d04932a3e55c,1387367,545
2893550,2019-01-06T09:04:28.299Z,19010609,XBTUSD,Buy,50,3796,ZeroPlusTick,a40a12e5-a049-fa62-ecc4-c2b9f8256788,1387417,546
2893559,2019-01-06T09:04:28.299Z,19010609,XBTUSD,Buy,1,3796,ZeroPlusTick,bacc85b4-2606-611f-1b88-9ed420ec8126,1387418,547
2893569,2019-01-06T09:04:28.299Z,19010609,XBTUSD,Buy,620,3796,ZeroPlusTick,8a89547f-9bcf-04c8-3668-7791e58da30a,1388038,548
2893603,2019-01-06T09:04:32.108Z,19010609,XBTUSD,Buy,2000,3796,ZeroPlusTick,7ab4257e-71e2-fbf0-e1da-1b4e812a03c1,1390038,549
2893610,2019-01-06T09:04:33.362Z,19010609,XBTUSD,Buy,4,3796,ZeroPlusTick,911814c7-9953-bde9-8ffc-d19ea51d9337,1390042,550
2893634,2019-01-06T09:04:35.840Z,19010609,XBTUSD,Buy,100,3796,ZeroPlusTick,d07572bf-fcf2-92bf-1bf7-e01e2cddf115,1390142,551
2893065,2019-01-06T09:03:45.204Z,19010609,XBTUSD,Buy,11,3795,ZeroPlusTick,7299bc08-654a-519c-b507-26b2fffac3c9,1390153,552
2893071,2019-01-06T09:03:45.204Z,19010609,XBTUSD,Buy,100,3795,ZeroPlusTick,9e5738b9-0bbc-8fba-80dd-225da56b2fbc,1390253,553
2893086,2019-01-06T09:03:46.219Z,19010609,XBTUSD,Buy,11,3795,ZeroPlusTick,a8e23b7a-ccfa-2cbc-0066-ff32e224bdc4,1390264,554
2893097,2019-01-06T09:03:47.366Z,19010609,XBTUSD,Buy,600,3795,ZeroPlusTick,9c315aae-1f36-0340-5071-9553dd57393c,1390864,555
2893118,2019-01-06T09:03:52.883Z,19010609,XBTUSD,Buy,11,3795,ZeroPlusTick,98e8a6a0-f55b-61ae-72fa-6870e18806fd,1390875,556
2893125,2019-01-06T09:03:52.883Z,19010609,XBTUSD,Buy,1000,3795,ZeroPlusTick,4b8bb8e6-2f3e-c380-f26e-2102b4e82cb8,1391875,557
2893164,2019-01-06T09:04:02.319Z,19010609,XBTUSD,Buy,8593,3795,ZeroPlusTick,6373f5ab-4e22-4db2-112c-95d2bc74b193,1400468,558
2893196,2019-01-06T09:04:11.074Z,19010609,XBTUSD,Buy,694,3795,ZeroPlusTick,53a92bb4-47bc-3147-b16e-bb280631dc0c,1401162,559
2893205,2019-01-06T09:04:12.921Z,19010609,XBTUSD,Buy,50,3795,ZeroPlusTick,719d1865-1927-8128-0e39-f0651db349e6,1401212,560
2893223,2019-01-06T09:04:12.921Z,19010609,XBTUSD,Buy,28,3795.5,ZeroPlusTick,5a653daa-bc6d-3993-96ce-69d203b11db0,1401240,561
2893231,2019-01-06T09:04:12.921Z,19010609,XBTUSD,Buy,23,3795.5,ZeroPlusTick,fe7bb059-3d72-c01b-1e83-5894c04cbf67,1401263,562
2893240,2019-01-06T09:04:12.921Z,19010609,XBTUSD,Buy,100,3795.5,ZeroPlusTick,ecc398f7-5bf3-5897-3f24-c31e87d05ba3,1401363,563
2893385,2019-01-06T09:04:22.484Z,19010609,XBTUSD,Buy,30,3795.5,ZeroPlusTick,476f0a83-a968-1db5-6009-d0e2bf4a7a6d,1401393,564
2893392,2019-01-06T09:04:22.484Z,19010609,XBTUSD,Buy,1000,3795.5,ZeroPlusTick,58160fbc-672d-549b-5360-895f68d8d096,1402393,565
2893407,2019-01-06T09:04:22.484Z,19010609,XBTUSD,Buy,120,3795.5,ZeroPlusTick,43aa2bb7-0992-7f8b-9347-6a0e0cb82bd8,1402513,566
2893416,2019-01-06T09:04:22.484Z,19010609,XBTUSD,Buy,11,3796,ZeroPlusTick,7469ac09-c0b7-8df2-f608-49d15843c36f,1402524,567
2893427,2019-01-06T09:04:22.484Z,19010609,XBTUSD,Buy,100,3796,ZeroPlusTick,96c1344b-e9bd-4f61-fb43-d38399146ff8,1402624,568
2893442,2019-01-06T09:04:22.484Z,19010609,XBTUSD,Buy,150,3796,ZeroPlusTick,e9ffb5be-b8cf-274c-c97f-9397dd1d4006,1402774,569
2893452,2019-01-06T09:04:22.484Z,19010609,XBTUSD,Buy,28,3796,ZeroPlusTick,cc3af3d8-0434-061b-6669-d8ef29e2d6ee,1402802,570
2893460,2019-01-06T09:04:22.484Z,19010609,XBTUSD,Buy,49,3796,ZeroPlusTick,95885608-3088-a82d-83d4-9c3e5760bd87,1402851,571
2893483,2019-01-06T09:04:23.084Z,19010609,XBTUSD,Buy,100,3796,ZeroPlusTick,4a9df1b0-a790-19a5-6309-112bab281b97,1402951,572
2893542,2019-01-06T09:04:28.299Z,19010609,XBTUSD,Buy,5000,3796,ZeroPlusTick,00b29013-d2cc-773a-839e-d8f531939276,1407951,573
2893556,2019-01-06T09:04:28.299Z,19010609,XBTUSD,Buy,510,3796,ZeroPlusTick,c9726231-7ad9-6cba-a671-27529b23280b,1408461,574
2893562,2019-01-06T09:04:28.299Z,19010609,XBTUSD,Buy,620,3796,ZeroPlusTick,98d9ccc3-afd4-a13d-738c-7c455a90a062,1409081,575
2893612,2019-01-06T09:04:33.362Z,19010609,XBTUSD,Buy,3796,3796,ZeroPlusTick,190835a7-158a-cbce-c9e6-955fbc3ac478,1412877,576
2893636,2019-01-06T09:04:35.840Z,19010609,XBTUSD,Buy,2065,3796,ZeroPlusTick,45cf7b8f-60a4-4a52-edd6-4ab13525c585,1414942,577
2893076,2019-01-06T09:03:45.204Z,19010609,XBTUSD,Buy,11,3795,ZeroPlusTick,71648e7f-6d79-6959-a6db-050439297da8,1414953,578
2893087,2019-01-06T09:03:46.219Z,19010609,XBTUSD,Buy,10,3795,ZeroPlusTick,a46e491e-6175-ecea-b352-e12b2deace13,1414963,579
2893102,2019-01-06T09:03:47.366Z,19010609,XBTUSD,Buy,510,3795,ZeroPlusTick,a776bafc-cdef-fac4-a61e-1af9bd39c73a,1415473,580
2893121,2019-01-06T09:03:52.883Z,19010609,XBTUSD,Buy,13186,3795,ZeroPlusTick,03ff6704-3195-e542-5a4b-69421a51cd72,1428659,581
2893159,2019-01-06T09:04:01.066Z,19010609,XBTUSD,Buy,3771,3795,ZeroPlusTick,d4d38c65-4759-4cd6-5e8a-74dee50976f6,1432430,582
2893167,2019-01-06T09:04:03.801Z,19010609,XBTUSD,Sell,500,3794.5,MinusTick,1e85aa9d-f2f8-35b4-2f1c-ad1210ed9d5e,1432930,583
2893184,2019-01-06T09:04:07.055Z,19010609,XBTUSD,Buy,510,3795,PlusTick,30884cd4-82cf-ad10-078a-b79e2e457712,1433440,584
2893209,2019-01-06T09:04:12.921Z,19010609,XBTUSD,Buy,10,3795,ZeroPlusTick,ddb23bbd-0e67-9754-8039-ae0c4e141643,1433450,585
2893218,2019-01-06T09:04:12.921Z,19010609,XBTUSD,Buy,38,3795,ZeroPlusTick,faee8505-921e-c58d-43bb-eaf855dff207,1433488,586
2893229,2019-01-06T09:04:12.921Z,19010609,XBTUSD,Buy,2000,3795.5,ZeroPlusTick,cfa7cc9a-8f0f-17ab-c724-c17376ecac6a,1435488,587
2893238,2019-01-06T09:04:12.921Z,19010609,XBTUSD,Buy,1000,3795.5,ZeroPlusTick,1f57164f-4cf5-c6fe-ad87-d20b6ff7da88,1436488,588
2893251,2019-01-06T09:04:12.921Z,19010609,XBTUSD,Buy,500,3795.5,ZeroPlusTick,181f7b5d-f17a-c5bf-da59-88ace4d1f5af,1436988,589
2893278,2019-01-06T09:04:15.562Z,19010609,XBTUSD,Sell,191,3795,MinusTick,9904c64f-0684-e777-23e7-bf4a32f1fa5b,1437179,590
2893331,2019-01-06T09:04:18.844Z,19010609,XBTUSD,Buy,20,3795.5,ZeroPlusTick,9a8d883d-b25e-0947-846a-6755427b511f,1437199,591
2893380,2019-01-06T09:04:22.484Z,19010609,XBTUSD,Buy,1400,3795.5,ZeroPlusTick,785c0308-61d7-2381-b5ed-e0abb701b8c7,1438599,592
2893390,2019-01-06T09:04:22.484Z,19010609,XBTUSD,Buy,11,3795.5,ZeroPlusTick,7e7979f0-f68a-e7ff-3ed2-656d8acdc83e,1438610,593
2893400,2019-01-06T09:04:22.484Z,19010609,XBTUSD,Buy,3796,3795.5,ZeroPlusTick,26bdfd6d-7e92-6fc3-536f-92d62ca42090,1442406,594
2893410,2019-01-06T09:04:22.484Z,19010609,XBTUSD,Buy,11,3795.5,ZeroPlusTick,6d874944-4331-1b42-22dc-98732724a20e,1442417,595
2893420,2019-01-06T09:04:22.484Z,19010609,XBTUSD,Buy,100,3796,ZeroPlusTick,31e53421-190c-1b16-c3dc-ce534252f64b,1442517,596
2893428,2019-01-06T09:04:22.484Z,19010609,XBTUSD,Buy,150,3796,ZeroPlusTick,7c58e39f-6894-3fd0-cde8-0834d2f6c14c,1442667,597
2893440,2019-01-06T09:04:22.484Z,19010609,XBTUSD,Buy,3000,3796,ZeroPlusTick,b5e41e96-3b17-8ad4-41a3-4821b1d06d9e,1445667,598
2893449,2019-01-06T09:04:22.484Z,19010609,XBTUSD,Buy,198,3796,ZeroPlusTick,9d087cd6-3ea2-5244-bda9-a09e9fe52a36,1445865,599
2893459,2019-01-06T09:04:22.484Z,19010609,XBTUSD,Buy,44,3796,ZeroPlusTick,8101e9e5-a2d9-0ed8-094f-6fff966467ae,1445909,600
2893465,2019-01-06T09:04:22.579Z,19010609,XBTUSD,Buy,165,3796,ZeroPlusTick,4ebe9827-11ce-3334-943f-412fd98e1b0f,1446074,601
2893515,2019-01-06T09:04:24.904Z,19010609,XBTUSD,Sell,200,3795.5,MinusTick,992f16ed-19e0-3f0a-e2ea-95292c70e5e3,1446274,602
2893540,2019-01-06T09:04:28.299Z,19010609,XBTUSD,Buy,108,3796,ZeroPlusTick,9196f04a-a8e7-312f-da7d-5f15c02f964e,1446382,603
2893557,2019-01-06T09:04:28.299Z,19010609,XBTUSD,Buy,11969,3796,ZeroPlusTick,a7a1c041-f737-0bfe-9633-99873f320f3d,1458351,604
2893561,2019-01-06T09:04:28.299Z,19010609,XBTUSD,Buy,120,3796,ZeroPlusTick,a14460eb-86a0-b88b-b9e0-3e53e6fb3f53,1458471,605
2893137,2019-01-06T09:03:54.794Z,19010609,XBTUSD,Buy,8835,3795,ZeroPlusTick,2bd969d1-6ccf-1c67-6595-9d8088868f4a,1467306,606
2893144,2019-01-06T09:03:57.181Z,19010609,XBTUSD,Buy,42,3795,ZeroPlusTick,c35be8a1-e504-c22a-c43e-e7049836de0a,1467348,607
2893185,2019-01-06T09:04:07.055Z,19010609,XBTUSD,Buy,11,3795,ZeroPlusTick,495857dc-d09f-195a-3fe9-8c8094493fac,1467359,608
2893198,2019-01-06T09:04:11.074Z,19010609,XBTUSD,Buy,306,3795,ZeroPlusTick,6324e973-b17c-59c7-4e67-e3149fbe8fb1,1467665,609
2893210,2019-01-06T09:04:12.921Z,19010609,XBTUSD,Buy,510,3795,ZeroPlusTick,2bbc2deb-0395-4ceb-9e96-d5c64d6e18e2,1468175,610
2893221,2019-01-06T09:04:12.921Z,19010609,XBTUSD,Buy,30,3795.5,ZeroPlusTick,90a04026-edaf-22ff-29f4-85da21b37800,1468205,611
2893230,2019-01-06T09:04:12.921Z,19010609,XBTUSD,Buy,100,3795.5,ZeroPlusTick,f932d8c1-c244-c43d-a096-bd02e2e45d92,1468305,612
2893242,2019-01-06T09:04:12.921Z,19010609,XBTUSD,Buy,20000,3795.5,ZeroPlusTick,2dda2df5-b4ae-1f31-2c0c-0520bc05c30d,1488305,613
2893252,2019-01-06T09:04:12.921Z,19010609,XBTUSD,Buy,22358,3795.5,ZeroPlusTick,ed07d05c-b681-9274-0d4f-3d24b065c76e,1510663,614
2893326,2019-01-06T09:04:18.195Z,19010609,XBTUSD,Buy,148,3795.5,PlusTick,4f39dd71-9392-8f49-ad0f-e2db525c3079,1510811,615
2893330,2019-01-06T09:04:18.844Z,19010609,XBTUSD,Buy,100,3795.5,ZeroPlusTick,8a794d74-22f4-6f5c-01b8-229b5d0916f5,1510911,616
2893344,2019-01-06T09:04:20.458Z,19010609,XBTUSD,Buy,195,3795.5,ZeroPlusTick,55745e48-b7d4-ba04-23a3-1db95cc78f3f,1511106,617
2893383,2019-01-06T09:04:22.484Z,19010609,XBTUSD,Buy,100,3795.5,ZeroPlusTick,2e2bb1ef-422b-1668-7c9c-3c98a1da536b,1511206,618
2893393,2019-01-06T09:04:22.484Z,19010609,XBTUSD,Buy,2,3795.5,ZeroPlusTick,f42a3411-b05f-67a3-cc12-f3fe08c2d79d,1511208,619
2893405,2019-01-06T09:04:22.484Z,19010609,XBTUSD,Buy,50,3795.5,ZeroPlusTick,d5343569-61c5-de37-d242-6705d683c346,1511258,620
2893412,2019-01-06T09:04:22.484Z,19010609,XBTUSD,Buy,40,3795.5,ZeroPlusTick,2bb578f9-dd93-ca2a-d2d4-94b93c16d775,1511298,621
2893422,2019-01-06T09:04:22.484Z,19010609,XBTUSD,Buy,16,3796,ZeroPlusTick,7145a5d5-02bf-2abe-b24f-be1716c83408,1511314,622
2893432,2019-01-06T09:04:22.484Z,19010609,XBTUSD,Buy,50,3796,ZeroPlusTick,3258116d-fb59-ca84-a9d8-6054860348e6,1511364,623
2893435,2019-01-06T09:04:22.484Z,19010609,XBTUSD,Buy,1000,3796,ZeroPlusTick,d5127438-0745-1175-5c81-d1b3b5a7c292,1512364,624
2893446,2019-01-06T09:04:22.484Z,19010609,XBTUSD,Buy,198,3796,ZeroPlusTick,10b31119-5d8f-0426-3e6c-c8e5c0ee79d4,1512562,625
2893455,2019-01-06T09:04:22.484Z,19010609,XBTUSD,Buy,34,3796,ZeroPlusTick,1ccfc0a6-1590-d0c2-72fd-6045328745e2,1512596,626
2893535,2019-01-06T09:04:28.065Z,19010609,XBTUSD,Buy,10000,3796,ZeroPlusTick,1f1fdde7-a466-efba-ccf3-d29ef01395ad,1522596,627
2893545,2019-01-06T09:04:28.299Z,19010609,XBTUSD,Buy,100,3796,ZeroPlusTick,620cecba-47cb-39e8-96f3-d2b8b45a2171,1522696,628
2893551,2019-01-06T09:04:28.299Z,19010609,XBTUSD,Buy,3200,3796,ZeroPlusTick,96e3084b-4d2d-3a93-9274-1d2d1166f223,1525896,629
2893563,2019-01-06T09:04:28.299Z,19010609,XBTUSD,Buy,620,3796,ZeroPlusTick,b3ded29a-95b1-c4d7-ba79-b916e61698db,1526516,630
2893615,2019-01-06T09:04:33.362Z,19010609,XBTUSD,Buy,11,3796,ZeroPlusTick,44d647e5-168e-a33c-b9a5-3110d6864e56,1526527,631
2893630,2019-01-06T09:04:35.840Z,19010609,XBTUSD,Buy,620,3796,ZeroPlusTick,c281e5e0-4fac-4566-5396-2a4143dbeb93,1527147,632
2893145,2019-01-06T09:03:57.181Z,19010609,XBTUSD,Buy,120,3795,ZeroPlusTick,bdb0d257-0ef8-432b-ea88-05a04109748a,1527267,633
2893162,2019-01-06T09:04:02.319Z,19010609,XBTUSD,Buy,1396,3795,ZeroPlusTick,85eaad13-aace-5dcd-8951-3e96932946f3,1528663,634
2893187,2019-01-06T09:04:07.055Z,19010609,XBTUSD,Buy,120,3795,ZeroPlusTick,2d4b49ff-bc00-55d4-66b7-de761334d518,1528783,635
2893197,2019-01-06T09:04:11.074Z,19010609,XBTUSD,Buy,1000,3795,ZeroPlusTick,4714361d-a7cd-6762-c1f3-b95ccb2a634f,1529783,636
2893211,2019-01-06T09:04:12.921Z,19010609,XBTUSD,Buy,20,3795,ZeroPlusTick,6eaf01ac-ab04-f39b-9f67-b207f8dcfb9f,1529803,637
2893217,2019-01-06T09:04:12.921Z,19010609,XBTUSD,Buy,11,3795,ZeroPlusTick,4ae3dd4f-8451-7c53-adcf-e92a734aa9d8,1529814,638
2893228,2019-01-06T09:04:12.921Z,19010609,XBTUSD,Buy,113,3795.5,ZeroPlusTick,5a81a1df-df17-2563-3793-53f8be11f8c1,1529927,639
2893244,2019-01-06T09:04:12.921Z,19010609,XBTUSD,Buy,510,3795.5,ZeroPlusTick,924369b6-193f-7255-5fa0-a89204291bd7,1530437,640
2893329,2019-01-06T09:04:18.844Z,19010609,XBTUSD,Buy,1015,3795.5,ZeroPlusTick,d6931508-50f0-ab77-9a21-b24921de839d,1531452,641
2893384,2019-01-06T09:04:22.484Z,19010609,XBTUSD,Buy,250,3795.5,ZeroPlusTick,4a83eb0a-2c7f-eee6-cfe9-c69d9dcd7a98,1531702,642
2893394,2019-01-06T09:04:22.484Z,19010609,XBTUSD,Buy,4,3795.5,ZeroPlusTick,a9d7003d-1ad0-0a5e-5b5f-835498e7c78e,1531706,643
2893403,2019-01-06T09:04:22.484Z,19010609,XBTUSD,Buy,8000,3795.5,ZeroPlusTick,afa50fcf-ddc4-d3b2-9120-587d6209f84d,1539706,644
2893419,2019-01-06T09:04:22.484Z,19010609,XBTUSD,Buy,500,3796,ZeroPlusTick,86de9dd9-0f4a-b3e9-ce7b-2c05b718e162,1540206,645
2893426,2019-01-06T09:04:22.484Z,19010609,XBTUSD,Buy,25,3796,ZeroPlusTick,691c3c75-20cf-e82f-cd81-4a68f3d66081,1540231,646
2893441,2019-01-06T09:04:22.484Z,19010609,XBTUSD,Buy,10,3796,ZeroPlusTick,26ca7b5d-31c9-d1e0-d57c-74fad2776578,1540241,647
2893454,2019-01-06T09:04:22.484Z,19010609,XBTUSD,Buy,33,3796,ZeroPlusTick,04240180-7c78-ec2c-a498-017557acc0a6,1540274,648
2893461,2019-01-06T09:04:22.484Z,19010609,XBTUSD,Buy,2497,3796,ZeroPlusTick,8e1fd61f-d6ca-58bb-8aef-0d69d5ce03d0,1542771,649
2893543,2019-01-06T09:04:28.299Z,19010609,XBTUSD,Buy,400,3796,ZeroPlusTick,d990904c-3dc2-f3a9-d888-db8fd908b190,1543171,650
2893555,2019-01-06T09:04:28.299Z,19010609,XBTUSD,Buy,620,3796,ZeroPlusTick,4e9857ee-1c10-623b-95da-a501fc102d9e,1543791,651
2893564,2019-01-06T09:04:28.299Z,19010609,XBTUSD,Buy,620,3796,ZeroPlusTick,4f2d299e-fac8-b06a-9136-681b83ead7f9,1544411,652
2893596,2019-01-06T09:04:30.693Z,19010609,XBTUSD,Buy,154,3796,ZeroPlusTick,9f5b2d45-6942-c4e3-fa8f-69d25d6c8cdd,1544565,653
2893613,2019-01-06T09:04:33.362Z,19010609,XBTUSD,Buy,166,3796,ZeroPlusTick,23024ffe-124d-8602-3602-6bf80b8a4f15,1544731,654
2893632,2019-01-06T09:04:35.840Z,19010609,XBTUSD,Buy,42,3796,ZeroPlusTick,16d2cab3-b9f0-a8b5-8309-53670e0d8477,1544773,655
2893704,2019-01-06T09:04:43.647Z,19010609,XBTUSD,Buy,11,3796,ZeroPlusTick,10718ec4-feb5-ee09-6d72-7f610cc2b172,1544784,656
2893717,2019-01-06T09:04:43.647Z,19010609,XBTUSD,Buy,124,3796,ZeroPlusTick,54c628cd-f6fe-e813-5827-e31d87a156fd,1544908,657
2893726,2019-01-06T09:04:43.647Z,19010609,XBTUSD,Buy,9992,3796.5,ZeroPlusTick,f305f09a-e564-11b6-3227-5f945607abb1,1554900,658
2893727,2019-01-06T09:04:43.863Z,19010609,XBTUSD,Buy,419,3796.5,ZeroPlusTick,1c110e4b-c822-c8f6-3393-5ee27dfbc343,1555319,659
2893728,2019-01-06T09:04:44.048Z,19010609,XBTUSD,Buy,8000,3796.5,ZeroPlusTick,3f51b5dc-31a2-1f89-a02b-372a8c8ee98d,1563319,660
2893738,2019-01-06T09:04:44.048Z,19010609,XBTUSD,Buy,100,3796.5,ZeroPlusTick,d43df66c-3761-d677-2b7c-3dc423aa9e10,1563419,661
2893752,2019-01-06T09:04:45.622Z,19010609,XBTUSD,Buy,1000,3796.5,ZeroPlusTick,5be83219-86b2-a28a-b1ad-a80a58de1c2d,1564419,662
2893243,2019-01-06T09:04:12.921Z,19010609,XBTUSD,Buy,24,3795.5,ZeroPlusTick,18360b67-1379-467b-cb16-d629b1c250ce,1564443,663
2893332,2019-01-06T09:04:18.844Z,19010609,XBTUSD,Buy,198,3795.5,ZeroPlusTick,e1ad6698-2afe-80f3-e118-77351f922b67,1564641,664
2893381,2019-01-06T09:04:22.484Z,19010609,XBTUSD,Buy,25,3795.5,ZeroPlusTick,7ad46ccb-98c2-f59f-db99-3ddee22b40d1,1564666,665
2893395,2019-01-06T09:04:22.484Z,19010609,XBTUSD,Buy,5000,3795.5,ZeroPlusTick,b0094baf-9c66-4d66-69bb-77a8fe628442,1569666,666
2893402,2019-01-06T09:04:22.484Z,19010609,XBTUSD,Buy,510,3795.5,ZeroPlusTick,46025f5e-b4f7-5869-dfa0-54eab883e097,1570176,667
2893413,2019-01-06T09:04:22.484Z,19010609,XBTUSD,Buy,11,3796,PlusTick,3495dead-5bde-8772-6a87-734b328ac6e2,1570187,668
2893429,2019-01-06T09:04:22.484Z,19010609,XBTUSD,Buy,68,3796,ZeroPlusTick,90cd8328-cae0-0779-95b3-b9aa4d1a265a,1570255,669
2893438,2019-01-06T09:04:22.484Z,19010609,XBTUSD,Buy,510,3796,ZeroPlusTick,f8d17aac-1390-37d1-9b71-da20020a6f8f,1570765,670
2893448,2019-01-06T09:04:22.484Z,19010609,XBTUSD,Buy,6002,3796,ZeroPlusTick,3ec2b214-50d2-bdaf-59ce-3170930b3bf7,1576767,671
2893456,2019-01-06T09:04:22.484Z,19010609,XBTUSD,Buy,27,3796,ZeroPlusTick,3c316fc5-e2ef-2aea-25d0-991a726bd97c,1576794,672
2893498,2019-01-06T09:04:24.294Z,19010609,XBTUSD,Buy,11,3796,ZeroPlusTick,c28a0ec4-1a76-add9-3c2a-8d0630bba07a,1576805,673
2893538,2019-01-06T09:04:28.299Z,19010609,XBTUSD,Buy,42833,3796,ZeroPlusTick,4c68db2e-ca60-f9d3-c597-8f1b25663a35,1619638,674
2893548,2019-01-06T09:04:28.299Z,19010609,XBTUSD,Buy,10,3796,ZeroPlusTick,f8271394-0a66-48e2-1aaa-0fa32660ccd0,1619648,675
2893558,2019-01-06T09:04:28.299Z,19010609,XBTUSD,Buy,1,3796,ZeroPlusTick,dbfba5c7-3ca4-1ed5-ecff-ecb9dbae047a,1619649,676
2893567,2019-01-06T09:04:28.299Z,19010609,XBTUSD,Buy,620,3796,ZeroPlusTick,b81452da-a6cc-c1e9-905d-50eb35d5ac07,1620269,677
2893606,2019-01-06T09:04:33.354Z,19010609,XBTUSD,Buy,400,3796,ZeroPlusTick,a9912dd5-01cb-f0fe-51de-b00811d70020,1620669,678
2893607,2019-01-06T09:04:33.362Z,19010609,XBTUSD,Buy,8151,3796,ZeroPlusTick,ccc2bc5e-4cba-ebe0-4035-d3a52b576b32,1628820,679
2893617,2019-01-06T09:04:33.362Z,19010609,XBTUSD,Buy,8715,3796,ZeroPlusTick,f6a90471-cd94-03d2-bebc-fb123e186b6f,1637535,680
2893633,2019-01-06T09:04:35.840Z,19010609,XBTUSD,Buy,120,3796,ZeroPlusTick,fdea6d7f-a5a0-20d7-1a92-01843ff0c32d,1637655,681
2893649,2019-01-06T09:04:37.779Z,19010609,XBTUSD,Buy,741,3796,ZeroPlusTick,6d3d8113-9709-1609-0f5a-07255241ff24,1638396,682
2893660,2019-01-06T09:04:38.724Z,19010609,XBTUSD,Buy,5000,3796,ZeroPlusTick,03114b68-672f-13ff-dcfe-9f89c4d91a72,1643396,683
2893694,2019-01-06T09:04:41.147Z,19010609,XBTUSD,Buy,4309,3796,ZeroPlusTick,4d02caaa-cc0b-a734-6278-d7e8dd6de28d,1647705,684
2893709,2019-01-06T09:04:43.647Z,19010609,XBTUSD,Buy,42,3796,ZeroPlusTick,7a030096-228c-b5b4-9417-da42bdfc5a71,1647747,685
2893718,2019-01-06T09:04:43.647Z,19010609,XBTUSD,Buy,10000,3796,ZeroPlusTick,fe6e2159-bd4f-71ad-8cb7-a0e5a6b97690,1657747,686
2893725,2019-01-06T09:04:43.647Z,19010609,XBTUSD,Buy,1000,3796.5,PlusTick,f286e461-1268-c1d4-b096-610a9553cd49,1658747,687
2893730,2019-01-06T09:04:44.048Z,19010609,XBTUSD,Buy,11,3796.5,ZeroPlusTick,c2063286-be58-aa51-3bb1-6d6acf9cc624,1658758,688
2893779,2019-01-06T09:04:51.775Z,19010609,XBTUSD,Buy,50,3796.5,ZeroPlusTick,62af4bbe-63d0-75b9-1b61-554cacf37b87,1658808,689
2893783,2019-01-06T09:04:51.775Z,19010609,XBTUSD,Buy,500,3796.5,ZeroPlusTick,68f0d14a-c2d4-408c-a7ca-74b09f38b1ee,1659308,690
2893799,2019-01-06T09:04:54.235Z,19010609,XBTUSD,Buy,1000,3796.5,ZeroPlusTick,e36e2d18-8ecd-f96c-d42e-c4cfb5d2dcb4,1660308,691
2893809,2019-01-06T09:04:55.199Z,19010609,XBTUSD,Sell,20,3796,ZeroMinusTick,a0f67fd7-17d4-7238-ecd4-52c0004c7921,1660328,692
2893837,2019-01-06T09:04:57.791Z,19010609,XBTUSD,Buy,620,3796.5,ZeroPlusTick,0e7e11b5-5c68-8740-5fe7-83cd5964211f,1660948,693
2893334,2019-01-06T09:04:18.844Z,19010609,XBTUSD,Buy,3,3795.5,ZeroPlusTick,3146c9e8-7659-7b12-274c-c447c28ed1b9,1660951,694
2893388,2019-01-06T09:04:22.484Z,19010609,XBTUSD,Buy,30,3795.5,ZeroPlusTick,594b5fa0-fcf4-a978-718b-c8e799bc18d5,1660981,695
2893398,2019-01-06T09:04:22.484Z,19010609,XBTUSD,Buy,11033,3795.5,ZeroPlusTick,90780d27-dc2e-7b8f-dded-7a1feecffad9,1672014,696
2893404,2019-01-06T09:04:22.484Z,19010609,XBTUSD,Buy,1000,3795.5,ZeroPlusTick,92c36dc1-330c-b0d1-a7f7-4c6e89117573,1673014,697
2893415,2019-01-06T09:04:22.484Z,19010609,XBTUSD,Buy,125,3796,ZeroPlusTick,1a906230-e438-670c-d446-8a21e0299968,1673139,698
2893425,2019-01-06T09:04:22.484Z,19010609,XBTUSD,Buy,100,3796,ZeroPlusTick,fc0a843b-c19b-c729-5475-323407cd13a0,1673239,699
2893436,2019-01-06T09:04:22.484Z,19010609,XBTUSD,Buy,20,3796,ZeroPlusTick,170a01b7-409f-32f2-c546-bddd4d2724cb,1673259,700
2893447,2019-01-06T09:04:22.484Z,19010609,XBTUSD,Buy,11,3796,ZeroPlusTick,ba393fb7-b327-b210-cb69-6160579c3421,1673270,701
2893458,2019-01-06T09:04:22.484Z,19010609,XBTUSD,Buy,43,3796,ZeroPlusTick,ed52e9a6-77f2-85df-f665-b4db7863eada,1673313,702
2893467,2019-01-06T09:04:22.600Z,19010609,XBTUSD,Buy,900,3796,ZeroPlusTick,9460c51f-91df-0eda-d69d-a96147145299,1674213,703
2893484,2019-01-06T09:04:23.144Z,19010609,XBTUSD,Buy,300,3796,ZeroPlusTick,dd974053-2c02-a53e-76df-a3b078193146,1674513,704
2893530,2019-01-06T09:04:27.396Z,19010609,XBTUSD,Buy,1000,3796,ZeroPlusTick,a6607c87-96b2-d174-6bed-26c67ca47be7,1675513,705
2893544,2019-01-06T09:04:28.299Z,19010609,XBTUSD,Buy,5,3796,ZeroPlusTick,663fbf39-4eb6-f670-c95d-79d5e27659de,1675518,706
2893552,2019-01-06T09:04:28.299Z,19010609,XBTUSD,Buy,23,3796,ZeroPlusTick,54abb5f7-489e-837d-8e55-76b6d9bb337d,1675541,707
2893566,2019-01-06T09:04:28.299Z,19010609,XBTUSD,Buy,620,3796,ZeroPlusTick,85f39a39-b094-cda2-e2d9-9336760b216e,1676161,708
2893571,2019-01-06T09:04:28.299Z,19010609,XBTUSD,Buy,34569,3796,ZeroPlusTick,6cf4276d-c709-6742-52bb-d2694ff897ac,1710730,709
2893572,2019-01-06T09:04:28.453Z,19010609,XBTUSD,Buy,1500,3796,ZeroPlusTick,07451f74-c4a4-4b2d-3528-4405d13b7182,1712230,710
2893589,2019-01-06T09:04:29.989Z,19010609,XBTUSD,Buy,278,3796,ZeroPlusTick,47e1de42-6a08-8db3-00db-8d1a4f721e99,1712508,711
2893604,2019-01-06T09:04:32.186Z,19010609,XBTUSD,Buy,10000,3796,ZeroPlusTick,59b3d009-5464-2042-8283-a9242ec09e3e,1722508,712
2893609,2019-01-06T09:04:33.362Z,19010609,XBTUSD,Buy,620,3796,ZeroPlusTick,b619f450-110b-7ba9-6022-1de10a017f04,1723128,713
2893628,2019-01-06T09:04:35.840Z,19010609,XBTUSD,Buy,3647,3796,ZeroPlusTick,064c2542-6773-4c6c-114f-7c50027bf3ff,1726775,714
2893711,2019-01-06T09:04:43.647Z,19010609,XBTUSD,Buy,2300,3796,ZeroPlusTick,7b1ce81c-7693-ac81-b260-daff200c8fd9,1729075,715
2893720,2019-01-06T09:04:43.647Z,19010609,XBTUSD,Buy,50,3796,ZeroPlusTick,1b1492c8-11c4-6f85-d5f0-ab9b69b66854,1729125,716
2893724,2019-01-06T09:04:43.647Z,19010609,XBTUSD,Buy,21,3796,ZeroPlusTick,cf7517e6-beac-21aa-bb0f-54d9e23b6cc3,1729146,717
2893729,2019-01-06T09:04:44.048Z,19010609,XBTUSD,Buy,1589,3796.5,ZeroPlusTick,ce3cc14b-6d75-fde0-c390-80c230af6a45,1730735,718
2893743,2019-01-06T09:04:44.048Z,19010609,XBTUSD,Buy,100,3796.5,ZeroPlusTick,2c53de73-4720-3cc1-0897-f8425d6bb964,1730835,719
2893781,2019-01-06T09:04:51.775Z,19010609,XBTUSD,Buy,1,3796.5,ZeroPlusTick,aeb7dcd4-cd18-145c-8300-477cc001101d,1730836,720
2893816,2019-01-06T09:04:55.292Z,19010609,XBTUSD,Buy,3,3796.5,ZeroPlusTick,a47b9fd0-718b-ca8a-459b-8902dc897c68,1730839,721
2893842,2019-01-06T09:04:57.791Z,19010609,XBTUSD,Buy,620,3796.5,ZeroPlusTick,a46be449-86b2-f9a7-708b-cf1e0864a871,1731459,722
2893887,2019-01-06T09:05:02.869Z,19010609,XBTUSD,Sell,10,3796,ZeroMinusTick,9c5c9c15-f0be-ec0e-6f64-fdea21f12fba,1731469,723
2893911,2019-01-06T09:05:04.651Z,19010609,XBTUSD,Buy,620,3796.5,ZeroPlusTick,79225603-e920-cb0c-4808-25718a4f643f,1732089,724
2893916,2019-01-06T09:05:05.124Z,19010609,XBTUSD,Buy,2065,3796.5,ZeroPlusTick,4bfc1578-f65a-1262-2bf6-1f9d6bc80919,1734154,725
2893379,2019-01-06T09:04:22.484Z,19010609,XBTUSD,Buy,25,3795.5,PlusTick,134775b7-5daa-ca91-95be-57d35a7becf0,1734179,726
2893389,2019-01-06T09:04:22.484Z,19010609,XBTUSD,Buy,300,3795.5,ZeroPlusTick,1cec9769-8ca4-24b7-99f4-54990173c38a,1734479,727
2893399,2019-01-06T09:04:22.484Z,19010609,XBTUSD,Buy,11959,3795.5,ZeroPlusTick,b44f4b19-5c59-b90a-a42a-2684cb43a299,1746438,728
2893408,2019-01-06T09:04:22.484Z,19010609,XBTUSD,Buy,11,3795.5,ZeroPlusTick,68dfc4e1-0c73-5453-1c79-cfec59a0e8bf,1746449,729
2893417,2019-01-06T09:04:22.484Z,19010609,XBTUSD,Buy,25,3796,ZeroPlusTick,f61d0afd-5fb3-25a8-ea0f-ea556426d43b,1746474,730
2893424,2019-01-06T09:04:22.484Z,19010609,XBTUSD,Buy,100,3796,ZeroPlusTick,3a003526-3130-2e0a-6075-6c223cfb0ae4,1746574,731
2893433,2019-01-06T09:04:22.484Z,19010609,XBTUSD,Buy,500,3796,ZeroPlusTick,62f92023-97bb-07ea-ae2d-af00e60dcb3b,1747074,732
2893443,2019-01-06T09:04:22.484Z,19010609,XBTUSD,Buy,1126,3796,ZeroPlusTick,29e6c1e5-032b-afcf-2782-61200062f14c,1748200,733
2893453,2019-01-06T09:04:22.484Z,19010609,XBTUSD,Buy,32,3796,ZeroPlusTick,c2ff11dd-bd36-b3c2-4f0f-1f08b9718c32,1748232,734
2893462,2019-01-06T09:04:22.484Z,19010609,XBTUSD,Buy,3000,3796,ZeroPlusTick,5a227d3c-ef90-9c94-1fae-1bd67e0be754,1751232,735
2893546,2019-01-06T09:04:28.299Z,19010609,XBTUSD,Buy,6,3796,ZeroPlusTick,27d3cb5e-19bf-1451-cec7-adb6dcf8b16a,1751238,736
2893549,2019-01-06T09:04:28.299Z,19010609,XBTUSD,Buy,50,3796,ZeroPlusTick,989ea7bf-e839-4701-0fb4-3ce2976e548b,1751288,737
2893560,2019-01-06T09:04:28.299Z,19010609,XBTUSD,Buy,8764,3796,ZeroPlusTick,61afd9d2-2a95-b9a0-4b49-d17268926302,1760052,738
2893570,2019-01-06T09:04:28.299Z,19010609,XBTUSD,Buy,42,3796,ZeroPlusTick,2f12ea5e-a9af-fa93-ce1f-14879f74adfa,1760094,739
2893581,2019-01-06T09:04:28.978Z,19010609,XBTUSD,Buy,20,3796,PlusTick,73bcf81e-5189-bf4c-1243-cffb570731e3,1760114,740
2893582,2019-01-06T09:04:28.986Z,19010609,XBTUSD,Buy,168,3796,ZeroPlusTick,b509c438-179c-87ab-da13-646afffac643,1760282,741
2893614,2019-01-06T09:04:33.362Z,19010609,XBTUSD,Buy,250,3796,ZeroPlusTick,0b2689b9-5a0b-3635-9332-cf9b0e03eb75,1760532,742
2893637,2019-01-06T09:04:35.840Z,19010609,XBTUSD,Buy,2266,3796,ZeroPlusTick,9859cf11-b899-5d09-1b72-3131a83461c2,1762798,743
2893695,2019-01-06T09:04:41.147Z,19010609,XBTUSD,Buy,2691,3796,ZeroPlusTick,20e40ad5-2c28-2351-68d4-886f88db8d6c,1765489,744
2893708,2019-01-06T09:04:43.647Z,19010609,XBTUSD,Buy,120,3796,ZeroPlusTick,b563089c-5dab-68d3-7216-ac8db15ecd52,1765609,745
2893715,2019-01-06T09:04:43.647Z,19010609,XBTUSD,Buy,33,3796,ZeroPlusTick,bf703d05-fbac-488c-67cf-7c0cb229fe2d,1765642,746
2893733,2019-01-06T09:04:44.048Z,19010609,XBTUSD,Buy,11,3796.5,ZeroPlusTick,93d64ae2-dd65-199c-ff7d-e795aa35cdc3,1765653,747
2893739,2019-01-06T09:04:44.048Z,19010609,XBTUSD,Buy,25,3796.5,ZeroPlusTick,0adf811f-da9d-4985-622d-b6ccfb25d5a1,1765678,748
2893778,2019-01-06T09:04:51.775Z,19010609,XBTUSD,Buy,2467,3796.5,ZeroPlusTick,1d32db5e-35cb-923a-530c-645bc0c30edd,1768145,749
2893787,2019-01-06T09:04:51.775Z,19010609,XBTUSD,Buy,198,3796.5,ZeroPlusTick,e4dde102-49f3-4a4c-c139-faeb22159294,1768343,750
2893804,2019-01-06T09:04:54.925Z,19010609,XBTUSD,Buy,1300,3796.5,ZeroPlusTick,48e9c507-12ca-f37a-b251-0d22206bb08c,1769643,751
2893811,2019-01-06T09:04:55.292Z,19010609,XBTUSD,Buy,428,3796.5,ZeroPlusTick,9daa0895-4d50-a1d0-ec54-1a76ce275a86,1770071,752
2893820,2019-01-06T09:04:55.292Z,19010609,XBTUSD,Buy,4,3796.5,ZeroPlusTick,730153b2-a211-8910-06cf-c93cb75ac507,1770075,753
2893836,2019-01-06T09:04:57.791Z,19010609,XBTUSD,Buy,5657,3796.5,ZeroPlusTick,fc3ca128-ed31-a6b6-d078-0161b6ae71c0,1775732,754
2893850,2019-01-06T09:04:58.855Z,19010609,XBTUSD,Sell,3405,3796,ZeroMinusTick,97780f82-befb-cdc8-7ec0-72f584e0073d,1779137,755
2893886,2019-01-06T09:05:02.378Z,19010609,XBTUSD,Sell,2000,3796,ZeroMinusTick,29ff5689-68f9-dbca-94a6-4bb1c0ca315a,1781137,756
2893922,2019-01-06T09:05:05.124Z,19010609,XBTUSD,Buy,755,3796.5,ZeroPlusTick,70fe8cda-0055-83a0-e2d5-0301f8b9c774,1781892,757
2893382,2019-01-06T09:04:22.484Z,19010609,XBTUSD,Buy,5000,3795.5,ZeroPlusTick,e2ac9d50-adde-6fd6-8b13-0091995af6f1,1786892,758
2893396,2019-01-06T09:04:22.484Z,19010609,XBTUSD,Buy,10,3795.5,ZeroPlusTick,d9962ce7-0095-91b6-6eb9-e0f34c2fdc6d,1786902,759
2893409,2019-01-06T09:04:22.484Z,19010609,XBTUSD,Buy,5100,3795.5,ZeroPlusTick,1393bdbb-fa53-c6bc-85c2-1d37a03e6255,1792002,760
2893414,2019-01-06T09:04:22.484Z,19010609,XBTUSD,Buy,28,3796,ZeroPlusTick,d100c58d-458d-b975-c903-daa89d4bd223,1792030,761
2893431,2019-01-06T09:04:22.484Z,19010609,XBTUSD,Buy,1000,3796,ZeroPlusTick,f31a878b-4ff6-cc6d-169a-6117866eb964,1793030,762
2893437,2019-01-06T09:04:22.484Z,19010609,XBTUSD,Buy,200,3796,ZeroPlusTick,8069d90e-cb02-9999-6a7e-2118e47d2ecc,1793230,763
2893445,2019-01-06T09:04:22.484Z,19010609,XBTUSD,Buy,30,3796,ZeroPlusTick,4c048916-da57-b8cc-4e11-2e8481d4598a,1793260,764
2893457,2019-01-06T09:04:22.484Z,19010609,XBTUSD,Buy,38,3796,ZeroPlusTick,cbf80254-f25e-3fdb-f51b-3a8ca4d4779f,1793298,765
2893476,2019-01-06T09:04:23.049Z,19010609,XBTUSD,Buy,900,3796,ZeroPlusTick,4f276de9-bff1-9538-7bd0-ca88d50ac5da,1794198,766
2893477,2019-01-06T09:04:23.049Z,19010609,XBTUSD,Buy,1000,3796,ZeroPlusTick,e00a3358-92da-c119-9c3c-ea51c8d48147,1795198,767
2893478,2019-01-06T09:04:23.049Z,19010609,XBTUSD,Buy,18,3796,ZeroPlusTick,3222663d-b27f-a6d7-049d-b8f5524c1dc2,1795216,768
2893479,2019-01-06T09:04:23.084Z,19010609,XBTUSD,Buy,1000,3796,ZeroPlusTick,3c28777e-6531-4324-9d18-d2d6a1ac9650,1796216,769
2893481,2019-01-06T09:04:23.084Z,19010609,XBTUSD,Buy,200,3796,ZeroPlusTick,0c403d35-9a57-f291-b78d-4a1a3f6baeba,1796416,770
2893547,2019-01-06T09:04:28.299Z,19010609,XBTUSD,Buy,10,3796,ZeroPlusTick,a023a5b9-5a26-dc30-e9a1-f53258590dd2,1796426,771
2893553,2019-01-06T09:04:28.299Z,19010609,XBTUSD,Buy,116,3796,ZeroPlusTick,4f21d870-4836-380f-a6af-a0fdc856350f,1796542,772
2893565,2019-01-06T09:04:28.299Z,19010609,XBTUSD,Buy,620,3796,ZeroPlusTick,ec29a478-29e2-3348-53ee-f9900d6adbae,1797162,773
2893616,2019-01-06T09:04:33.362Z,19010609,XBTUSD,Buy,10702,3796,ZeroPlusTick,64d4204f-48dc-cfa4-d5c0-893510bd2962,1807864,774
2893618,2019-01-06T09:04:33.362Z,19010609,XBTUSD,Buy,7474,3796,ZeroPlusTick,37bb98ed-d891-3132-ebd6-20ac7e9370b5,1815338,775
2893629,2019-01-06T09:04:35.840Z,19010609,XBTUSD,Buy,510,3796,ZeroPlusTick,571211d8-f9a6-5abf-d948-cc95ac479d9c,1815848,776
2893641,2019-01-06T09:04:36.251Z,19010609,XBTUSD,Buy,1000,3796,ZeroPlusTick,b6e9afcc-bf05-ffcf-e145-0d33e45daab5,1816848,777
2893646,2019-01-06T09:04:37.594Z,19010609,XBTUSD,Buy,303,3796,ZeroPlusTick,4757d22a-9ff0-35ec-a8c3-e4c99656c293,1817151,778
2893647,2019-01-06T09:04:37.779Z,19010609,XBTUSD,Buy,227,3796,ZeroPlusTick,e98b1e33-aeab-6eed-cd60-f35e377d9a27,1817378,779
2893707,2019-01-06T09:04:43.647Z,19010609,XBTUSD,Buy,510,3796,ZeroPlusTick,4d3e2154-6389-ba54-0c12-bf8f7c112295,1817888,780
2893713,2019-01-06T09:04:43.647Z,19010609,XBTUSD,Buy,28,3796,ZeroPlusTick,a3069283-6ebc-3aa4-32f8-0246606f7633,1817916,781
2893723,2019-01-06T09:04:43.647Z,19010609,XBTUSD,Buy,31,3796,ZeroPlusTick,87e3edff-4949-60a6-4e1b-becd81f0c8a0,1817947,782
2893731,2019-01-06T09:04:44.048Z,19010609,XBTUSD,Buy,28,3796.5,ZeroPlusTick,5dcb3fb1-2126-9537-2b28-1900e9599c39,1817975,783
2893741,2019-01-06T09:04:44.048Z,19010609,XBTUSD,Buy,27,3796.5,ZeroPlusTick,c5c7dbc9-eb4d-066c-4ed2-5420c62164bf,1818002,784
2893780,2019-01-06T09:04:51.775Z,19010609,XBTUSD,Buy,510,3796.5,ZeroPlusTick,6b4882ec-5d26-be6d-f47e-5868c96e008a,1818512,785
2893790,2019-01-06T09:04:51.775Z,19010609,XBTUSD,Buy,311,3796.5,ZeroPlusTick,b48d9ba3-72b8-6cce-8bf6-96c61840f747,1818823,786
2893798,2019-01-06T09:04:53.779Z,19010609,XBTUSD,Buy,72,3796.5,ZeroPlusTick,021fe4f7-8947-7dfd-54d9-1ad4e5f5a82d,1818895,787
2893808,2019-01-06T09:04:55.199Z,19010609,XBTUSD,Sell,90,3796,ZeroMinusTick,bcb974e7-9dad-7538-1362-8d7a9f07aeb3,1818985,788
2893818,2019-01-06T09:04:55.292Z,19010609,XBTUSD,Buy,2,3796.5,ZeroPlusTick,e7337720-e16e-5aaa-913a-3a91c411e290,1818987,789
2893539,2019-01-06T09:04:28.299Z,19010609,XBTUSD,Buy,5000,3796,ZeroPlusTick,3f335684-be59-4cc5-730d-d2f696be6dcb,1823987,790
2893554,2019-01-06T09:04:28.299Z,19010609,XBTUSD,Buy,11033,3796,ZeroPlusTick,befecf9b-35a7-7b60-8704-571a1d821cf4,1835020,791
2893568,2019-01-06T09:04:28.299Z,19010609,XBTUSD,Buy,620,3796,ZeroPlusTick,42384a6a-2fdb-ae3c-2368-53ff2359458b,1835640,792
2893575,2019-01-06T09:04:28.695Z,19010609,XBTUSD,Buy,900,3796,ZeroPlusTick,b5708902-0eb9-dc62-54c7-aa4d13757eb2,1836540,793
2893576,2019-01-06T09:04:28.750Z,19010609,XBTUSD,Sell,443,3795.5,MinusTick,248ba0eb-e777-1534-67c8-88b11eeb296e,1836983,794
2893592,2019-01-06T09:04:30.534Z,19010609,XBTUSD,Buy,1300,3796,ZeroPlusTick,51bfcd83-4524-92d5-1c68-3b03b63aadfb,1838283,795
2893593,2019-01-06T09:04:30.584Z,19010609,XBTUSD,Buy,10,3796,ZeroPlusTick,06ce4138-4f20-58d2-46eb-d3e5bfb2326a,1838293,796
2893597,2019-01-06T09:04:30.848Z,19010609,XBTUSD,Buy,3150,3796,ZeroPlusTick,0e0d37cc-df02-b524-46e3-7051a92aa57b,1841443,797
2893600,2019-01-06T09:04:31.342Z,19010609,XBTUSD,Buy,2000,3796,ZeroPlusTick,3ea949c1-b2e6-2799-1bf2-072ecc494427,1843443,798
2893601,2019-01-06T09:04:31.462Z,19010609,XBTUSD,Buy,10000,3796,ZeroPlusTick,714488ee-8760-89a7-fc26-bf4d4331d9b1,1853443,799
2893602,2019-01-06T09:04:31.755Z,19010609,XBTUSD,Buy,2100,3796,ZeroPlusTick,3d581a38-7476-a5d6-7cd4-52f9486fb6db,1855543,800
2893611,2019-01-06T09:04:33.362Z,19010609,XBTUSD,Buy,11,3796,ZeroPlusTick,eea6e2d4-8446-0b90-194f-99bc2ea102bc,1855554,801
2893631,2019-01-06T09:04:35.840Z,19010609,XBTUSD,Buy,620,3796,ZeroPlusTick,39002500-09e4-9e32-dfb8-e3a251fea89b,1856174,802
2893648,2019-01-06T09:04:37.779Z,19010609,XBTUSD,Buy,32,3796,ZeroPlusTick,c645ba13-4414-a1cd-6a00-29f2b122cfd6,1856206,803
2893696,2019-01-06T09:04:41.356Z,19010609,XBTUSD,Buy,1000,3796,ZeroPlusTick,a567cf9d-39c3-a0ae-47b4-a5f8cef52e2e,1857206,804
2893703,2019-01-06T09:04:43.647Z,19010609,XBTUSD,Buy,34,3796,ZeroPlusTick,0b587a69-02ac-12e7-ce64-e1219e03a2f7,1857240,805
2893719,2019-01-06T09:04:43.647Z,19010609,XBTUSD,Buy,11,3796,ZeroPlusTick,499aee21-cd5f-1c1c-7028-a05a505d7b3b,1857251,806
2893735,2019-01-06T09:04:44.048Z,19010609,XBTUSD,Buy,250,3796.5,ZeroPlusTick,b222449c-de8d-38c2-e712-1e812739dd42,1857501,807
2893742,2019-01-06T09:04:44.048Z,19010609,XBTUSD,Buy,3,3796.5,ZeroPlusTick,a3eb40d2-363e-36a8-9875-c0d49660a3a1,1857504,808
