id,timestamp,hour,symbol,side,size,price,tickDirection,trdMatchID,volTime,tickTime
3019218,2019-01-06T13:00:05.360Z,19010613,XBTUSD,Sell,5,3811.5,ZeroMinusTick,9387ad03-14aa-9ad3-7cc3-3c6c762df99b,5,1
3019222,2019-01-06T13:00:05.944Z,19010613,XBTUSD,Sell,900,3811.5,ZeroMinusTick,ac31e79d-588f-aefe-24e9-70ae9eda9a1b,905,2
3019251,2019-01-06T13:00:08.373Z,19010613,XBTUSD,Sell,300,3811.5,ZeroMinusTick,b547d7e6-ef03-fbda-62a8-2a83b46bc1e7,1205,3
3019258,2019-01-06T13:00:09.692Z,19010613,XBTUSD,Sell,15691,3811.5,ZeroMinusTick,5242255a-a84b-b045-b7a6-0ac8f73769d3,16896,4
3019247,2019-01-06T13:00:08.350Z,19010613,XBTUSD,Sell,5000,3811.5,ZeroMinusTick,a07b7edc-ac8e-09ca-b4bf-126a6f475a13,21896,5
3019266,2019-01-06T13:00:09.837Z,19010613,XBTUSD,Sell,518,3811.5,MinusTick,d3c883d4-00b9-b8f9-2807-5864505ff634,22414,6
3019291,2019-01-06T13:00:12.099Z,19010613,XBTUSD,Sell,50,3811.5,MinusTick,5daca055-5b61-2270-c77d-3f4eedd218c7,22464,7
3019292,2019-01-06T13:00:12.305Z,19010613,XBTUSD,Sell,547,3811.5,ZeroMinusTick,bf651a35-5615-cfb2-d24a-dbe47cd3b072,23011,8
3019216,2019-01-06T13:00:05.249Z,19010613,XBTUSD,Sell,850,3811.5,ZeroMinusTick,feae82a1-8644-bee9-f03d-091ad20d8c41,23861,9
3019243,2019-01-06T13:00:08.282Z,19010613,XBTUSD,Sell,18576,3811.5,ZeroMinusTick,b9f21f2e-a4aa-c1ab-ea6d-2d1cfe83583f,42437,10
3019246,2019-01-06T13:00:08.350Z,19010613,XBTUSD,Sell,5000,3811.5,ZeroMinusTick,81d4ea7f-e1e3-f59f-adf6-a5b3a6a2e8d8,47437,11
3019255,2019-01-06T13:00:09.129Z,19010613,XBTUSD,Sell,10000,3811.5,ZeroMinusTick,22498876-986b-ff6a-9643-74956d40efc8,57437,12
3019267,2019-01-06T13:00:09.837Z,19010613,XBTUSD,Sell,2,3811.5,ZeroMinusTick,f7aa8151-5d11-c91b-050a-6ba355848f46,57439,13
3019274,2019-01-06T13:00:10.759Z,19010613,XBTUSD,Sell,2000,3811.5,ZeroMinusTick,b0e671b6-7042-9faf-5ca2-21dffff69a77,59439,14
3019301,2019-01-06T13:00:15.710Z,19010613,XBTUSD,Sell,10,3811.5,ZeroMinusTick,64ebafa8-5712-edda-d7c5-5c7a39a23b6b,59449,15
3019312,2019-01-06T13:00:15.776Z,19010613,XBTUSD,Sell,750,3811.5,ZeroMinusTick,2d8d013d-607e-39d5-c6e4-caa695c42181,60199,16
3019322,2019-01-06T13:00:15.776Z,19010613,XBTUSD,Sell,568,3811.5,ZeroMinusTick,50a1e881-6060-820d-4e8a-9af3d8a6c891,60767,17
3019350,2019-01-06T13:00:18.402Z,19010613,XBTUSD,Sell,10,3811.5,ZeroMinusTick,ccf2b5eb-c4e5-a70b-efa7-763ccb13f932,60777,18
3019379,2019-01-06T13:00:19.842Z,19010613,XBTUSD,Sell,522,3811.5,ZeroMinusTick,72a35d2a-c86c-9be6-64db-78dd20054dd8,61299,19
3019400,2019-01-06T13:00:25.616Z,19010613,XBTUSD,Sell,50,3811.5,ZeroMinusTick,f63d5e2f-94da-97d8-44d7-a7e04819ac8e,61349,20
3019410,2019-01-06T13:00:25.616Z,19010613,XBTUSD,Sell,100,3811.5,ZeroMinusTick,93a86a4b-c300-428f-3dbd-9c0c45d1cc3c,61449,21
3019419,2019-01-06T13:00:25.616Z,19010613,XBTUSD,Sell,6000,3811.5,ZeroMinusTick,1ed0b813-2e52-86e0-897b-1582622744a9,67449,22
3019423,2019-01-06T13:00:25.616Z,19010613,XBTUSD,Sell,10,3811.5,ZeroMinusTick,50c5e3e3-beb5-1e51-91f5-dba53a959564,67459,23
3019432,2019-01-06T13:00:25.616Z,19010613,XBTUSD,Sell,470,3811,ZeroMinusTick,a388e9fb-8689-93b6-67c3-6520f55f6b80,67929,24
3019194,2019-01-06T13:00:04.304Z,19010613,XBTUSD,Buy,50,3812,PlusTick,33d6b179-aaea-6c7d-f40b-f175b4b49936,67979,25
3019201,2019-01-06T13:00:04.993Z,19010613,XBTUSD,Sell,4150,3811.5,ZeroMinusTick,441cb5cb-e582-8da5-538d-bea9e3ff51dc,72129,26
3019256,2019-01-06T13:00:09.268Z,19010613,XBTUSD,Buy,32,3812,PlusTick,691d6981-5525-daa2-a4f0-6ab4801557fb,72161,27
3019264,2019-01-06T13:00:09.734Z,19010613,XBTUSD,Buy,3725,3812,PlusTick,ea91d4da-e7bb-4e26-430a-6f118cba23ac,75886,28
3019275,2019-01-06T13:00:10.759Z,19010613,XBTUSD,Sell,100,3811.5,ZeroMinusTick,4716082c-07a4-c0d2-4e32-96896d396845,75986,29
3019287,2019-01-06T13:00:11.646Z,19010613,XBTUSD,Sell,124,3811.5,ZeroMinusTick,6f1b5e34-851d-a380-199f-6590eb95fd51,76110,30
3019290,2019-01-06T13:00:11.909Z,19010613,XBTUSD,Buy,500,3812,PlusTick,b0fea505-a5b7-a98c-83c7-80c4605dd8e7,76610,31
3019293,2019-01-06T13:00:12.305Z,19010613,XBTUSD,Sell,1453,3811.5,ZeroMinusTick,4c13498b-d609-a371-2d9c-6d9ac31ecfe6,78063,32
3019307,2019-01-06T13:00:15.776Z,19010613,XBTUSD,Sell,100,3811.5,ZeroMinusTick,0db3580e-9386-fced-1d71-7364066c6a69,78163,33
3019315,2019-01-06T13:00:15.776Z,19010613,XBTUSD,Sell,113,3811.5,ZeroMinusTick,483c5d15-71ae-af27-de79-d4c249f9563f,78276,34
3019325,2019-01-06T13:00:15.776Z,19010613,XBTUSD,Sell,1288,3811.5,ZeroMinusTick,195b1205-e87a-2a3b-85f1-16e751f96549,79564,35
3019337,2019-01-06T13:00:17.532Z,19010613,XBTUSD,Sell,150,3811.5,ZeroMinusTick,d41e1399-849f-e3d5-b7f9-74c0ff3e3ba8,79714,36
3019351,2019-01-06T13:00:18.402Z,19010613,XBTUSD,Sell,18,3811.5,ZeroMinusTick,90df3c1a-6f42-5d9f-175a-f1bb6f83beff,79732,37
3019357,2019-01-06T13:00:18.845Z,19010613,XBTUSD,Sell,11,3811.5,ZeroMinusTick,bc5d9ccf-7ce8-d535-7ea8-7a593a5b6871,79743,38
3019383,2019-01-06T13:00:20.720Z,19010613,XBTUSD,Sell,400,3811.5,ZeroMinusTick,cf92774d-6a96-6431-7225-b7adf008eb4b,80143,39
3019188,2019-01-06T13:00:03.911Z,19010613,XBTUSD,Buy,400,3812,ZeroPlusTick,2d90b884-7e7f-2b21-f972-8115d4269f74,80543,40
3019189,2019-01-06T13:00:03.919Z,19010613,XBTUSD,Sell,500,3811.5,MinusTick,979f2be0-712f-325d-25e5-f6d797c67828,81043,41
3019190,2019-01-06T13:00:03.961Z,19010613,XBTUSD,Sell,2000,3811.5,ZeroMinusTick,b756efd6-014b-550e-21ce-1c2ae984920d,83043,42
3019198,2019-01-06T13:00:04.787Z,19010613,XBTUSD,Sell,200,3811.5,MinusTick,408b34f9-3549-71cd-cf84-ec5fcb2eb08b,83243,43
3019199,2019-01-06T13:00:04.993Z,19010613,XBTUSD,Sell,20850,3811.5,ZeroMinusTick,6993ab90-4a04-a2d2-9dbb-0dd63d902692,104093,44
3019248,2019-01-06T13:00:08.350Z,19010613,XBTUSD,Sell,109,3811.5,ZeroMinusTick,57e1c0cb-ce48-aa9c-4452-a9543f61b121,104202,45
3019261,2019-01-06T13:00:09.692Z,19010613,XBTUSD,Sell,2000,3811.5,ZeroMinusTick,17e087e4-0064-72f0-8c7d-ab3f379fc6d4,106202,46
3019286,2019-01-06T13:00:11.646Z,19010613,XBTUSD,Sell,90,3811.5,ZeroMinusTick,7d7d5c1e-3390-0397-6724-5bb1cbb18243,106292,47
3019308,2019-01-06T13:00:15.776Z,19010613,XBTUSD,Sell,37,3811.5,ZeroMinusTick,f1842415-fb8e-3b27-f374-20533525412e,106329,48
3019323,2019-01-06T13:00:15.776Z,19010613,XBTUSD,Sell,19,3811.5,ZeroMinusTick,7c5972d4-930c-fe94-8438-0574b4c419ba,106348,49
3019347,2019-01-06T13:00:18.402Z,19010613,XBTUSD,Sell,26,3811.5,ZeroMinusTick,dbc04f3d-0a62-1a9a-1894-3ff76df2c42f,106374,50
3019396,2019-01-06T13:00:24.421Z,19010613,XBTUSD,Buy,10000,3812,ZeroPlusTick,19be2f13-c478-5dbb-7689-f7330b5a00aa,116374,51
3019398,2019-01-06T13:00:25.616Z,19010613,XBTUSD,Sell,19798,3811.5,MinusTick,d6b57d4c-6769-f7b3-214c-74eb43ed1838,136172,52
3019408,2019-01-06T13:00:25.616Z,19010613,XBTUSD,Sell,1632,3811.5,ZeroMinusTick,c4d1465e-c060-f283-9df5-7073a2c95ea3,137804,53
3019420,2019-01-06T13:00:25.616Z,19010613,XBTUSD,Sell,14,3811.5,ZeroMinusTick,8e3c45f6-31cb-c831-f1f5-f4751ef929bd,137818,54
3019427,2019-01-06T13:00:25.616Z,19010613,XBTUSD,Sell,16,3811.5,ZeroMinusTick,f90c7924-6e51-ae19-f089-f17c5dd155dd,137834,55
3019249,2019-01-06T13:00:08.350Z,19010613,XBTUSD,Sell,3693,3811.5,ZeroMinusTick,48b45b91-3521-54e1-1410-72fd5f87dd92,141527,56
3019254,2019-01-06T13:00:08.991Z,19010613,XBTUSD,Sell,1000,3811.5,ZeroMinusTick,a29e984a-5018-3a39-92a4-de424d60566d,142527,57
3019259,2019-01-06T13:00:09.692Z,19010613,XBTUSD,Sell,470,3811.5,ZeroMinusTick,fa34e836-7ff9-6a7c-3cc0-73c646bf595b,142997,58
3019268,2019-01-06T13:00:09.889Z,19010613,XBTUSD,Sell,11210,3811.5,ZeroMinusTick,bc2eeb12-aa13-8b59-f6ad-aff446a649fe,154207,59
3019271,2019-01-06T13:00:10.723Z,19010613,XBTUSD,Sell,78,3811.5,ZeroMinusTick,0a1e2bc5-f444-0e60-804c-f7b4f0fa7e5f,154285,60
3019300,2019-01-06T13:00:15.710Z,19010613,XBTUSD,Sell,568,3811.5,ZeroMinusTick,416f6590-dfc2-194f-3efe-b5d2e59cdb68,154853,61
3019313,2019-01-06T13:00:15.776Z,19010613,XBTUSD,Sell,568,3811.5,ZeroMinusTick,656b9fe4-8e63-0e7e-df0d-b514086b5995,155421,62
3019324,2019-01-06T13:00:15.776Z,19010613,XBTUSD,Sell,10,3811.5,ZeroMinusTick,c5bfb3a5-9601-650f-8cb7-e67d2fa4050c,155431,63
3019333,2019-01-06T13:00:17.449Z,19010613,XBTUSD,Buy,382,3812,PlusTick,49239894-c81c-9d72-31b8-37a637fd365d,155813,64
3019334,2019-01-06T13:00:17.532Z,19010613,XBTUSD,Sell,2612,3811.5,MinusTick,89f51368-0444-08d1-b09c-fd76ae29af93,158425,65
3019344,2019-01-06T13:00:18.402Z,19010613,XBTUSD,Sell,115,3811.5,ZeroMinusTick,8d2735cf-2e0f-24f0-3d5d-a6333bd58d16,158540,66
3019402,2019-01-06T13:00:25.616Z,19010613,XBTUSD,Sell,768,3811.5,ZeroMinusTick,031eadbe-a859-f4a2-befc-a381ff07c737,159308,67
3019413,2019-01-06T13:00:25.616Z,19010613,XBTUSD,Sell,37,3811.5,ZeroMinusTick,d748d8d3-fac3-7deb-21ae-c55d23a6a4ca,159345,68
3019430,2019-01-06T13:00:25.616Z,19010613,XBTUSD,Sell,10,3811.5,ZeroMinusTick,35dbc634-f80e-1032-b5b9-55a6ac8a1a25,159355,69
3019439,2019-01-06T13:00:25.616Z,19010613,XBTUSD,Sell,589,3811,ZeroMinusTick,a7080d49-976c-428e-903b-47a2d31a5ecf,159944,70
3019446,2019-01-06T13:00:25.616Z,19010613,XBTUSD,Sell,10,3811,ZeroMinusTick,25fd7e6b-eb5b-0118-f740-0ca56ff0767f,159954,71
3019459,2019-01-06T13:00:25.616Z,19010613,XBTUSD,Sell,17,3811,ZeroMinusTick,03c98a93-4bb8-e29d-a550-ec342e84dccd,159971,72
3019464,2019-01-06T13:00:25.616Z,19010613,XBTUSD,Sell,587,3811,ZeroMinusTick,6e38d635-81c9-aef8-cf4d-bcfd0822635e,160558,73
3019476,2019-01-06T13:00:25.616Z,19010613,XBTUSD,Sell,27,3810.5,MinusTick,33147efd-ef57-2c34-3cda-0bb5e6b2f18e,160585,74
3019486,2019-01-06T13:00:25.616Z,19010613,XBTUSD,Sell,200,3810.5,ZeroMinusTick,4e25dc71-f407-b88e-7f3e-b249df4384aa,160785,75
3019498,2019-01-06T13:00:25.616Z,19010613,XBTUSD,Sell,10,3810.5,ZeroMinusTick,b7b0dec8-c170-d3c8-d932-da7fc858b381,160795,76
3019533,2019-01-06T13:00:26.770Z,19010613,XBTUSD,Sell,470,3810,ZeroMinusTick,e9acaa0d-c9d5-fe8b-4df4-e352c7a013fe,161265,77
3019537,2019-01-06T13:00:27.281Z,19010613,XBTUSD,Sell,151,3810,ZeroMinusTick,6a8b1a6b-568d-25bf-2ad5-9772f13fc25b,161416,78
3019557,2019-01-06T13:00:30.560Z,19010613,XBTUSD,Sell,1000,3810,ZeroMinusTick,b51c6e6a-24b9-e5ec-22bb-f63579f98807,162416,79
3019560,2019-01-06T13:00:30.560Z,19010613,XBTUSD,Sell,10,3810,ZeroMinusTick,2391ff8c-b319-a860-cd21-71741fa5df88,162426,80
3019572,2019-01-06T13:00:30.560Z,19010613,XBTUSD,Sell,500,3810,ZeroMinusTick,3fe96df1-8223-a1ce-b0e4-39d8c0a0f033,162926,81
3019619,2019-01-06T13:00:35.692Z,19010613,XBTUSD,Sell,10,3809.5,ZeroMinusTick,2e6e1e2e-be3b-0548-a3bd-117458e59953,162936,82
3019627,2019-01-06T13:00:35.707Z,19010613,XBTUSD,Sell,27,3809.5,ZeroMinusTick,4f73c6fd-96d9-ec78-8b22-f3e73309e116,162963,83
3019631,2019-01-06T13:00:35.797Z,19010613,XBTUSD,Sell,1,3809.5,ZeroMinusTick,5c15da98-140b-7a52-1ef4-43ca6a8001d4,162964,84
3019643,2019-01-06T13:00:36.968Z,19010613,XBTUSD,Sell,1523,3809.5,ZeroMinusTick,2fc9d4e8-fccd-2514-017e-8496e3de8107,164487,85
3019260,2019-01-06T13:00:09.692Z,19010613,XBTUSD,Sell,24055,3811.5,ZeroMinusTick,ac1e73f7-49d2-b261-3cb5-98bd8144747a,188542,86
3019269,2019-01-06T13:00:09.889Z,19010613,XBTUSD,Sell,790,3811.5,ZeroMinusTick,a749f7e5-dbdb-c0d1-aaaa-7989820df3e8,189332,87
3019282,2019-01-06T13:00:11.263Z,19010613,XBTUSD,Buy,268,3812,PlusTick,b1397c68-719c-01fe-28d9-59f977f7c9e4,189600,88
3019284,2019-01-06T13:00:11.585Z,19010613,XBTUSD,Sell,100,3811.5,MinusTick,27fb7775-4160-7684-4b1f-a9f6e0630986,189700,89
3019285,2019-01-06T13:00:11.646Z,19010613,XBTUSD,Sell,864,3811.5,ZeroMinusTick,1ea53230-a5e2-aa0a-e91e-ea1a109dfeaf,190564,90
3019309,2019-01-06T13:00:15.776Z,19010613,XBTUSD,Sell,200,3811.5,ZeroMinusTick,af3e8db7-e87a-ecb2-b7e9-568af1343482,190764,91
3019321,2019-01-06T13:00:15.776Z,19010613,XBTUSD,Sell,30,3811.5,ZeroMinusTick,54dcaba5-ddfb-654d-935f-e1eb1d55f17a,190794,92
3019342,2019-01-06T13:00:18.402Z,19010613,XBTUSD,Sell,144,3811.5,ZeroMinusTick,452483af-f96c-282b-c62d-6a96ce8fd269,190938,93
3019352,2019-01-06T13:00:18.402Z,19010613,XBTUSD,Sell,11,3811.5,ZeroMinusTick,6e85f22e-79ea-86f1-7580-718af66297e0,190949,94
3019378,2019-01-06T13:00:19.842Z,19010613,XBTUSD,Sell,78,3811.5,MinusTick,423e788a-c39e-b89b-0900-94ac6ba48b60,191027,95
3019405,2019-01-06T13:00:25.616Z,19010613,XBTUSD,Sell,2000,3811.5,ZeroMinusTick,eda925c4-f102-ebbb-fcff-08b28ee749ef,193027,96
3019412,2019-01-06T13:00:25.616Z,19010613,XBTUSD,Sell,12,3811.5,ZeroMinusTick,9369126f-cc40-c2b5-bf24-39eb7cc7e8f0,193039,97
3019425,2019-01-06T13:00:25.616Z,19010613,XBTUSD,Sell,10,3811.5,ZeroMinusTick,04b787d3-b06b-0fd9-44f9-79eed39a125a,193049,98
3019434,2019-01-06T13:00:25.616Z,19010613,XBTUSD,Sell,128,3811,ZeroMinusTick,12ff01dd-84c6-769b-4e67-11a0e6d2ab8e,193177,99
3019449,2019-01-06T13:00:25.616Z,19010613,XBTUSD,Sell,10,3811,ZeroMinusTick,b685abc7-ddad-1928-c9e7-e3f29094b965,193187,100
3019458,2019-01-06T13:00:25.616Z,19010613,XBTUSD,Sell,12,3811,ZeroMinusTick,e06b410c-c51e-a3fa-3199-c483c34dc6d8,193199,101
3019467,2019-01-06T13:00:25.616Z,19010613,XBTUSD,Sell,17,3811,ZeroMinusTick,2afad10c-afa9-a043-6525-dbc32b7cf8aa,193216,102
3019475,2019-01-06T13:00:25.616Z,19010613,XBTUSD,Sell,10,3811,ZeroMinusTick,9a4b4371-d7f0-d03d-f321-349a165032a2,193226,103
3019488,2019-01-06T13:00:25.616Z,19010613,XBTUSD,Sell,50,3810.5,ZeroMinusTick,2800a29e-6d24-1a52-1b30-26a67174e6b3,193276,104
3019494,2019-01-06T13:00:25.616Z,19010613,XBTUSD,Sell,10,3810.5,ZeroMinusTick,14eaaf63-36d8-1ace-2a95-e56082543002,193286,105
3019539,2019-01-06T13:00:27.464Z,19010613,XBTUSD,Buy,10000,3810.5,PlusTick,f99c3a08-0266-9a3f-bd97-ceba14355ea2,203286,106
3019546,2019-01-06T13:00:29.729Z,19010613,XBTUSD,Sell,15,3810,ZeroMinusTick,ea2c645e-a126-623a-a624-71477ce248fe,203301,107
3019550,2019-01-06T13:00:30.560Z,19010613,XBTUSD,Sell,13,3810,ZeroMinusTick,cd61d063-00d6-2f3a-dcfa-958586c7efba,203314,108
3019567,2019-01-06T13:00:30.560Z,19010613,XBTUSD,Sell,25,3810,ZeroMinusTick,ac8f3d95-1eee-398c-d5c4-90e7f6012949,203339,109
3019573,2019-01-06T13:00:30.560Z,19010613,XBTUSD,Sell,30,3810,ZeroMinusTick,cffa69c7-d626-5df7-c3eb-a1359a09931a,203369,110
3019623,2019-01-06T13:00:35.692Z,19010613,XBTUSD,Sell,11,3809.5,ZeroMinusTick,9fe04945-f8d1-82ef-31ab-6783fb1e5a5c,203380,111
3019637,2019-01-06T13:00:35.797Z,19010613,XBTUSD,Sell,10,3809.5,ZeroMinusTick,5cea6165-4e82-394b-be4c-91232a13e850,203390,112
3019191,2019-01-06T13:00:03.978Z,19010613,XBTUSD,Sell,800,3811.5,ZeroMinusTick,ef2f2d2b-dc84-c593-eab9-28849d39c307,204190,113
3019192,2019-01-06T13:00:03.995Z,19010613,XBTUSD,Sell,800,3811.5,ZeroMinusTick,0a2e71db-2060-91a4-a5d6-428bf64be79a,204990,114
3019226,2019-01-06T13:00:06.423Z,19010613,XBTUSD,Sell,169,3811.5,ZeroMinusTick,877504f0-6fe0-6fb3-f79c-eb8fd4d49b9c,205159,115
3019244,2019-01-06T13:00:08.282Z,19010613,XBTUSD,Sell,6424,3811.5,ZeroMinusTick,90d1fd8a-4001-8075-8f1d-e77f085707a8,211583,116
3019245,2019-01-06T13:00:08.350Z,19010613,XBTUSD,Sell,13576,3811.5,ZeroMinusTick,2bee1737-8f70-a8a4-1a88-fb270ac3d5f2,225159,117
3019302,2019-01-06T13:00:15.710Z,19010613,XBTUSD,Sell,102,3811.5,ZeroMinusTick,267e3970-6efc-de53-0519-5c85e5740ba2,225261,118
3019311,2019-01-06T13:00:15.776Z,19010613,XBTUSD,Sell,30,3811.5,ZeroMinusTick,4e004a76-a2a0-3945-b57e-1bb7ae421f71,225291,119
3019320,2019-01-06T13:00:15.776Z,19010613,XBTUSD,Sell,10,3811.5,ZeroMinusTick,0490226a-8133-d0ad-de85-2e868597ea4a,225301,120
3019336,2019-01-06T13:00:17.532Z,19010613,XBTUSD,Sell,30,3811.5,ZeroMinusTick,1cb0d74a-83c7-5e21-4e5b-c6b92c1308a5,225331,121
3019349,2019-01-06T13:00:18.402Z,19010613,XBTUSD,Sell,50,3811.5,ZeroMinusTick,0f3d8cbf-8c5f-ac82-8534-99c4cee177fc,225381,122
3019358,2019-01-06T13:00:18.845Z,19010613,XBTUSD,Sell,18,3811.5,ZeroMinusTick,678c2136-3e23-8203-f01d-dbaeae04cde9,225399,123
3019404,2019-01-06T13:00:25.616Z,19010613,XBTUSD,Sell,12,3811.5,ZeroMinusTick,d91e512a-1d3e-9b2e-895f-7265df610cd6,225411,124
3019416,2019-01-06T13:00:25.616Z,19010613,XBTUSD,Sell,170,3811.5,ZeroMinusTick,170464d2-6dc8-3f0a-2f71-861abc6fbe46,225581,125
3019424,2019-01-06T13:00:25.616Z,19010613,XBTUSD,Sell,23,3811.5,ZeroMinusTick,92c1ac6e-9c92-495d-eaad-5f91647d9644,225604,126
3019437,2019-01-06T13:00:25.616Z,19010613,XBTUSD,Sell,128,3811,ZeroMinusTick,aafbf233-4047-5499-1f09-c1404267a775,225732,127
3019447,2019-01-06T13:00:25.616Z,19010613,XBTUSD,Sell,2000,3811,ZeroMinusTick,878e8004-39b6-6720-f5ae-c93c9cdcb810,227732,128
3019455,2019-01-06T13:00:25.616Z,19010613,XBTUSD,Sell,10,3811,ZeroMinusTick,ead70b94-de96-b361-ad14-ee1580edbb15,227742,129
3019465,2019-01-06T13:00:25.616Z,19010613,XBTUSD,Sell,10,3811,ZeroMinusTick,dfe7bdf5-0879-c34f-2f42-9af1eea928e5,227752,130
3019479,2019-01-06T13:00:25.616Z,19010613,XBTUSD,Sell,100,3810.5,ZeroMinusTick,307bafe0-3cc9-5014-956c-8fd3d5e31c41,227852,131
3019487,2019-01-06T13:00:25.616Z,19010613,XBTUSD,Sell,39,3810.5,ZeroMinusTick,da40b659-c4f2-d68b-0f87-61ed5d91aa3b,227891,132
3019495,2019-01-06T13:00:25.616Z,19010613,XBTUSD,Sell,88,3810.5,ZeroMinusTick,981d591c-b6e6-bdb1-00e5-82465dcf956f,227979,133
3019522,2019-01-06T13:00:25.696Z,19010613,XBTUSD,Sell,800,3810,ZeroMinusTick,2aa76368-43d0-96f1-d994-68b10313efcb,228779,134
3019534,2019-01-06T13:00:26.770Z,19010613,XBTUSD,Sell,27,3810,ZeroMinusTick,49eb8c14-f8a8-bfbc-1fde-eee518121699,228806,135
3019552,2019-01-06T13:00:30.560Z,19010613,XBTUSD,Sell,2000,3810,ZeroMinusTick,77d882a5-0c3f-ee61-3437-fb679189310d,230806,136
3019564,2019-01-06T13:00:30.560Z,19010613,XBTUSD,Sell,4000,3810,ZeroMinusTick,2146d37e-4c22-1c14-0393-07475bcc371d,234806,137
3019575,2019-01-06T13:00:30.560Z,19010613,XBTUSD,Sell,33,3810,ZeroMinusTick,2a48f439-f636-961b-b284-37d1b8321ecf,234839,138
3019609,2019-01-06T13:00:33.550Z,19010613,XBTUSD,Sell,173,3809.5,ZeroMinusTick,e145b690-9d68-e919-41b2-33020b9789a5,235012,139
3019625,2019-01-06T13:00:35.692Z,19010613,XBTUSD,Sell,431,3809.5,ZeroMinusTick,dd2c5c37-a2a4-c1c4-f2ca-6362d7c49879,235443,140
3019639,2019-01-06T13:00:35.797Z,19010613,XBTUSD,Sell,1319,3809.5,ZeroMinusTick,3b309278-d946-10ab-0f87-936d2562ca01,236762,141
3019722,2019-01-06T13:00:40.443Z,19010613,XBTUSD,Sell,1000,3809.5,ZeroMinusTick,8c83c05b-db7f-cc01-91fa-6eb06d16213e,237762,142
3019250,2019-01-06T13:00:08.350Z,19010613,XBTUSD,Sell,2622,3811.5,ZeroMinusTick,1a4c9d1b-4e09-3ef6-4751-01efbed25022,240384,143
3019257,2019-01-06T13:00:09.476Z,19010613,XBTUSD,Sell,250,3811.5,MinusTick,05cd229c-f177-a59e-9f99-c039a19c3e09,240634,144
3019262,2019-01-06T13:00:09.692Z,19010613,XBTUSD,Sell,24302,3811.5,ZeroMinusTick,abed20c9-2a33-26f6-67ba-0ac73d78f4cd,264936,145
3019272,2019-01-06T13:00:10.752Z,19010613,XBTUSD,Buy,2,3812,PlusTick,db433ab6-0326-19d7-93c5-0cb060fa426e,264938,146
3019276,2019-01-06T13:00:10.759Z,19010613,XBTUSD,Sell,768,3811.5,ZeroMinusTick,e1cd4545-15ec-7460-1bbd-a7f647bbe750,265706,147
3019288,2019-01-06T13:00:11.646Z,19010613,XBTUSD,Sell,519,3811.5,ZeroMinusTick,22473942-cdaf-a167-9911-6436198679c9,266225,148
3019305,2019-01-06T13:00:15.776Z,19010613,XBTUSD,Sell,10,3811.5,ZeroMinusTick,d8a521c6-200c-e8db-8db7-eb2164ed7095,266235,149
3019317,2019-01-06T13:00:15.776Z,19010613,XBTUSD,Sell,2000,3811.5,ZeroMinusTick,13b460cd-f57e-2940-05dc-abd46e42548e,268235,150
3019343,2019-01-06T13:00:18.402Z,19010613,XBTUSD,Sell,568,3811.5,ZeroMinusTick,f250fbdb-1f9f-a4a5-eb49-5bac2487c33e,268803,151
3019353,2019-01-06T13:00:18.402Z,19010613,XBTUSD,Sell,87,3811.5,ZeroMinusTick,2854075c-ae57-902d-7d11-fae325bd3d3b,268890,152
3019382,2019-01-06T13:00:20.661Z,19010613,XBTUSD,Sell,80,3811.5,ZeroMinusTick,9c10d3c0-58dc-31ef-0ff0-de17345bfc30,268970,153
3019403,2019-01-06T13:00:25.616Z,19010613,XBTUSD,Sell,27,3811.5,ZeroMinusTick,1b7fc019-a21c-37af-8961-15dcadf87377,268997,154
3019415,2019-01-06T13:00:25.616Z,19010613,XBTUSD,Sell,370,3811.5,ZeroMinusTick,5ef55da4-a977-593e-34de-39ff1dc98ce1,269367,155
3019428,2019-01-06T13:00:25.616Z,19010613,XBTUSD,Sell,10,3811.5,ZeroMinusTick,f20057de-21b1-899e-9260-9d93464ad334,269377,156
3019440,2019-01-06T13:00:25.616Z,19010613,XBTUSD,Sell,10,3811,ZeroMinusTick,4c241849-1e27-d2ef-5877-5da63e666d13,269387,157
3019452,2019-01-06T13:00:25.616Z,19010613,XBTUSD,Sell,47,3811,ZeroMinusTick,04f954c1-96fb-5d94-44e7-339759229c07,269434,158
3019463,2019-01-06T13:00:25.616Z,19010613,XBTUSD,Sell,10,3811,ZeroMinusTick,e8d1568f-e213-746e-473c-6fdea645d5e9,269444,159
3019471,2019-01-06T13:00:25.616Z,19010613,XBTUSD,Sell,10,3811,ZeroMinusTick,2f0d73a4-f836-8c62-1f01-3088c9e24713,269454,160
3019482,2019-01-06T13:00:25.616Z,19010613,XBTUSD,Sell,190,3810.5,ZeroMinusTick,22e7854e-d899-0510-fb62-588eb1ba21eb,269644,161
3019492,2019-01-06T13:00:25.616Z,19010613,XBTUSD,Sell,2000,3810.5,ZeroMinusTick,bea35709-564f-e830-d97b-6d949a1f4b4c,271644,162
3019500,2019-01-06T13:00:25.616Z,19010613,XBTUSD,Sell,9627,3810,ZeroMinusTick,5c9f5c2b-7d13-ca18-d570-50e3ea85cb49,281271,163
3019530,2019-01-06T13:00:26.770Z,19010613,XBTUSD,Sell,11,3810,MinusTick,2542b6d0-7a01-eb7b-4be4-1f79d7d99e63,281282,164
3019544,2019-01-06T13:00:29.202Z,19010613,XBTUSD,Sell,30,3810,ZeroMinusTick,7f795667-4cd6-cf35-1ee1-32bc3bc8dc6e,281312,165
3019545,2019-01-06T13:00:29.729Z,19010613,XBTUSD,Sell,471,3810,ZeroMinusTick,a334275b-2838-94c9-f58a-1f21fc796d77,281783,166
3019553,2019-01-06T13:00:30.560Z,19010613,XBTUSD,Sell,10,3810,ZeroMinusTick,79b2c133-9801-9ad1-8540-5bb500888f08,281793,167
3019561,2019-01-06T13:00:30.560Z,19010613,XBTUSD,Sell,5000,3810,ZeroMinusTick,f81c26d5-da0a-cb19-1508-803c8b470ddf,286793,168
3019571,2019-01-06T13:00:30.560Z,19010613,XBTUSD,Sell,300,3810,ZeroMinusTick,2fc97648-22cf-ce44-e13d-5e4134155ed6,287093,169
3019605,2019-01-06T13:00:33.550Z,19010613,XBTUSD,Sell,4747,3809.5,ZeroMinusTick,f342dc05-b975-06a0-3372-c40545c2a9f7,291840,170
3019621,2019-01-06T13:00:35.692Z,19010613,XBTUSD,Sell,10,3809.5,ZeroMinusTick,b058a5db-31f1-9400-abdd-9bf8ae49e627,291850,171
3019636,2019-01-06T13:00:35.797Z,19010613,XBTUSD,Sell,50,3809.5,ZeroMinusTick,292304b3-bc62-0eb7-684c-b9599e6b2444,291900,172
3019652,2019-01-06T13:00:38.210Z,19010613,XBTUSD,Buy,10,3810,ZeroPlusTick,4c6cbcf2-34d5-32bf-fef5-6f14ee8d623d,291910,173
3019200,2019-01-06T13:00:04.993Z,19010613,XBTUSD,Sell,5000,3811.5,ZeroMinusTick,97f455ca-cde0-4e1f-3d91-2129ce4e3280,296910,174
3019217,2019-01-06T13:00:05.249Z,19010613,XBTUSD,Sell,350,3811.5,ZeroMinusTick,a3ce1cb1-bb28-7589-3115-e5948010772f,297260,175
3019263,2019-01-06T13:00:09.692Z,19010613,XBTUSD,Sell,3482,3811.5,ZeroMinusTick,42745b29-a681-819a-ce07-3d06fce72d36,300742,176
3019277,2019-01-06T13:00:10.799Z,19010613,XBTUSD,Sell,1000,3811.5,ZeroMinusTick,d32a3db3-ff3a-bffe-7335-725124367617,301742,177
3019289,2019-01-06T13:00:11.646Z,19010613,XBTUSD,Sell,2403,3811.5,ZeroMinusTick,a5c24fd1-6416-0dbb-b68c-677e06c3c331,304145,178
3019299,2019-01-06T13:00:15.710Z,19010613,XBTUSD,Sell,120,3811.5,ZeroMinusTick,49a0691a-f720-883c-3603-ae62eecd837b,304265,179
3019310,2019-01-06T13:00:15.776Z,19010613,XBTUSD,Sell,15,3811.5,ZeroMinusTick,81b15df5-dacc-973c-e0d0-585443be463a,304280,180
3019319,2019-01-06T13:00:15.776Z,19010613,XBTUSD,Sell,10,3811.5,ZeroMinusTick,589f3079-621e-9adc-6476-865f985f670a,304290,181
3019326,2019-01-06T13:00:16.281Z,19010613,XBTUSD,Sell,500,3811.5,ZeroMinusTick,01d3d1a1-da3d-4b7c-142a-0b863dafa070,304790,182
3019327,2019-01-06T13:00:16.666Z,19010613,XBTUSD,Buy,32,3812,PlusTick,fc049e9d-ee8d-b1df-be6f-82a85b0681bb,304822,183
3019328,2019-01-06T13:00:16.784Z,19010613,XBTUSD,Buy,2000,3812,ZeroPlusTick,0f5573b0-16bb-117c-3c92-82d6224e4e61,306822,184
3019329,2019-01-06T13:00:17.011Z,19010613,XBTUSD,Sell,600,3811.5,MinusTick,b4a57faf-4d3d-21ed-9363-8835c6608cfa,307422,185
3019338,2019-01-06T13:00:17.532Z,19010613,XBTUSD,Sell,3640,3811.5,ZeroMinusTick,46aec39c-2dab-e15a-edfb-b72e13b7534c,311062,186
3019341,2019-01-06T13:00:18.402Z,19010613,XBTUSD,Sell,50,3811.5,ZeroMinusTick,25d893cd-65cf-294e-eda8-c89206d11fe0,311112,187
3019345,2019-01-06T13:00:18.402Z,19010613,XBTUSD,Sell,264,3811.5,ZeroMinusTick,0bdef8ac-00a0-707e-fc3c-823db222a5a1,311376,188
3019401,2019-01-06T13:00:25.616Z,19010613,XBTUSD,Sell,1675,3811.5,ZeroMinusTick,a0d146c3-f148-31c8-e3ea-401af88c2e35,313051,189
3019411,2019-01-06T13:00:25.616Z,19010613,XBTUSD,Sell,120,3811.5,ZeroMinusTick,8977c9b6-4a0a-bc2a-f593-38ae633d130d,313171,190
3019421,2019-01-06T13:00:25.616Z,19010613,XBTUSD,Sell,25,3811.5,ZeroMinusTick,ec505ae8-2c16-9e57-fa0b-e05237204d2f,313196,191
3019431,2019-01-06T13:00:25.616Z,19010613,XBTUSD,Sell,27,3811,MinusTick,c1907e35-6628-9ce5-a2ab-280bb8f9ee94,313223,192
3019436,2019-01-06T13:00:25.616Z,19010613,XBTUSD,Sell,128,3811,ZeroMinusTick,1cff6a4d-a57d-c18c-a1a7-d476d28a5a4c,313351,193
3019448,2019-01-06T13:00:25.616Z,19010613,XBTUSD,Sell,50,3811,ZeroMinusTick,cdc8c27d-a70a-00be-5735-f0341d789e21,313401,194
3019454,2019-01-06T13:00:25.616Z,19010613,XBTUSD,Sell,10,3811,ZeroMinusTick,b48da289-3cbb-18d0-ab11-7b27dd7ad6d6,313411,195
3019468,2019-01-06T13:00:25.616Z,19010613,XBTUSD,Sell,11,3811,ZeroMinusTick,b599330e-aaa8-5de3-575b-279983834041,313422,196
3019474,2019-01-06T13:00:25.616Z,19010613,XBTUSD,Sell,21,3811,ZeroMinusTick,8c3ea346-ac05-6bda-eede-bbedeebfe82c,313443,197
3019489,2019-01-06T13:00:25.616Z,19010613,XBTUSD,Sell,10,3810.5,ZeroMinusTick,86560f87-dbcd-a23a-334e-a2787a9a85bb,313453,198
3019497,2019-01-06T13:00:25.616Z,19010613,XBTUSD,Sell,10,3810.5,ZeroMinusTick,bac883fe-61a2-9735-717b-817ae9a524ed,313463,199
3019523,2019-01-06T13:00:25.866Z,19010613,XBTUSD,Buy,30,3810.5,PlusTick,8a257d9f-6f9b-78f2-fff6-2f4d60140ea1,313493,200
3019556,2019-01-06T13:00:30.560Z,19010613,XBTUSD,Sell,2000,3810,ZeroMinusTick,f4260eaa-4410-a5aa-f3b7-9a2d67f26db4,315493,201
3019563,2019-01-06T13:00:30.560Z,19010613,XBTUSD,Sell,120,3810,ZeroMinusTick,b99e8d42-8755-9e28-c8cf-59aefdb56aa9,315613,202
3019576,2019-01-06T13:00:30.560Z,19010613,XBTUSD,Sell,10,3810,ZeroMinusTick,f24d5249-8e95-78a7-c8a5-945993a72c5c,315623,203
3019580,2019-01-06T13:00:31.132Z,19010613,XBTUSD,Sell,1,3809.5,ZeroMinusTick,9f6baa1e-2c3e-273a-4f93-4bdbc3b39042,315624,204
3019601,2019-01-06T13:00:32.851Z,19010613,XBTUSD,Sell,5000,3809.5,ZeroMinusTick,3dc42cc9-850f-937e-766d-c60b237d9d7b,320624,205
3019607,2019-01-06T13:00:33.550Z,19010613,XBTUSD,Sell,30,3809.5,ZeroMinusTick,c47f89e9-1690-71dc-f72d-157ec30ef702,320654,206
3019610,2019-01-06T13:00:33.961Z,19010613,XBTUSD,Sell,177,3809.5,ZeroMinusTick,6cab4048-f719-e40a-45d6-46e0b1dada62,320831,207
3019618,2019-01-06T13:00:35.692Z,19010613,XBTUSD,Sell,53,3809.5,ZeroMinusTick,d435f0ac-88d4-b945-48a9-6f0adfd0dcde,320884,208
3019628,2019-01-06T13:00:35.707Z,19010613,XBTUSD,Sell,2662,3809.5,ZeroMinusTick,6ddb2175-9662-71a7-240f-6b7f54ae57d1,323546,209
3019629,2019-01-06T13:00:35.748Z,19010613,XBTUSD,Buy,100,3810,PlusTick,d8860b2f-ab40-87ce-791c-e8bf930da8aa,323646,210
3019630,2019-01-06T13:00:35.797Z,19010613,XBTUSD,Sell,6338,3809.5,MinusTick,5f902495-7f3c-df6e-57c9-983dcdc5e301,329984,211
3019640,2019-01-06T13:00:35.874Z,19010613,XBTUSD,Sell,1,3809.5,ZeroMinusTick,402cbdf2-fa88-a14d-4736-f7efcf851988,329985,212
3019641,2019-01-06T13:00:36.968Z,19010613,XBTUSD,Sell,467,3809.5,ZeroMinusTick,46bfb594-382b-d4db-0906-d6bdaf64c7b8,330452,213
3019273,2019-01-06T13:00:10.759Z,19010613,XBTUSD,Sell,3132,3811.5,MinusTick,a85a0774-c968-760c-b6cd-dabda7297185,333584,214
3019304,2019-01-06T13:00:15.776Z,19010613,XBTUSD,Sell,30,3811.5,ZeroMinusTick,ddcf46e0-f197-996f-679a-4454eb93d80e,333614,215
3019314,2019-01-06T13:00:15.776Z,19010613,XBTUSD,Sell,30,3811.5,ZeroMinusTick,4fa62f5d-15b0-86fc-3df2-86276c916924,333644,216
3019318,2019-01-06T13:00:15.776Z,19010613,XBTUSD,Sell,30,3811.5,ZeroMinusTick,ce126b18-9f46-2d84-da90-3b9485f3c246,333674,217
3019346,2019-01-06T13:00:18.402Z,19010613,XBTUSD,Sell,29,3811.5,ZeroMinusTick,60945f3f-87a7-26c9-f06c-550403d95508,333703,218
3019356,2019-01-06T13:00:18.845Z,19010613,XBTUSD,Sell,481,3811.5,ZeroMinusTick,424f807f-89df-b86b-9466-64f6a5c3c78b,334184,219
3019407,2019-01-06T13:00:25.616Z,19010613,XBTUSD,Sell,15,3811.5,ZeroMinusTick,1fa60043-4a68-89a0-c000-fc0da5d8ebd6,334199,220
3019418,2019-01-06T13:00:25.616Z,19010613,XBTUSD,Sell,14,3811.5,ZeroMinusTick,6d112045-1c62-1686-8955-0486c24b4783,334213,221
3019429,2019-01-06T13:00:25.616Z,19010613,XBTUSD,Sell,10,3811.5,ZeroMinusTick,6674d0ad-4658-1c68-d8d9-88d5be3b824f,334223,222
3019435,2019-01-06T13:00:25.616Z,19010613,XBTUSD,Sell,100,3811,ZeroMinusTick,3fe86e0e-9c07-991b-8a48-e56937697e4e,334323,223
3019445,2019-01-06T13:00:25.616Z,19010613,XBTUSD,Sell,141,3811,ZeroMinusTick,3915c148-a044-bc7e-d437-26e4197d133b,334464,224
3019456,2019-01-06T13:00:25.616Z,19010613,XBTUSD,Sell,11,3811,ZeroMinusTick,ad3d1226-4bd5-a4c9-603a-bd0995b844c0,334475,225
3019466,2019-01-06T13:00:25.616Z,19010613,XBTUSD,Sell,63,3811,ZeroMinusTick,8d40b105-bce8-de66-7a34-44140c02ebc9,334538,226
3019477,2019-01-06T13:00:25.616Z,19010613,XBTUSD,Sell,470,3810.5,ZeroMinusTick,d007f996-2382-c34c-153f-25814e987af3,335008,227
3019485,2019-01-06T13:00:25.616Z,19010613,XBTUSD,Sell,3,3810.5,ZeroMinusTick,111b34fa-c229-ddf5-0f20-c8b4282ab930,335011,228
3019499,2019-01-06T13:00:25.616Z,19010613,XBTUSD,Sell,12000,3810,MinusTick,777c8a2a-9287-c45b-cf6b-63fbec6f5eff,347011,229
3019532,2019-01-06T13:00:26.770Z,19010613,XBTUSD,Sell,300,3810,ZeroMinusTick,f06efd1a-0e75-d9b8-d886-3af0a6530f90,347311,230
3019535,2019-01-06T13:00:26.770Z,19010613,XBTUSD,Sell,64,3810,ZeroMinusTick,8274baab-98f9-a565-7faf-8ce13dd6c27b,347375,231
3019542,2019-01-06T13:00:29.202Z,19010613,XBTUSD,Sell,11,3810,MinusTick,784124c4-fc79-bd29-bb18-2addf1fdc56d,347386,232
3019547,2019-01-06T13:00:29.729Z,19010613,XBTUSD,Sell,34,3810,ZeroMinusTick,d0b8d4f3-34df-64d1-022b-8fabee39c543,347420,233
3019554,2019-01-06T13:00:30.560Z,19010613,XBTUSD,Sell,100,3810,ZeroMinusTick,b891f558-dafe-5151-2568-671c8fef1ec4,347520,234
3019565,2019-01-06T13:00:30.560Z,19010613,XBTUSD,Sell,500,3810,ZeroMinusTick,d0e6a013-2039-1b1d-65d9-252b409d9892,348020,235
3019574,2019-01-06T13:00:30.560Z,19010613,XBTUSD,Sell,300,3810,ZeroMinusTick,e15c8cb4-f38e-69dc-7237-e9dce3a6e627,348320,236
3019606,2019-01-06T13:00:33.550Z,19010613,XBTUSD,Sell,20,3809.5,ZeroMinusTick,edb291a7-6bed-2dd6-94a4-fb867527c405,348340,237
3019612,2019-01-06T13:00:33.961Z,19010613,XBTUSD,Sell,23,3809.5,ZeroMinusTick,e4192598-4e8a-ea4a-7c93-cdafbc245795,348363,238
3019615,2019-01-06T13:00:34.581Z,19010613,XBTUSD,Buy,77,3810,PlusTick,7ec24d0e-1b56-ee7d-db7f-af8e16eed03c,348440,239
3019622,2019-01-06T13:00:35.692Z,19010613,XBTUSD,Sell,128,3809.5,ZeroMinusTick,42d79349-dc64-cdf3-dfe7-9578638ba4ce,348568,240
3019638,2019-01-06T13:00:35.797Z,19010613,XBTUSD,Sell,10,3809.5,ZeroMinusTick,348e38c3-83ad-9bbf-fe31-b23408431829,348578,241
3019642,2019-01-06T13:00:36.968Z,19010613,XBTUSD,Sell,10,3809.5,ZeroMinusTick,5852b524-27e7-7946-cdfc-560c8c4d0797,348588,242
3019719,2019-01-06T13:00:40.443Z,19010613,XBTUSD,Sell,190,3809.5,ZeroMinusTick,67f3d97a-367e-e375-ba77-674fca68bfc3,348778,243
3019751,2019-01-06T13:00:47.618Z,19010613,XBTUSD,Buy,100,3810,PlusTick,b2f8f12f-7a71-b982-6e16-ecc88b358972,348878,244
3019752,2019-01-06T13:00:47.652Z,19010613,XBTUSD,Sell,2,3809.5,MinusTick,0b7d576f-bb58-e514-c8fe-bca0de66e5b8,348880,245
3019303,2019-01-06T13:00:15.776Z,19010613,XBTUSD,Sell,1616,3811.5,ZeroMinusTick,991da2f5-b73e-a2fd-51ab-01b289c07c21,350496,246
3019306,2019-01-06T13:00:15.776Z,19010613,XBTUSD,Sell,268,3811.5,ZeroMinusTick,a9b9125e-037c-ae09-eec5-6f0d6f10fdf7,350764,247
3019316,2019-01-06T13:00:15.776Z,19010613,XBTUSD,Sell,268,3811.5,ZeroMinusTick,48fe2dc8-f76a-2f8e-073d-32329119b706,351032,248
3019335,2019-01-06T13:00:17.532Z,19010613,XBTUSD,Sell,568,3811.5,ZeroMinusTick,69c5e645-4272-a55e-d8f6-1bc9e15276e1,351600,249
3019340,2019-01-06T13:00:18.402Z,19010613,XBTUSD,Sell,1360,3811.5,ZeroMinusTick,c5854d32-68ce-3e7f-3d15-ce2cc1894588,352960,250
3019348,2019-01-06T13:00:18.402Z,19010613,XBTUSD,Sell,268,3811.5,ZeroMinusTick,bcb8dd62-5565-97f7-4d1b-b3b4e5b11559,353228,251
3019359,2019-01-06T13:00:18.845Z,19010613,XBTUSD,Sell,490,3811.5,ZeroMinusTick,9912b797-19a7-f2ad-eb12-d7cd55594ebf,353718,252
3019361,2019-01-06T13:00:19.137Z,19010613,XBTUSD,Buy,574,3812,PlusTick,3d052d67-d06e-c027-7082-f4876f818019,354292,253
3019399,2019-01-06T13:00:25.616Z,19010613,XBTUSD,Sell,11,3811.5,ZeroMinusTick,d88baa06-aa04-5f7b-8917-b90d18d279f6,354303,254
3019409,2019-01-06T13:00:25.616Z,19010613,XBTUSD,Sell,470,3811.5,ZeroMinusTick,1592ac22-f19b-b454-6fc9-631184776301,354773,255
3019417,2019-01-06T13:00:25.616Z,19010613,XBTUSD,Sell,15,3811.5,ZeroMinusTick,d671e4f2-9035-6b07-443c-e7c3f67bee4d,354788,256
3019422,2019-01-06T13:00:25.616Z,19010613,XBTUSD,Sell,10,3811.5,ZeroMinusTick,7a1e55e5-f9ea-8bfa-2e8c-6074e9a2b548,354798,257
3019433,2019-01-06T13:00:25.616Z,19010613,XBTUSD,Sell,11,3811,ZeroMinusTick,3b3029ee-cb4e-4107-af2e-02105486eab4,354809,258
3019443,2019-01-06T13:00:25.616Z,19010613,XBTUSD,Sell,10,3811,ZeroMinusTick,ec64b809-a115-64a2-08e4-7fe07078b1df,354819,259
3019453,2019-01-06T13:00:25.616Z,19010613,XBTUSD,Sell,10,3811,ZeroMinusTick,55514734-ffb1-6a65-0670-f755c3d6846b,354829,260
3019460,2019-01-06T13:00:25.616Z,19010613,XBTUSD,Sell,10,3811,ZeroMinusTick,86f8164d-2d72-2672-5240-125dfca4c68c,354839,261
3019473,2019-01-06T13:00:25.616Z,19010613,XBTUSD,Sell,33,3811,ZeroMinusTick,1dafdcd5-70a8-f382-1873-4edec3b5dc57,354872,262
3019481,2019-01-06T13:00:25.616Z,19010613,XBTUSD,Sell,128,3810.5,ZeroMinusTick,c6f1241e-d8f6-6ce1-e775-4c46fc455514,355000,263
3019491,2019-01-06T13:00:25.616Z,19010613,XBTUSD,Sell,15,3810.5,ZeroMinusTick,8a6c6855-79b9-8d88-9f29-0282a1aed9bf,355015,264
3019536,2019-01-06T13:00:27.281Z,19010613,XBTUSD,Sell,71,3810,ZeroMinusTick,5ace5306-3539-89b1-3d97-c2e4c600b757,355086,265
3019558,2019-01-06T13:00:30.560Z,19010613,XBTUSD,Sell,190,3810,ZeroMinusTick,353f39b5-1583-a068-ecc5-da4fc0856f9b,355276,266
3019568,2019-01-06T13:00:30.560Z,19010613,XBTUSD,Sell,300,3810,ZeroMinusTick,f0167194-8acb-9e9b-6c5d-8a07a7f1630f,355576,267
3019579,2019-01-06T13:00:30.560Z,19010613,XBTUSD,Sell,1132,3809.5,ZeroMinusTick,f105751b-15f6-5136-31a6-b6e6e698491f,356708,268
3019626,2019-01-06T13:00:35.707Z,19010613,XBTUSD,Sell,311,3809.5,ZeroMinusTick,73b2fc2a-b43d-417d-43b1-e807e2c7d004,357019,269
3019632,2019-01-06T13:00:35.797Z,19010613,XBTUSD,Sell,100,3809.5,ZeroMinusTick,2c6081f6-0539-8022-fa49-8eb1c989b4c6,357119,270
3019726,2019-01-06T13:00:40.443Z,19010613,XBTUSD,Sell,80,3809.5,ZeroMinusTick,710a65dd-a76b-c6c7-0e51-19cdf145f29f,357199,271
3019728,2019-01-06T13:00:40.827Z,19010613,XBTUSD,Sell,40,3809.5,ZeroMinusTick,a77684cd-3fde-bacd-46ce-3875ead60508,357239,272
3019762,2019-01-06T13:00:48.519Z,19010613,XBTUSD,Sell,7738,3809.5,ZeroMinusTick,0de63a9d-e39b-eca4-1f08-7dbd812e4d65,364977,273
3019824,2019-01-06T13:00:51.784Z,19010613,XBTUSD,Sell,300,3809.5,ZeroMinusTick,492fdf4d-cdbe-6395-0cbb-882127f00d95,365277,274
3019384,2019-01-06T13:00:21.083Z,19010613,XBTUSD,Sell,1000,3811.5,ZeroMinusTick,7c50a76b-7e39-f03c-7b81-2a3b3a289a06,366277,275
3019386,2019-01-06T13:00:21.252Z,19010613,XBTUSD,Buy,50,3812,PlusTick,84170f05-8d8d-9703-85d0-ca6b70aee0d7,366327,276
3019406,2019-01-06T13:00:25.616Z,19010613,XBTUSD,Sell,10,3811.5,ZeroMinusTick,ae765e99-f9e9-894e-6854-b59cc3108a42,366337,277
3019414,2019-01-06T13:00:25.616Z,19010613,XBTUSD,Sell,200,3811.5,ZeroMinusTick,c3ac2992-917c-2075-c3c2-935c26515dea,366537,278
3019426,2019-01-06T13:00:25.616Z,19010613,XBTUSD,Sell,10,3811.5,ZeroMinusTick,6658e897-66ae-f700-277c-00ab16a68b23,366547,279
3019438,2019-01-06T13:00:25.616Z,19010613,XBTUSD,Sell,500,3811,ZeroMinusTick,21530656-ac1c-d4ea-9514-7ac17034817f,367047,280
3019444,2019-01-06T13:00:25.616Z,19010613,XBTUSD,Sell,141,3811,ZeroMinusTick,a1813cce-64a9-cbd4-da6a-99eba62eca29,367188,281
3019457,2019-01-06T13:00:25.616Z,19010613,XBTUSD,Sell,77,3811,ZeroMinusTick,987c6221-32b2-a73d-d87d-544c71943bb1,367265,282
3019469,2019-01-06T13:00:25.616Z,19010613,XBTUSD,Sell,10,3811,ZeroMinusTick,0604a519-ff09-7c79-cbda-53a22ee49288,367275,283
3019478,2019-01-06T13:00:25.616Z,19010613,XBTUSD,Sell,11,3810.5,ZeroMinusTick,b3fde3c5-c463-7363-ee0a-cce9c799c5dc,367286,284
3019484,2019-01-06T13:00:25.616Z,19010613,XBTUSD,Sell,190,3810.5,ZeroMinusTick,83ae5ef1-3b80-9336-5e64-739a9834f427,367476,285
3019496,2019-01-06T13:00:25.616Z,19010613,XBTUSD,Sell,166,3810.5,ZeroMinusTick,f579e3bb-8453-0cff-bf52-e8c5a02c073c,367642,286
3019538,2019-01-06T13:00:27.281Z,19010613,XBTUSD,Sell,578,3810,ZeroMinusTick,dc1b3603-50ee-e9e4-a660-60f554d98025,368220,287
3019549,2019-01-06T13:00:30.560Z,19010613,XBTUSD,Sell,16,3810,ZeroMinusTick,8e735e00-0c18-5b65-7deb-88c2aacbf482,368236,288
3019559,2019-01-06T13:00:30.560Z,19010613,XBTUSD,Sell,190,3810,ZeroMinusTick,5c82925d-7c09-90d8-8e02-d807fba2c231,368426,289
3019569,2019-01-06T13:00:30.560Z,19010613,XBTUSD,Sell,38,3810,ZeroMinusTick,d847dc03-dfc5-ea5d-6be3-2727c889f933,368464,290
3019578,2019-01-06T13:00:30.560Z,19010613,XBTUSD,Sell,10,3809.5,MinusTick,516c43ce-282c-9e9a-40da-28bf20c0a03e,368474,291
3019602,2019-01-06T13:00:32.851Z,19010613,XBTUSD,Sell,253,3809.5,ZeroMinusTick,00cb090a-5e92-6c73-21a9-f51c830899f1,368727,292
3019620,2019-01-06T13:00:35.692Z,19010613,XBTUSD,Sell,10,3809.5,ZeroMinusTick,95ef3a9b-8ddb-f279-dd6b-d27b5d5fec2d,368737,293
3019635,2019-01-06T13:00:35.797Z,19010613,XBTUSD,Sell,11,3809.5,ZeroMinusTick,0fd1b63e-fea3-cd5e-cbec-75557aae7712,368748,294
3019718,2019-01-06T13:00:40.443Z,19010613,XBTUSD,Sell,477,3809.5,MinusTick,42a7e926-2f89-e07e-a0e6-d31fadf71d05,369225,295
3019827,2019-01-06T13:00:51.784Z,19010613,XBTUSD,Sell,50,3809.5,ZeroMinusTick,09fcb4f8-b941-747f-0965-df12dd1a5d75,369275,296
3019843,2019-01-06T13:00:54.121Z,19010613,XBTUSD,Sell,10000,3809.5,ZeroMinusTick,e5919e9d-e24b-07fe-b2aa-c87977185402,379275,297
3019844,2019-01-06T13:00:54.377Z,19010613,XBTUSD,Sell,50,3809.5,ZeroMinusTick,d26dfdb4-14d1-51b3-69ec-51823cd06068,379325,298
3019845,2019-01-06T13:00:54.412Z,19010613,XBTUSD,Buy,1,3810,PlusTick,2034a698-f423-7851-9102-5440307d69d0,379326,299
3019846,2019-01-06T13:00:54.587Z,19010613,XBTUSD,Buy,120,3810,ZeroPlusTick,58c2cebb-74e3-a909-a001-427079808530,379446,300
3019850,2019-01-06T13:00:55.743Z,19010613,XBTUSD,Sell,600,3809.5,ZeroMinusTick,6a4c4d74-edde-4517-0c8d-e89cfa9848e8,380046,301
3019925,2019-01-06T13:01:03.223Z,19010613,XBTUSD,Sell,742,3809.5,ZeroMinusTick,9f691399-4787-9f96-32cd-908dc7f00765,380788,302
3019935,2019-01-06T13:01:03.223Z,19010613,XBTUSD,Sell,40,3809.5,ZeroMinusTick,23edfb26-fbd0-d98f-9131-fe25b65c53c6,380828,303
3019942,2019-01-06T13:01:03.641Z,19010613,XBTUSD,Sell,6832,3809.5,ZeroMinusTick,ae65e6c6-e563-914a-7df1-ac957fc09c4d,387660,304
3019441,2019-01-06T13:00:25.616Z,19010613,XBTUSD,Sell,10,3811,ZeroMinusTick,27088ea5-4552-33d2-cd95-4e44a8f4915a,387670,305
3019451,2019-01-06T13:00:25.616Z,19010613,XBTUSD,Sell,47,3811,ZeroMinusTick,9799c45c-e569-399b-bfdf-b5eec542cc0f,387717,306
3019461,2019-01-06T13:00:25.616Z,19010613,XBTUSD,Sell,10,3811,ZeroMinusTick,6a88b651-70ca-0f33-7708-3f8fca66a44d,387727,307
3019472,2019-01-06T13:00:25.616Z,19010613,XBTUSD,Sell,111,3811,ZeroMinusTick,1ed5f224-a90b-2252-5915-c9e40405c514,387838,308
3019480,2019-01-06T13:00:25.616Z,19010613,XBTUSD,Sell,128,3810.5,ZeroMinusTick,628ed3eb-3389-458e-0bf9-54af1efbb579,387966,309
3019493,2019-01-06T13:00:25.616Z,19010613,XBTUSD,Sell,10,3810.5,ZeroMinusTick,241e7dce-ee4b-4e2c-a7d6-79800ad39fda,387976,310
3019531,2019-01-06T13:00:26.770Z,19010613,XBTUSD,Sell,128,3810,ZeroMinusTick,e31b2100-c504-bbd5-3963-c5d91f995d9a,388104,311
3019543,2019-01-06T13:00:29.202Z,19010613,XBTUSD,Sell,19,3810,ZeroMinusTick,1a488f52-dfe9-938a-7d23-ddb44c85d0cc,388123,312
3019551,2019-01-06T13:00:30.560Z,19010613,XBTUSD,Sell,10,3810,ZeroMinusTick,c6426167-ad38-3c60-6716-ed72c1397ea9,388133,313
3019562,2019-01-06T13:00:30.560Z,19010613,XBTUSD,Sell,113,3810,ZeroMinusTick,a85f75ee-26e8-cf1b-250a-6b5e538993f9,388246,314
3019570,2019-01-06T13:00:30.560Z,19010613,XBTUSD,Sell,10,3810,ZeroMinusTick,f6fc3777-b776-e0f2-aa68-1fe1bb51b84e,388256,315
3019616,2019-01-06T13:00:35.666Z,19010613,XBTUSD,Sell,200,3809.5,MinusTick,86090d62-77d1-5ffb-cd01-46c198d78233,388456,316
3019624,2019-01-06T13:00:35.692Z,19010613,XBTUSD,Sell,100,3809.5,ZeroMinusTick,757f0acb-12db-321b-a184-0bba7bb4da8d,388556,317
3019633,2019-01-06T13:00:35.797Z,19010613,XBTUSD,Sell,11,3809.5,ZeroMinusTick,2119fc23-2806-73f2-67e3-7735e03b9366,388567,318
3019721,2019-01-06T13:00:40.443Z,19010613,XBTUSD,Sell,1000,3809.5,ZeroMinusTick,8e23a1b4-64f5-d4a7-0311-d87b566644aa,389567,319
3019828,2019-01-06T13:00:51.784Z,19010613,XBTUSD,Sell,300,3809.5,ZeroMinusTick,d0eeca7d-6088-0e7a-971f-b336a54e4564,389867,320
3019837,2019-01-06T13:00:53.258Z,19010613,XBTUSD,Buy,120,3810,ZeroPlusTick,893bad21-774d-6986-8acf-104466ac6236,389987,321
3019838,2019-01-06T13:00:53.659Z,19010613,XBTUSD,Sell,10,3809.5,MinusTick,2e52566b-095f-0fad-623f-b3a7bab40ada,389997,322
3019839,2019-01-06T13:00:53.713Z,19010613,XBTUSD,Buy,35,3810,PlusTick,897f3047-5156-b0c2-5742-5802e59cebe3,390032,323
3019840,2019-01-06T13:00:53.728Z,19010613,XBTUSD,Buy,120,3810,ZeroPlusTick,81cc3c46-a756-41a3-5bf6-47ad3cf6365e,390152,324
3019841,2019-01-06T13:00:53.748Z,19010613,XBTUSD,Sell,400,3809.5,MinusTick,f916d965-3789-3505-7ff1-312c5f5709b3,390552,325
3019866,2019-01-06T13:00:57.540Z,19010613,XBTUSD,Sell,2000,3809.5,ZeroMinusTick,80e8e125-77b8-cb26-0b6f-a12e1ae8ebc5,392552,326
3019905,2019-01-06T13:01:01.038Z,19010613,XBTUSD,Sell,4000,3809.5,ZeroMinusTick,1888569c-e738-f288-9117-72a3f1120277,396552,327
3019908,2019-01-06T13:01:01.300Z,19010613,XBTUSD,Buy,3000,3810,PlusTick,57524aa6-4890-0c24-1ddd-bae6b02e9f56,399552,328
3019909,2019-01-06T13:01:01.379Z,19010613,XBTUSD,Sell,3000,3809.5,MinusTick,70a8a673-c77a-aef5-73f6-9ae5a897c056,402552,329
3019921,2019-01-06T13:01:03.223Z,19010613,XBTUSD,Sell,100,3809.5,ZeroMinusTick,706f3f6c-2b89-720b-0bbe-d20e1c8b973a,402652,330
3019936,2019-01-06T13:01:03.223Z,19010613,XBTUSD,Sell,37,3809.5,ZeroMinusTick,7dca791d-868e-8196-7d65-895b350c17f0,402689,331
3019976,2019-01-06T13:01:05.776Z,19010613,XBTUSD,Sell,76,3809.5,ZeroMinusTick,c89ee2a1-db51-4ea8-0ca2-4f433b02586a,402765,332
3019985,2019-01-06T13:01:08.205Z,19010613,XBTUSD,Sell,54,3809.5,ZeroMinusTick,035c1b25-73a0-0d87-35af-43c9a16aa988,402819,333
3019992,2019-01-06T13:01:08.205Z,19010613,XBTUSD,Sell,300,3809.5,ZeroMinusTick,bb893414-a239-46a4-7474-1bcc142cbd43,403119,334
3020008,2019-01-06T13:01:08.725Z,19010613,XBTUSD,Sell,2,3809,ZeroMinusTick,1b2e777d-ecd1-ced0-692e-44cb7870ad14,403121,335
3020013,2019-01-06T13:01:08.725Z,19010613,XBTUSD,Sell,3,3809,ZeroMinusTick,b7c0a457-6a79-1688-0e22-7662b9992a0f,403124,336
3019442,2019-01-06T13:00:25.616Z,19010613,XBTUSD,Sell,10,3811,ZeroMinusTick,a48d01dc-725e-7fff-87d6-31b7200e3943,403134,337
3019450,2019-01-06T13:00:25.616Z,19010613,XBTUSD,Sell,16,3811,ZeroMinusTick,a90ce451-9e53-e60f-da58-88131777c08b,403150,338
3019462,2019-01-06T13:00:25.616Z,19010613,XBTUSD,Sell,11,3811,ZeroMinusTick,735d1269-2bc2-2e64-1a89-23327429de78,403161,339
3019470,2019-01-06T13:00:25.616Z,19010613,XBTUSD,Sell,10,3811,ZeroMinusTick,771e737f-dc4d-3543-1e85-a2a8c2e25b70,403171,340
3019483,2019-01-06T13:00:25.616Z,19010613,XBTUSD,Sell,190,3810.5,ZeroMinusTick,7fd8d450-f694-97eb-560c-87beca87449a,403361,341
3019490,2019-01-06T13:00:25.616Z,19010613,XBTUSD,Sell,10,3810.5,ZeroMinusTick,9ab799fd-8da6-887d-7dcc-d68bce429601,403371,342
3019555,2019-01-06T13:00:30.560Z,19010613,XBTUSD,Sell,2000,3810,ZeroMinusTick,4a135360-ec84-aca0-0c17-e2dc42a05413,405371,343
3019566,2019-01-06T13:00:30.560Z,19010613,XBTUSD,Sell,10030,3810,ZeroMinusTick,b5dfaeb8-c091-0ff2-7149-54205801000b,415401,344
3019577,2019-01-06T13:00:30.560Z,19010613,XBTUSD,Sell,10,3810,ZeroMinusTick,78bd94c0-8633-b270-eaf1-a4c546a3d68f,415411,345
3019600,2019-01-06T13:00:32.851Z,19010613,XBTUSD,Sell,2867,3809.5,ZeroMinusTick,1cd4e98c-1400-ed00-82b8-b200a5348869,418278,346
3019608,2019-01-06T13:00:33.550Z,19010613,XBTUSD,Sell,30,3809.5,ZeroMinusTick,90fb6f6e-0d01-33bd-2827-3688ca2ce0a8,418308,347
3019611,2019-01-06T13:00:33.961Z,19010613,XBTUSD,Sell,300,3809.5,ZeroMinusTick,29f8eda9-e0fe-f839-282a-93a68162fe22,418608,348
3019617,2019-01-06T13:00:35.692Z,19010613,XBTUSD,Sell,247,3809.5,ZeroMinusTick,5b84b83f-cb5f-70a7-ca95-e1d06f25bc9a,418855,349
3019634,2019-01-06T13:00:35.797Z,19010613,XBTUSD,Sell,150,3809.5,ZeroMinusTick,753474e0-0273-7089-088b-8ddd16c25c7c,419005,350
3019650,2019-01-06T13:00:37.491Z,19010613,XBTUSD,Buy,3750,3810,PlusTick,e918c6c9-4b9d-0d24-47b0-278b63ab5517,422755,351
3019716,2019-01-06T13:00:39.131Z,19010613,XBTUSD,Buy,10,3810,ZeroPlusTick,2661a5e7-63c4-b116-9e8b-4561500b1ac2,422765,352
3019724,2019-01-06T13:00:40.443Z,19010613,XBTUSD,Sell,2000,3809.5,ZeroMinusTick,dc49ebfe-076c-55de-79c0-a9907b59bce2,424765,353
3019734,2019-01-06T13:00:43.168Z,19010613,XBTUSD,Sell,1200,3809.5,ZeroMinusTick,e2c5963c-3db3-6e89-69e7-4b600a3849fc,425965,354
3019736,2019-01-06T13:00:43.807Z,19010613,XBTUSD,Sell,30000,3809.5,ZeroMinusTick,917039f4-3103-478f-3b84-e33d5075ee62,455965,355
3019737,2019-01-06T13:00:43.915Z,19010613,XBTUSD,Sell,20000,3809.5,ZeroMinusTick,0e1fb084-22bd-f9be-276f-faae229a44d0,475965,356
3019825,2019-01-06T13:00:51.784Z,19010613,XBTUSD,Sell,500,3809.5,ZeroMinusTick,8fe93f85-a558-eb6a-b611-8d55396525a3,476465,357
3019854,2019-01-06T13:00:55.941Z,19010613,XBTUSD,Sell,2615,3809.5,ZeroMinusTick,8499f01f-c32b-48a8-1a29-8c9725005947,479080,358
3019900,2019-01-06T13:01:00.721Z,19010613,XBTUSD,Sell,7199,3809.5,ZeroMinusTick,7da123f1-39cb-7cac-2a44-e206f100ff53,486279,359
3019927,2019-01-06T13:01:03.223Z,19010613,XBTUSD,Sell,122,3809.5,ZeroMinusTick,413c1c52-c4b1-04ce-cc35-f5ed93c8b3dd,486401,360
3019930,2019-01-06T13:01:03.223Z,19010613,XBTUSD,Sell,200,3809.5,ZeroMinusTick,83e73e81-1f58-0d1d-4643-3d8314426834,486601,361
3019723,2019-01-06T13:00:40.443Z,19010613,XBTUSD,Sell,2000,3809.5,ZeroMinusTick,e2140f6f-c958-3320-8cba-912322aca338,488601,362
3019760,2019-01-06T13:00:48.519Z,19010613,XBTUSD,Sell,14088,3809.5,MinusTick,9cb44d6e-b152-048f-eb6e-dc262602e900,502689,363
3019830,2019-01-06T13:00:51.855Z,19010613,XBTUSD,Buy,120,3810,PlusTick,ca6594c0-9d38-0884-05bb-ea131cdf7515,502809,364
3019852,2019-01-06T13:00:55.764Z,19010613,XBTUSD,Sell,6000,3809.5,ZeroMinusTick,9a17b458-65a5-06d3-0b54-7f1fdd7221d2,508809,365
3019853,2019-01-06T13:00:55.930Z,19010613,XBTUSD,Sell,1000,3809.5,ZeroMinusTick,44f6b568-4592-aa44-33d7-cb041c5aff4d,509809,366
3019904,2019-01-06T13:01:00.952Z,19010613,XBTUSD,Sell,250,3809.5,ZeroMinusTick,4d3a5411-3e55-997e-63a7-87065978c9e4,510059,367
3019926,2019-01-06T13:01:03.223Z,19010613,XBTUSD,Sell,116,3809.5,ZeroMinusTick,8be0baaf-916f-47ec-fcc0-3f3c645520ab,510175,368
3019929,2019-01-06T13:01:03.223Z,19010613,XBTUSD,Sell,120,3809.5,ZeroMinusTick,576ac1cf-8a2b-31d2-5574-4a3b85a4ec67,510295,369
3019939,2019-01-06T13:01:03.223Z,19010613,XBTUSD,Sell,500,3809.5,ZeroMinusTick,76a242d2-9f2f-079e-4f88-7a37c43f2fba,510795,370
3019950,2019-01-06T13:01:04.636Z,19010613,XBTUSD,Sell,988,3809.5,ZeroMinusTick,80de1a0a-b1cd-b4f3-6cea-863a3e026fea,511783,371
3019971,2019-01-06T13:01:05.776Z,19010613,XBTUSD,Sell,10,3809.5,ZeroMinusTick,fd0312b6-088c-0e27-98f3-734bf5d533b8,511793,372
3019984,2019-01-06T13:01:08.205Z,19010613,XBTUSD,Sell,84,3809.5,MinusTick,fd5087ac-5b8d-d20f-ae24-75fe3331e936,511877,373
3020001,2019-01-06T13:01:08.346Z,19010613,XBTUSD,Sell,124,3809,ZeroMinusTick,419fac9b-3997-f81f-8d03-89f499d3396e,512001,374
3020043,2019-01-06T13:01:10.830Z,19010613,XBTUSD,Sell,6000,3809,ZeroMinusTick,282bc158-499f-7133-aac8-6adbdf5c7ebb,518001,375
3020057,2019-01-06T13:01:11.822Z,19010613,XBTUSD,Sell,100,3809,ZeroMinusTick,4fbec6c1-2524-8144-d59d-38167d9a9dc3,518101,376
3020087,2019-01-06T13:01:14.717Z,19010613,XBTUSD,Sell,30,3809,ZeroMinusTick,0011a715-2885-8d41-2b91-0c3f0244e6c0,518131,377
3020091,2019-01-06T13:01:14.717Z,19010613,XBTUSD,Sell,37,3809,ZeroMinusTick,fe01e088-bd4d-3fb2-9cf9-0dd919bee1ba,518168,378
3020105,2019-01-06T13:01:15.778Z,19010613,XBTUSD,Sell,500,3809,ZeroMinusTick,f0314a77-f558-77a2-47d8-19d69e18e63b,518668,379
3020145,2019-01-06T13:01:17.543Z,19010613,XBTUSD,Sell,66,3808.5,ZeroMinusTick,455723fb-395b-e218-c82f-5de28eb72e36,518734,380
3020160,2019-01-06T13:01:18.080Z,19010613,XBTUSD,Sell,11,3808.5,ZeroMinusTick,2a881780-ef33-a4c1-16ba-85f42339c887,518745,381
3020178,2019-01-06T13:01:19.021Z,19010613,XBTUSD,Sell,500,3808.5,ZeroMinusTick,7f0dca43-e627-bfcc-955f-949085a73300,519245,382
3020191,2019-01-06T13:01:19.505Z,19010613,XBTUSD,Sell,10,3808.5,ZeroMinusTick,c86e93ec-9055-c30a-6d3b-6f9f907799da,519255,383
3020203,2019-01-06T13:01:21.070Z,19010613,XBTUSD,Sell,13,3808.5,ZeroMinusTick,a27c477d-a674-d2c4-1bfa-cd2079aa1c33,519268,384
3020214,2019-01-06T13:01:21.070Z,19010613,XBTUSD,Sell,12,3808.5,ZeroMinusTick,a911601b-2ae4-8e7a-f9cd-af337ab2e9e7,519280,385
3020248,2019-01-06T13:01:24.003Z,19010613,XBTUSD,Sell,50,3808.5,ZeroMinusTick,98383788-fc68-68fd-4bc6-7ebc4596a0be,519330,386
3020257,2019-01-06T13:01:24.003Z,19010613,XBTUSD,Sell,300,3808.5,ZeroMinusTick,2d1cfdd2-795e-8522-8da3-926f02c45bf6,519630,387
3020270,2019-01-06T13:01:24.551Z,19010613,XBTUSD,Sell,470,3808,ZeroMinusTick,a56f2f70-e245-20eb-4ac1-68af51b64af6,520100,388
3020275,2019-01-06T13:01:24.551Z,19010613,XBTUSD,Sell,16,3808,ZeroMinusTick,1eaf7252-4d2a-eef4-2976-1f846e2ee12a,520116,389
3020289,2019-01-06T13:01:24.551Z,19010613,XBTUSD,Sell,47,3808,ZeroMinusTick,c09bbb88-db5c-b76a-3711-3002b184e321,520163,390
3020320,2019-01-06T13:01:27.154Z,19010613,XBTUSD,Sell,586,3808,ZeroMinusTick,b1044a43-9706-42c3-7a5a-075cefa3041d,520749,391
3020327,2019-01-06T13:01:27.912Z,19010613,XBTUSD,Sell,12,3808,ZeroMinusTick,c26f1738-60fc-1c38-b13c-20e3a1a2c647,520761,392
3019725,2019-01-06T13:00:40.443Z,19010613,XBTUSD,Sell,1000,3809.5,ZeroMinusTick,4dcdb610-a34e-8dba-535d-42dd89f14d49,521761,393
3019738,2019-01-06T13:00:44.627Z,19010613,XBTUSD,Sell,500,3809.5,ZeroMinusTick,0c41fc7f-94d4-ce68-1df8-b02472b14f47,522261,394
3019759,2019-01-06T13:00:47.868Z,19010613,XBTUSD,Buy,1,3810,PlusTick,fba03b9d-e010-dc28-37b2-eedad2bfaac2,522262,395
3019822,2019-01-06T13:00:51.784Z,19010613,XBTUSD,Sell,37,3809.5,ZeroMinusTick,dd740c4f-df34-e19d-c99f-e07d55f3eff9,522299,396
3019870,2019-01-06T13:00:58.717Z,19010613,XBTUSD,Sell,400,3809.5,ZeroMinusTick,d7d8a67a-d3c4-f1c8-7e6f-08406f81a234,522699,397
3019872,2019-01-06T13:00:59.198Z,19010613,XBTUSD,Sell,200,3809.5,ZeroMinusTick,d47e9dd9-8fc2-85f9-8509-4ea2008dbffe,522899,398
3019897,2019-01-06T13:01:00.034Z,19010613,XBTUSD,Sell,1,3809.5,ZeroMinusTick,2426a0e7-41ff-0056-c994-a9c8ebbad48d,522900,399
3019922,2019-01-06T13:01:03.223Z,19010613,XBTUSD,Sell,30,3809.5,ZeroMinusTick,f2544b00-d5dd-d06f-e4a7-7adc2d0c1c4d,522930,400
3019934,2019-01-06T13:01:03.223Z,19010613,XBTUSD,Sell,10,3809.5,ZeroMinusTick,fde50b5a-c518-b28a-bbda-cd353d8352af,522940,401
3019974,2019-01-06T13:01:05.776Z,19010613,XBTUSD,Sell,10000,3809.5,ZeroMinusTick,3e4e8bd4-0dad-9bc8-8db7-78ef97196129,532940,402
3019980,2019-01-06T13:01:06.889Z,19010613,XBTUSD,Buy,104,3810,PlusTick,18e59e87-a96b-c9a4-bc19-f1f25290cd91,533044,403
3019987,2019-01-06T13:01:08.205Z,19010613,XBTUSD,Sell,37,3809.5,ZeroMinusTick,25804409-2b68-2b18-a272-dd1e3c3b4706,533081,404
3019990,2019-01-06T13:01:08.205Z,19010613,XBTUSD,Sell,500,3809.5,ZeroMinusTick,041ce92f-300d-fec3-b246-345e3fc7e351,533581,405
3020004,2019-01-06T13:01:08.725Z,19010613,XBTUSD,Sell,11,3809,ZeroMinusTick,12961c7c-d7f0-4c14-6736-2f59566cba0f,533592,406
3020014,2019-01-06T13:01:08.725Z,19010613,XBTUSD,Sell,844,3809,ZeroMinusTick,2aa9c50f-5883-5b50-f649-382ef3844ca2,534436,407
3020031,2019-01-06T13:01:09.430Z,19010613,XBTUSD,Sell,4000,3809,ZeroMinusTick,76460cb6-9451-6287-9a09-e30d88327aae,538436,408
3020051,2019-01-06T13:01:11.461Z,19010613,XBTUSD,Buy,2939,3809.5,ZeroPlusTick,e6e6292f-0d32-c669-7b71-d0dc2f26facc,541375,409
3020061,2019-01-06T13:01:11.822Z,19010613,XBTUSD,Sell,1652,3809,ZeroMinusTick,c702abe4-8e55-1e17-2391-4cdc6f043628,543027,410
3020072,2019-01-06T13:01:12.654Z,19010613,XBTUSD,Sell,113,3809,ZeroMinusTick,9ee0f70a-1f75-7e9e-6151-dde77b140cc3,543140,411
3020074,2019-01-06T13:01:13.067Z,19010613,XBTUSD,Sell,31,3809,ZeroMinusTick,6c9683db-0f9b-5902-00b8-558296aa3046,543171,412
3020085,2019-01-06T13:01:14.717Z,19010613,XBTUSD,Sell,10,3809,ZeroMinusTick,cefe6fdb-32f9-24c8-9bd1-8cd2e126528c,543181,413
3020101,2019-01-06T13:01:15.743Z,19010613,XBTUSD,Sell,114,3809,ZeroMinusTick,eeacca6d-f232-4ef0-1f47-ecadaec15a9d,543295,414
3020110,2019-01-06T13:01:15.778Z,19010613,XBTUSD,Sell,10,3809,ZeroMinusTick,95164005-f2ec-5f5e-d33d-ed27044571e5,543305,415
3020138,2019-01-06T13:01:16.910Z,19010613,XBTUSD,Buy,200,3809,PlusTick,e11fa456-1dac-f038-d1bf-508b9546ee43,543505,416
3020148,2019-01-06T13:01:17.959Z,19010613,XBTUSD,Sell,292,3808.5,ZeroMinusTick,f7193930-f0b6-a532-21d2-e1b08ee2da38,543797,417
3020154,2019-01-06T13:01:17.959Z,19010613,XBTUSD,Sell,40,3808.5,ZeroMinusTick,8cbe4815-e9f2-7cc8-25d3-dd06475cbd91,543837,418
3020190,2019-01-06T13:01:19.505Z,19010613,XBTUSD,Sell,794,3808.5,ZeroMinusTick,19a3a918-afed-9b4e-7b4d-7c7bb8193392,544631,419
3020204,2019-01-06T13:01:21.070Z,19010613,XBTUSD,Sell,1,3808.5,ZeroMinusTick,81a0fdc8-229d-99dc-b592-21fcb881f975,544632,420
3020221,2019-01-06T13:01:21.607Z,19010613,XBTUSD,Sell,100,3808.5,MinusTick,92f5f80c-59e2-1ed5-4255-9e50cbee0669,544732,421
3020222,2019-01-06T13:01:22.039Z,19010613,XBTUSD,Sell,1000,3808.5,ZeroMinusTick,4cf3fc1f-68df-fdf0-5283-cf39fcb2d8ad,545732,422
3019717,2019-01-06T13:00:39.146Z,19010613,XBTUSD,Buy,2615,3810,ZeroPlusTick,dab9d4ec-41b0-57c5-5b0d-4766d93e7152,548347,423
3019720,2019-01-06T13:00:40.443Z,19010613,XBTUSD,Sell,3,3809.5,ZeroMinusTick,021c21e6-6869-f461-3168-e5ee43122e03,548350,424
3019826,2019-01-06T13:00:51.784Z,19010613,XBTUSD,Sell,500,3809.5,ZeroMinusTick,ad3c6fea-dd5f-8ef3-ba73-7c497420406d,548850,425
3019847,2019-01-06T13:00:55.691Z,19010613,XBTUSD,Sell,160,3809.5,MinusTick,f026dffa-d4d2-22b1-f1e4-765437ab5268,549010,426
3019918,2019-01-06T13:01:03.179Z,19010613,XBTUSD,Sell,5000,3809.5,ZeroMinusTick,6191a794-f903-840c-be7b-ffb577a0a61c,554010,427
3019928,2019-01-06T13:01:03.223Z,19010613,XBTUSD,Sell,30,3809.5,ZeroMinusTick,b6eea624-f693-26e5-70c2-4271a38b5515,554040,428
3019938,2019-01-06T13:01:03.223Z,19010613,XBTUSD,Sell,15,3809.5,ZeroMinusTick,0fb2d5ca-2ff7-5842-9749-8328148d2873,554055,429
3019948,2019-01-06T13:01:04.636Z,19010613,XBTUSD,Sell,300,3809.5,ZeroMinusTick,2c53d723-e54a-71c9-681c-90431265b227,554355,430
3019966,2019-01-06T13:01:05.203Z,19010613,XBTUSD,Buy,272,3810,PlusTick,ab2945cf-0e00-1103-d2e3-e546a39da8e5,554627,431
3019972,2019-01-06T13:01:05.776Z,19010613,XBTUSD,Sell,10,3809.5,ZeroMinusTick,771d7a67-f4f9-f278-57dc-a1f5d6e94293,554637,432
3019978,2019-01-06T13:01:05.939Z,19010613,XBTUSD,Buy,100,3810,PlusTick,76caf9c8-69a5-9ea8-6b9e-2c7adef02a3b,554737,433
3020000,2019-01-06T13:01:08.346Z,19010613,XBTUSD,Sell,15,3809,ZeroMinusTick,87610127-e178-421d-1967-1336032f4cee,554752,434
3020010,2019-01-06T13:01:08.725Z,19010613,XBTUSD,Sell,16,3809,ZeroMinusTick,8016e6cc-a744-23c1-5e24-f05a3b2463b9,554768,435
3020080,2019-01-06T13:01:14.717Z,19010613,XBTUSD,Sell,10,3809,ZeroMinusTick,4925a4b5-8fb7-e02c-ed80-57ce7a4affaa,554778,436
3020090,2019-01-06T13:01:14.717Z,19010613,XBTUSD,Sell,19,3809,ZeroMinusTick,26c1bc06-85d9-d8d1-9c8c-64957ed463fc,554797,437
3020104,2019-01-06T13:01:15.778Z,19010613,XBTUSD,Sell,470,3809,ZeroMinusTick,7e57e013-a610-0330-e8af-716c126d6e25,555267,438
3020149,2019-01-06T13:01:17.959Z,19010613,XBTUSD,Sell,27,3808.5,ZeroMinusTick,16da3155-1969-2ba1-b6e9-b17abde9833d,555294,439
3020161,2019-01-06T13:01:18.080Z,19010613,XBTUSD,Sell,200,3808.5,ZeroMinusTick,0ca0f7ba-715b-e7eb-45a5-361bad9c390e,555494,440
3020193,2019-01-06T13:01:19.505Z,19010613,XBTUSD,Sell,200,3808.5,ZeroMinusTick,915eac3f-5240-f931-999f-0cb37ac71c4c,555694,441
3020205,2019-01-06T13:01:21.070Z,19010613,XBTUSD,Sell,3,3808.5,ZeroMinusTick,cb015b01-1135-e000-ce3b-a45cf312c23f,555697,442
3020242,2019-01-06T13:01:23.596Z,19010613,XBTUSD,Sell,300,3808.5,ZeroMinusTick,0ae2f135-056a-4422-a5bd-526cae7ef6a0,555997,443
3020243,2019-01-06T13:01:24.003Z,19010613,XBTUSD,Sell,870,3808.5,ZeroMinusTick,7836297f-2bf3-4794-65ce-da0859600f95,556867,444
3020253,2019-01-06T13:01:24.003Z,19010613,XBTUSD,Sell,100,3808.5,ZeroMinusTick,ff025f6f-d5de-8323-62e1-8e7fd3774645,556967,445
3020262,2019-01-06T13:01:24.551Z,19010613,XBTUSD,Sell,470,3808.5,ZeroMinusTick,058c0b7a-4241-89b1-1597-09267c06d70d,557437,446
3020276,2019-01-06T13:01:24.551Z,19010613,XBTUSD,Sell,11,3808,ZeroMinusTick,d4b6d170-0027-e9ed-3762-34e4e6c5885f,557448,447
3020287,2019-01-06T13:01:24.551Z,19010613,XBTUSD,Sell,50,3808,ZeroMinusTick,b02a3615-d4b8-d623-f9c5-bd1e9326bcff,557498,448
3020314,2019-01-06T13:01:27.120Z,19010613,XBTUSD,Sell,3000,3808,ZeroMinusTick,e460b641-03d6-7856-8ccd-491c87beb8da,560498,449
3019729,2019-01-06T13:00:40.827Z,19010613,XBTUSD,Sell,210,3809.5,ZeroMinusTick,c75d2d5c-37f3-fb22-f124-f2bc1db4fdb2,560708,450
3019731,2019-01-06T13:00:42.133Z,19010613,XBTUSD,Sell,3000,3809.5,ZeroMinusTick,cc784127-4999-c81c-fdfd-2d6429b7b176,563708,451
3019732,2019-01-06T13:00:42.179Z,19010613,XBTUSD,Sell,1000,3809.5,ZeroMinusTick,7b724ca1-c8a0-d105-f10d-b64d796dee42,564708,452
3019761,2019-01-06T13:00:48.519Z,19010613,XBTUSD,Sell,3174,3809.5,ZeroMinusTick,572e7d85-c745-c810-ea44-55ad4a9854f1,567882,453
3019823,2019-01-06T13:00:51.784Z,19010613,XBTUSD,Sell,3000,3809.5,ZeroMinusTick,7274083a-75d2-45da-8be2-09773d07d15d,570882,454
3019833,2019-01-06T13:00:52.699Z,19010613,XBTUSD,Buy,120,3810,ZeroPlusTick,39c46851-f5ed-7b22-7490-5f829b1d6afc,571002,455
3019889,2019-01-06T13:00:59.732Z,19010613,XBTUSD,Sell,4000,3809.5,ZeroMinusTick,aef1ccc5-f14f-f54b-b123-116745a3d200,575002,456
3019910,2019-01-06T13:01:01.495Z,19010613,XBTUSD,Sell,10000,3809.5,ZeroMinusTick,2d95831d-6323-1603-e949-acb488d849dc,585002,457
3019911,2019-01-06T13:01:01.999Z,19010613,XBTUSD,Sell,17000,3809.5,ZeroMinusTick,d1349bbc-2dcd-24a2-917a-282baa2bdf8e,602002,458
3019924,2019-01-06T13:01:03.223Z,19010613,XBTUSD,Sell,470,3809.5,ZeroMinusTick,af817de2-5e8d-2b7c-fe04-669d342ae134,602472,459
3019933,2019-01-06T13:01:03.223Z,19010613,XBTUSD,Sell,50,3809.5,ZeroMinusTick,a0806cae-6801-a7c0-d403-e356a32ac8bf,602522,460
3019943,2019-01-06T13:01:03.641Z,19010613,XBTUSD,Sell,168,3809.5,ZeroMinusTick,03246ae9-cf47-4188-9414-54f6f9f95095,602690,461
3019946,2019-01-06T13:01:04.636Z,19010613,XBTUSD,Sell,50,3809.5,ZeroMinusTick,ed07f4e0-348d-8fb7-6d5a-8c38d836f858,602740,462
3019979,2019-01-06T13:01:06.752Z,19010613,XBTUSD,Sell,52,3809.5,MinusTick,1c362083-74b6-c34f-1ccb-f3b0dc52a970,602792,463
3019983,2019-01-06T13:01:07.885Z,19010613,XBTUSD,Buy,1678,3810,ZeroPlusTick,0dd6f9d3-0db5-fc5b-da5c-eff1dad1eade,604470,464
3019988,2019-01-06T13:01:08.205Z,19010613,XBTUSD,Sell,200,3809.5,ZeroMinusTick,3c0a8894-05ab-526f-5fd2-6b1ca8e6af16,604670,465
3019998,2019-01-06T13:01:08.330Z,19010613,XBTUSD,Sell,12,3809,MinusTick,a9e0dd1a-4c8a-c4cc-743d-8b4b3c12859f,604682,466
3020006,2019-01-06T13:01:08.725Z,19010613,XBTUSD,Sell,123,3809,ZeroMinusTick,e35a2d79-6d87-bf3c-0639-b29e129b4659,604805,467
3020012,2019-01-06T13:01:08.725Z,19010613,XBTUSD,Sell,3,3809,ZeroMinusTick,c39645c9-4d74-3baa-788f-bc7371c52398,604808,468
3020060,2019-01-06T13:01:11.822Z,19010613,XBTUSD,Sell,700,3809,ZeroMinusTick,8b8c94e8-4f31-d831-4a29-cb74ab306133,605508,469
3020079,2019-01-06T13:01:14.717Z,19010613,XBTUSD,Sell,10,3809,ZeroMinusTick,47eba141-7f35-06cc-4fb2-7b3361618ac0,605518,470
3020089,2019-01-06T13:01:14.717Z,19010613,XBTUSD,Sell,10,3809,ZeroMinusTick,87eddded-f849-391c-bd2e-8f29615d938b,605528,471
3020103,2019-01-06T13:01:15.778Z,19010613,XBTUSD,Sell,186,3809,ZeroMinusTick,0773475b-10f4-ed68-97c4-b28c38fc3210,605714,472
3020113,2019-01-06T13:01:15.793Z,19010613,XBTUSD,Sell,11,3808.5,MinusTick,206b4cc3-5850-1cf9-ec48-a65ad1679c1a,605725,473
3020140,2019-01-06T13:01:17.247Z,19010613,XBTUSD,Buy,506,3809,ZeroPlusTick,c7ddee9d-31fc-b32a-3972-828c148d68d9,606231,474
3020143,2019-01-06T13:01:17.499Z,19010613,XBTUSD,Sell,9,3808.5,MinusTick,9e7922ea-3d59-5454-77b2-875ab267f140,606240,475
3020157,2019-01-06T13:01:17.959Z,19010613,XBTUSD,Sell,100,3808.5,ZeroMinusTick,03b4c384-a43c-f340-b1fc-8f9ef76d4a9d,606340,476
3020210,2019-01-06T13:01:21.070Z,19010613,XBTUSD,Sell,10,3808.5,ZeroMinusTick,92c0513c-0549-f56a-7464-83d04e301072,606350,477
3020216,2019-01-06T13:01:21.070Z,19010613,XBTUSD,Sell,10,3808.5,ZeroMinusTick,6242677d-d0a7-e98d-3b63-4e8b87520b53,606360,478
3019820,2019-01-06T13:00:50.582Z,19010613,XBTUSD,Buy,200,3810,PlusTick,e391de29-27b6-8f4c-41be-45ee576c7cb5,606560,479
3019821,2019-01-06T13:00:50.637Z,19010613,XBTUSD,Sell,76,3809.5,MinusTick,e8804c47-41f2-4689-b79d-eed5b9950dec,606636,480
3019829,2019-01-06T13:00:51.784Z,19010613,XBTUSD,Sell,3313,3809.5,ZeroMinusTick,3dba280f-a9f6-f8ef-f67d-44f59fe44160,609949,481
3019869,2019-01-06T13:00:58.319Z,19010613,XBTUSD,Sell,200,3809.5,ZeroMinusTick,f2621c58-3d56-ce23-3dbc-32c1bf98b471,610149,482
3019920,2019-01-06T13:01:03.223Z,19010613,XBTUSD,Sell,300,3809.5,ZeroMinusTick,86edec10-2623-9b3e-1da1-1fe7b750075f,610449,483
3019937,2019-01-06T13:01:03.223Z,19010613,XBTUSD,Sell,46,3809.5,ZeroMinusTick,706a119d-5ae6-6883-5bb5-42beb4cd3273,610495,484
3019940,2019-01-06T13:01:03.223Z,19010613,XBTUSD,Sell,3168,3809.5,ZeroMinusTick,b0aa92ec-8388-e890-d1a9-9b74ce5c5155,613663,485
3019951,2019-01-06T13:01:04.636Z,19010613,XBTUSD,Sell,2000,3809.5,ZeroMinusTick,027ffe2d-0c6a-2242-a28e-e459c0fbd243,615663,486
3019975,2019-01-06T13:01:05.776Z,19010613,XBTUSD,Sell,50,3809.5,ZeroMinusTick,9a7bdf0f-27c3-cf09-22c8-db7e390c5b3d,615713,487
3019991,2019-01-06T13:01:08.205Z,19010613,XBTUSD,Sell,500,3809.5,ZeroMinusTick,1a913f7b-d9aa-082b-aae1-ce6b0c30c42f,616213,488
3020005,2019-01-06T13:01:08.725Z,19010613,XBTUSD,Sell,120,3809,ZeroMinusTick,d16d9945-1195-a0a4-7959-e2acc1348f65,616333,489
3020044,2019-01-06T13:01:10.942Z,19010613,XBTUSD,Sell,100,3809,ZeroMinusTick,9db881a0-2ab8-4aab-d43b-e43bd5dc2431,616433,490
3020049,2019-01-06T13:01:11.440Z,19010613,XBTUSD,Buy,700,3809.5,PlusTick,d9ee3d6e-b621-649c-7a8e-33a362eb23f8,617133,491
3020054,2019-01-06T13:01:11.822Z,19010613,XBTUSD,Sell,1854,3809,ZeroMinusTick,2b29cd14-58ab-0148-cea6-25246fa3cbcb,618987,492
3020086,2019-01-06T13:01:14.717Z,19010613,XBTUSD,Sell,50,3809,ZeroMinusTick,e2e56724-4dad-672d-3375-c8a389c1a4c6,619037,493
3020092,2019-01-06T13:01:14.717Z,19010613,XBTUSD,Sell,30,3809,ZeroMinusTick,5e82b9b0-96a5-4cf5-aee6-dcbfdad79bfb,619067,494
3020111,2019-01-06T13:01:15.778Z,19010613,XBTUSD,Sell,37,3809,ZeroMinusTick,3bbadec1-6467-7be5-66da-cfbc45405a62,619104,495
3020155,2019-01-06T13:01:17.959Z,19010613,XBTUSD,Sell,151,3808.5,ZeroMinusTick,2e7a641a-b8db-3a65-0e1b-ad33b9840fbb,619255,496
3020195,2019-01-06T13:01:19.505Z,19010613,XBTUSD,Sell,938,3808.5,ZeroMinusTick,69d72a75-0647-9f3e-0a11-4f61a222ba7c,620193,497
3020201,2019-01-06T13:01:21.070Z,19010613,XBTUSD,Sell,2062,3808.5,ZeroMinusTick,7d946655-bfa0-30f5-789e-dcc0a6818b64,622255,498
3020211,2019-01-06T13:01:21.070Z,19010613,XBTUSD,Sell,10,3808.5,ZeroMinusTick,f7872f3e-7414-9f31-9841-4bed1e15c09f,622265,499
3020245,2019-01-06T13:01:24.003Z,19010613,XBTUSD,Sell,10,3808.5,ZeroMinusTick,bc18e054-3156-6740-1b5c-208a1c4274cb,622275,500
3020256,2019-01-06T13:01:24.003Z,19010613,XBTUSD,Sell,500,3808.5,ZeroMinusTick,24c118c5-0d3e-6f6d-1c27-b5c1cbf1f880,622775,501
3020266,2019-01-06T13:01:24.551Z,19010613,XBTUSD,Sell,39,3808.5,ZeroMinusTick,1f2c120d-b151-ffe4-6ef9-f663cf1c13e1,622814,502
3020277,2019-01-06T13:01:24.551Z,19010613,XBTUSD,Sell,20,3808,ZeroMinusTick,d9d6832f-2ab0-9f62-22c4-04fe02c745a7,622834,503
3020286,2019-01-06T13:01:24.551Z,19010613,XBTUSD,Sell,55,3808,ZeroMinusTick,a566a564-7f46-a22b-e1dd-383eacef951d,622889,504
3020319,2019-01-06T13:01:27.154Z,19010613,XBTUSD,Sell,116,3808,ZeroMinusTick,3abcb894-24e4-8abb-f256-7edf499678f4,623005,505
3020330,2019-01-06T13:01:27.912Z,19010613,XBTUSD,Sell,17,3808,ZeroMinusTick,b01cbe99-992b-7432-b17d-4e4849b974a4,623022,506
3019856,2019-01-06T13:00:56.338Z,19010613,XBTUSD,Sell,70,3809.5,ZeroMinusTick,a28086e6-1089-9057-5458-1a6ce5b70f28,623092,507
3019858,2019-01-06T13:00:56.411Z,19010613,XBTUSD,Sell,20000,3809.5,ZeroMinusTick,98204e72-5bd4-1c02-6347-f7dd439b7ffb,643092,508
3019859,2019-01-06T13:00:56.825Z,19010613,XBTUSD,Sell,76,3809.5,ZeroMinusTick,a9431717-bf6f-e199-4538-4fba41923431,643168,509
3019861,2019-01-06T13:00:56.845Z,19010613,XBTUSD,Sell,75,3809.5,ZeroMinusTick,66996ab3-bd16-a282-32f3-a719deb130bf,643243,510
3019865,2019-01-06T13:00:57.086Z,19010613,XBTUSD,Sell,60,3809.5,ZeroMinusTick,eb46f0cb-e078-e417-7a19-8f7f537321cf,643303,511
3019913,2019-01-06T13:01:02.091Z,19010613,XBTUSD,Sell,116,3809.5,ZeroMinusTick,45954396-19b8-8fe1-cf86-6a4840edb7d2,643419,512
3019916,2019-01-06T13:01:03.052Z,19010613,XBTUSD,Sell,500,3809.5,ZeroMinusTick,3cff9ffe-3d43-66ee-2af7-77b797cb4ab6,643919,513
3019923,2019-01-06T13:01:03.223Z,19010613,XBTUSD,Sell,200,3809.5,ZeroMinusTick,2d4adbdc-687f-52f1-df54-3797aea2b07d,644119,514
3019932,2019-01-06T13:01:03.223Z,19010613,XBTUSD,Sell,10000,3809.5,ZeroMinusTick,6ab7186c-4e66-7c0c-c07e-d61b1938d1d1,654119,515
3019973,2019-01-06T13:01:05.776Z,19010613,XBTUSD,Sell,10,3809.5,ZeroMinusTick,64d3a110-79a7-1bb5-dfa5-7481affdbdbe,654129,516
3019986,2019-01-06T13:01:08.205Z,19010613,XBTUSD,Sell,120,3809.5,ZeroMinusTick,6f88d98e-f919-18f4-4959-6ceef2e3fd13,654249,517
3019989,2019-01-06T13:01:08.205Z,19010613,XBTUSD,Sell,470,3809.5,ZeroMinusTick,473ecfcd-8a1f-b2e6-3ba8-1a3319bdcd17,654719,518
3020009,2019-01-06T13:01:08.725Z,19010613,XBTUSD,Sell,500,3809,ZeroMinusTick,3f029f3d-940c-e1c1-de66-0b38d4dce199,655219,519
3020058,2019-01-06T13:01:11.822Z,19010613,XBTUSD,Sell,589,3809,ZeroMinusTick,69a0ed97-3e01-8d0e-6f83-899d076d66b5,655808,520
3020082,2019-01-06T13:01:14.717Z,19010613,XBTUSD,Sell,100,3809,ZeroMinusTick,990ea433-f184-1fbe-5275-d887233ad7a2,655908,521
3020093,2019-01-06T13:01:14.717Z,19010613,XBTUSD,Sell,10,3809,ZeroMinusTick,7b4fcdce-b9b3-03b0-a4d5-e3559ccc654d,655918,522
3020100,2019-01-06T13:01:15.743Z,19010613,XBTUSD,Sell,37,3809,ZeroMinusTick,b1ace1bf-3397-55ad-5e61-1a54e74a7180,655955,523
3020112,2019-01-06T13:01:15.778Z,19010613,XBTUSD,Sell,42,3809,ZeroMinusTick,8c2f6c61-6735-c7ec-3fe7-93445a8cdc55,655997,524
3020114,2019-01-06T13:01:15.793Z,19010613,XBTUSD,Sell,27,3808.5,ZeroMinusTick,57ab1fdd-b371-b930-ffa8-9d88eaa8e173,656024,525
3020158,2019-01-06T13:01:17.959Z,19010613,XBTUSD,Sell,50,3808.5,ZeroMinusTick,972ccb7c-6457-fdb7-7fb3-2a0db0e9046e,656074,526
3020202,2019-01-06T13:01:21.070Z,19010613,XBTUSD,Sell,10,3808.5,ZeroMinusTick,6613ced9-7c17-356e-1444-9a7eb3c455cb,656084,527
3020215,2019-01-06T13:01:21.070Z,19010613,XBTUSD,Sell,77,3808.5,ZeroMinusTick,b25ab84b-a534-4a11-79aa-11e2456ab952,656161,528
3020247,2019-01-06T13:01:24.003Z,19010613,XBTUSD,Sell,10,3808.5,ZeroMinusTick,51252816-84fc-1422-7f0b-b4460b970d53,656171,529
3020254,2019-01-06T13:01:24.003Z,19010613,XBTUSD,Sell,300,3808.5,ZeroMinusTick,d761aa11-197e-ce05-af58-754b52b343c6,656471,530
3019912,2019-01-06T13:01:02.072Z,19010613,XBTUSD,Sell,1,3809.5,ZeroMinusTick,e5198e1a-28e6-153e-9ce3-9855f6075dbe,656472,531
3019919,2019-01-06T13:01:03.223Z,19010613,XBTUSD,Sell,1704,3809.5,ZeroMinusTick,8db4ca91-c436-ddce-d7e6-e27a3afc63fb,658176,532
3019931,2019-01-06T13:01:03.223Z,19010613,XBTUSD,Sell,2000,3809.5,ZeroMinusTick,ba30b048-4628-c0ed-42c7-c0acaf5bdd60,660176,533
3019945,2019-01-06T13:01:04.636Z,19010613,XBTUSD,Sell,132,3809.5,ZeroMinusTick,ee97f2ca-56ad-a4eb-9ad8-bf58bbfb445b,660308,534
3019981,2019-01-06T13:01:07.486Z,19010613,XBTUSD,Sell,2000,3809.5,MinusTick,156bd562-c36b-ffd5-591c-576d694f6641,662308,535
3019982,2019-01-06T13:01:07.852Z,19010613,XBTUSD,Buy,35,3810,PlusTick,155ceea7-7caf-8cf1-0ad8-2631526fd810,662343,536
3019993,2019-01-06T13:01:08.205Z,19010613,XBTUSD,Sell,35,3809.5,ZeroMinusTick,3c5ea88b-dbe6-1eee-5120-15d9b87eef5f,662378,537
3020002,2019-01-06T13:01:08.725Z,19010613,XBTUSD,Sell,346,3809,ZeroMinusTick,2253cbfb-a565-38c8-65f8-012d7a595b76,662724,538
3020015,2019-01-06T13:01:09.026Z,19010613,XBTUSD,Sell,11000,3809,ZeroMinusTick,960f3cf6-bb13-b4fa-b850-ba9eeb8eb647,673724,539
3020045,2019-01-06T13:01:11.301Z,19010613,XBTUSD,Sell,500,3809,ZeroMinusTick,8705cd83-e5ba-8cdb-1407-c51695e1a6a2,674224,540
3020055,2019-01-06T13:01:11.822Z,19010613,XBTUSD,Sell,47,3809,ZeroMinusTick,809aa6da-e374-0b81-5fc3-da98ca27359a,674271,541
3020083,2019-01-06T13:01:14.717Z,19010613,XBTUSD,Sell,50,3809,ZeroMinusTick,29ddd006-c762-2c27-ee84-e4d481b99ca7,674321,542
3020107,2019-01-06T13:01:15.778Z,19010613,XBTUSD,Sell,10,3809,ZeroMinusTick,c10cf1eb-4407-a485-c1e0-5c954e041f4e,674331,543
3020150,2019-01-06T13:01:17.959Z,19010613,XBTUSD,Sell,128,3808.5,ZeroMinusTick,40f9f12f-32a4-8c5c-1540-77d0a9f103a5,674459,544
3020159,2019-01-06T13:01:18.080Z,19010613,XBTUSD,Sell,83,3808.5,ZeroMinusTick,0567681b-f9b3-bd31-1b70-fbc5de9b0180,674542,545
3020208,2019-01-06T13:01:21.070Z,19010613,XBTUSD,Sell,4,3808.5,ZeroMinusTick,9ff33674-bcde-726b-a945-5073fd376c88,674546,546
3020213,2019-01-06T13:01:21.070Z,19010613,XBTUSD,Sell,11,3808.5,ZeroMinusTick,bde43909-823c-2a28-73b3-6e1e8e96c671,674557,547
3020252,2019-01-06T13:01:24.003Z,19010613,XBTUSD,Sell,10,3808.5,ZeroMinusTick,df2cc6a2-ff34-e034-0356-b20b7ec1d609,674567,548
3020255,2019-01-06T13:01:24.003Z,19010613,XBTUSD,Sell,500,3808.5,ZeroMinusTick,fb8d0b2c-b031-5ab0-ffcd-c20d55270d28,675067,549
3020267,2019-01-06T13:01:24.551Z,19010613,XBTUSD,Sell,23,3808.5,ZeroMinusTick,32df2e39-8973-d5d2-1dce-9e69cb76bca8,675090,550
3020279,2019-01-06T13:01:24.551Z,19010613,XBTUSD,Sell,589,3808,ZeroMinusTick,6b4578c5-832d-ba05-011e-af68d0b20263,675679,551
3020291,2019-01-06T13:01:24.551Z,19010613,XBTUSD,Sell,10,3808,ZeroMinusTick,527a4f6e-46b3-8615-784b-3072bd96d4e1,675689,552
3020315,2019-01-06T13:01:27.154Z,19010613,XBTUSD,Sell,3211,3808,ZeroMinusTick,1dc3a1a8-cd1a-39eb-a7a3-80e98cd5304a,678900,553
3020334,2019-01-06T13:01:27.912Z,19010613,XBTUSD,Sell,10,3808,ZeroMinusTick,6a4dbd3a-e432-586f-8354-3a4cea489922,678910,554
3020344,2019-01-06T13:01:27.912Z,19010613,XBTUSD,Sell,33,3808,ZeroMinusTick,16e71cf1-9d5c-3926-881e-6445f0d394cb,678943,555
3020356,2019-01-06T13:01:28.498Z,19010613,XBTUSD,Sell,2,3808,ZeroMinusTick,fdb5d69e-b72f-0aa8-2c25-b3e5dbb23545,678945,556
3020358,2019-01-06T13:01:28.781Z,19010613,XBTUSD,Sell,2,3808,ZeroMinusTick,34284ef9-e3f4-6081-faa3-029d62ddcdce,678947,557
3020362,2019-01-06T13:01:31.185Z,19010613,XBTUSD,Sell,10,3808,ZeroMinusTick,cd1c77d4-dd1a-ea67-f9da-d4b6308b9277,678957,558
3020378,2019-01-06T13:01:31.989Z,19010613,XBTUSD,Sell,500,3808,ZeroMinusTick,86187f5f-458b-c8bb-4c6a-e6ba00264372,679457,559
3020385,2019-01-06T13:01:32.157Z,19010613,XBTUSD,Sell,27,3807.5,ZeroMinusTick,60b3ee8d-eb72-223c-b45c-021ad04fbeec,679484,560
3020392,2019-01-06T13:01:32.907Z,19010613,XBTUSD,Sell,10,3807.5,ZeroMinusTick,3d422c22-1781-122c-61b3-a946c4b72d24,679494,561
3020408,2019-01-06T13:01:33.021Z,19010613,XBTUSD,Sell,16,3807.5,ZeroMinusTick,edab1f8b-848c-dcda-7830-b6d2181c1b48,679510,562
3020418,2019-01-06T13:01:33.021Z,19010613,XBTUSD,Sell,10,3807.5,ZeroMinusTick,473f6050-5061-ba65-615a-a1860adf6b01,679520,563
3020429,2019-01-06T13:01:33.021Z,19010613,XBTUSD,Sell,11,3807,ZeroMinusTick,5f377b80-8687-ba30-150d-c4e4c9f9e02f,679531,564
3019947,2019-01-06T13:01:04.636Z,19010613,XBTUSD,Sell,500,3809.5,ZeroMinusTick,564c9e1d-f06d-fe37-f70f-e3e762a5b0eb,680031,565
3019977,2019-01-06T13:01:05.776Z,19010613,XBTUSD,Sell,864,3809.5,ZeroMinusTick,f2001044-3d78-8d26-5241-3a46a6f68983,680895,566
3019995,2019-01-06T13:01:08.205Z,19010613,XBTUSD,Sell,200,3809.5,ZeroMinusTick,59d615df-1077-1db0-dfcf-bc0963107521,681095,567
3020007,2019-01-06T13:01:08.725Z,19010613,XBTUSD,Sell,2,3809,ZeroMinusTick,49713b57-6787-8f29-4d99-dcac401badbd,681097,568
3020011,2019-01-06T13:01:08.725Z,19010613,XBTUSD,Sell,2,3809,ZeroMinusTick,6d7ee7ec-035a-5283-a915-458289136188,681099,569
3020033,2019-01-06T13:01:10.051Z,19010613,XBTUSD,Sell,500,3809,ZeroMinusTick,9d6a3454-1b83-b7d8-b877-8e0282dd7e66,681599,570
3020034,2019-01-06T13:01:10.112Z,19010613,XBTUSD,Sell,4200,3809,ZeroMinusTick,22fb87ac-b9eb-5e11-c984-e1608eb51556,685799,571
3020052,2019-01-06T13:01:11.511Z,19010613,XBTUSD,Sell,2,3809,MinusTick,b44b9c97-bb14-1069-3bb1-166d218a4a59,685801,572
3020084,2019-01-06T13:01:14.717Z,19010613,XBTUSD,Sell,39,3809,ZeroMinusTick,d26213f7-9380-5765-147b-0f0c9011529b,685840,573
3020094,2019-01-06T13:01:14.717Z,19010613,XBTUSD,Sell,300,3809,ZeroMinusTick,6dd3e0be-4218-8875-b2da-7420490ae1d1,686140,574
3020108,2019-01-06T13:01:15.778Z,19010613,XBTUSD,Sell,30,3809,ZeroMinusTick,1beaf8ce-9e8b-c98f-ac15-317e19f435a3,686170,575
3020151,2019-01-06T13:01:17.959Z,19010613,XBTUSD,Sell,1,3808.5,ZeroMinusTick,69ccd3d3-2fd9-a0ee-d4f0-1d57e6758191,686171,576
3020153,2019-01-06T13:01:17.959Z,19010613,XBTUSD,Sell,1,3808.5,ZeroMinusTick,5bc36ef3-302f-74f9-a814-e5197671a5fb,686172,577
3020194,2019-01-06T13:01:19.505Z,19010613,XBTUSD,Sell,50,3808.5,ZeroMinusTick,f5dd7c5c-5991-cbd9-c6fe-6eb8cbe9f9ff,686222,578
3020207,2019-01-06T13:01:21.070Z,19010613,XBTUSD,Sell,10,3808.5,ZeroMinusTick,f83b91b8-cdd1-8bbc-88ae-20ed1ff47bac,686232,579
3020212,2019-01-06T13:01:21.070Z,19010613,XBTUSD,Sell,11,3808.5,ZeroMinusTick,64df9b0b-0c2d-b14c-1b99-250bcf46708d,686243,580
3020219,2019-01-06T13:01:21.550Z,19010613,XBTUSD,Buy,1678,3809,PlusTick,4bcbd237-2b2f-954c-46b7-9a58d4765d22,687921,581
3020249,2019-01-06T13:01:24.003Z,19010613,XBTUSD,Sell,10,3808.5,ZeroMinusTick,060af499-26ef-9cd0-a022-d4a6afd3a122,687931,582
3020269,2019-01-06T13:01:24.551Z,19010613,XBTUSD,Sell,27,3808,ZeroMinusTick,10643530-d5ba-ea99-0bbc-2bdcc0f875d4,687958,583
3020272,2019-01-06T13:01:24.551Z,19010613,XBTUSD,Sell,128,3808,ZeroMinusTick,554775e3-dec9-b061-f7dc-7f91a1ce3254,688086,584
3020282,2019-01-06T13:01:24.551Z,19010613,XBTUSD,Sell,152,3808,ZeroMinusTick,53428c42-f5a2-0969-c7fc-3b4af19473dd,688238,585
3020292,2019-01-06T13:01:24.551Z,19010613,XBTUSD,Sell,100,3808,ZeroMinusTick,cadd5d20-86b4-8915-ca4a-73f7b5cc503a,688338,586
3020294,2019-01-06T13:01:24.551Z,19010613,XBTUSD,Sell,13789,3808,ZeroMinusTick,2cc613f2-412f-4483-bec0-729f5a3ccecf,702127,587
3020321,2019-01-06T13:01:27.154Z,19010613,XBTUSD,Sell,10,3808,ZeroMinusTick,89ad8e5a-d6dd-9c14-8906-1167bebd99e1,702137,588
3020332,2019-01-06T13:01:27.912Z,19010613,XBTUSD,Sell,47,3808,ZeroMinusTick,2490c4ca-3505-a7d0-2746-e0f69e9793b7,702184,589
3020340,2019-01-06T13:01:27.912Z,19010613,XBTUSD,Sell,1000,3808,ZeroMinusTick,de130eea-6c28-9a32-352f-32e5aa490d3e,703184,590
3020348,2019-01-06T13:01:27.912Z,19010613,XBTUSD,Sell,14,3808,ZeroMinusTick,7fd8ab82-5077-c24b-7664-487ca5c944a4,703198,591
3020369,2019-01-06T13:01:31.185Z,19010613,XBTUSD,Sell,16,3808,ZeroMinusTick,13f8688e-5ef8-bff1-8295-abe7d78881bd,703214,592
3020381,2019-01-06T13:01:31.989Z,19010613,XBTUSD,Sell,10,3808,ZeroMinusTick,8c0b5e40-4907-b3ba-fc3f-ba67c0e89b94,703224,593
3020388,2019-01-06T13:01:32.907Z,19010613,XBTUSD,Sell,36,3807.5,ZeroMinusTick,241abc5e-9122-1bf6-7e7a-8356dec48fb6,703260,594
3020398,2019-01-06T13:01:32.907Z,19010613,XBTUSD,Sell,134,3807.5,ZeroMinusTick,1ad868a5-d3b0-69ab-4a2f-5fbbb133a8aa,703394,595
3020400,2019-01-06T13:01:32.907Z,19010613,XBTUSD,Sell,20,3807.5,ZeroMinusTick,6d12a043-7ec8-f906-6f20-4712c1b30e73,703414,596
3020410,2019-01-06T13:01:33.021Z,19010613,XBTUSD,Sell,10,3807.5,ZeroMinusTick,d725cc3c-f29d-683c-0492-f468a1e4276e,703424,597
3020417,2019-01-06T13:01:33.021Z,19010613,XBTUSD,Sell,10,3807.5,ZeroMinusTick,c366ab12-0c71-1c45-f9b7-0423dcb2a0c3,703434,598
3020427,2019-01-06T13:01:33.021Z,19010613,XBTUSD,Sell,2,3807,ZeroMinusTick,6c8c3696-1b6f-fb3c-0141-af87d4b42d39,703436,599
3019949,2019-01-06T13:01:04.636Z,19010613,XBTUSD,Sell,30,3809.5,ZeroMinusTick,6d891f8e-d2db-1bd1-5e43-3e44c0fd6353,703466,600
3019968,2019-01-06T13:01:05.633Z,19010613,XBTUSD,Buy,1000,3810,ZeroPlusTick,59f767a7-7ee6-f9d3-4fbf-8f5ffea13a19,704466,601
3019969,2019-01-06T13:01:05.717Z,19010613,XBTUSD,Sell,32,3809.5,MinusTick,778f95c9-5179-069b-b736-2c6782447f68,704498,602
3019970,2019-01-06T13:01:05.776Z,19010613,XBTUSD,Sell,18980,3809.5,ZeroMinusTick,e390f721-818b-8b48-1b06-2c04c170f89e,723478,603
3019994,2019-01-06T13:01:08.205Z,19010613,XBTUSD,Sell,40,3809.5,ZeroMinusTick,60f27c43-cd20-faa3-a290-9b07a28713ab,723518,604
3020003,2019-01-06T13:01:08.725Z,19010613,XBTUSD,Sell,128,3809,ZeroMinusTick,5996b6d4-636a-69e1-3b7a-0efca871e5c0,723646,605
3020050,2019-01-06T13:01:11.461Z,19010613,XBTUSD,Buy,760,3809.5,ZeroPlusTick,4415cf6c-5d5a-ba45-e7b0-ab76018b7803,724406,606
3020059,2019-01-06T13:01:11.822Z,19010613,XBTUSD,Sell,11,3809,ZeroMinusTick,4920b31f-c22a-bf16-7e71-39d61ef735fa,724417,607
3020081,2019-01-06T13:01:14.717Z,19010613,XBTUSD,Sell,10,3809,ZeroMinusTick,89c5fc06-4445-d2fd-8173-123f5671908d,724427,608
3020096,2019-01-06T13:01:14.717Z,19010613,XBTUSD,Sell,463,3809,ZeroMinusTick,cb5d8eb1-3cd7-31c1-82c4-4131bd2fa430,724890,609
3020106,2019-01-06T13:01:15.778Z,19010613,XBTUSD,Sell,200,3809,ZeroMinusTick,c7201c6a-f3ae-4667-f026-91f70dfbba54,725090,610
3020152,2019-01-06T13:01:17.959Z,19010613,XBTUSD,Sell,3000,3808.5,ZeroMinusTick,05fe0d6f-f1df-692e-1427-b657c2ebd473,728090,611
3020162,2019-01-06T13:01:18.080Z,19010613,XBTUSD,Sell,706,3808.5,ZeroMinusTick,7471bbf4-4857-b898-a915-85adc912b351,728796,612
3020206,2019-01-06T13:01:21.070Z,19010613,XBTUSD,Sell,20,3808.5,ZeroMinusTick,5d6ed47a-44f0-ebc4-8fcb-ac39adf8a1d6,728816,613
3020246,2019-01-06T13:01:24.003Z,19010613,XBTUSD,Sell,15,3808.5,ZeroMinusTick,0c6a7e00-e87d-7386-a0e5-72d594a499f7,728831,614
3020259,2019-01-06T13:01:24.003Z,19010613,XBTUSD,Sell,261,3808.5,ZeroMinusTick,9339a537-e260-59e0-7022-e4339c7d1207,729092,615
3020268,2019-01-06T13:01:24.551Z,19010613,XBTUSD,Sell,11,3808,MinusTick,0cdab030-608c-5f57-e359-6e617e4f6707,729103,616
3020280,2019-01-06T13:01:24.551Z,19010613,XBTUSD,Sell,10,3808,ZeroMinusTick,3dc9dff6-2cc2-50e9-05ed-123de4a4ffaf,729113,617
3020283,2019-01-06T13:01:24.551Z,19010613,XBTUSD,Sell,20,3808,ZeroMinusTick,bdb60aae-f8f1-057f-b09f-3a4b754971c2,729133,618
3020293,2019-01-06T13:01:24.551Z,19010613,XBTUSD,Sell,1000,3808,ZeroMinusTick,1a8b6676-59cc-bb10-0458-7d4f60d1b5f3,730133,619
3020335,2019-01-06T13:01:27.912Z,19010613,XBTUSD,Sell,10,3808,ZeroMinusTick,56dcc16b-e672-add5-6408-bd30cf160ec6,730143,620
3020339,2019-01-06T13:01:27.912Z,19010613,XBTUSD,Sell,170,3808,ZeroMinusTick,84fd8bf6-7d92-136a-b13a-debc8ce5e492,730313,621
3020349,2019-01-06T13:01:27.912Z,19010613,XBTUSD,Sell,500,3808,ZeroMinusTick,273dffe5-92fd-4022-6b3a-fe8d15c98030,730813,622
3020360,2019-01-06T13:01:31.025Z,19010613,XBTUSD,Sell,40,3808,ZeroMinusTick,4cb11b6a-6c3e-2e35-723a-b9ebc580e0dc,730853,623
3020364,2019-01-06T13:01:31.185Z,19010613,XBTUSD,Sell,10,3808,ZeroMinusTick,26d2e85e-7b31-fbb0-2852-7cfc17aab1b2,730863,624
3020372,2019-01-06T13:01:31.185Z,19010613,XBTUSD,Sell,283,3808,ZeroMinusTick,a8669a05-ca12-6414-5237-2da0c9baf50d,731146,625
3020374,2019-01-06T13:01:31.989Z,19010613,XBTUSD,Sell,187,3808,ZeroMinusTick,da308f21-fce2-0dbc-2ae4-438477078f59,731333,626
3020387,2019-01-06T13:01:32.157Z,19010613,XBTUSD,Sell,434,3807.5,ZeroMinusTick,ee36e6ef-a383-f8d5-06c4-0bca070a3687,731767,627
3020394,2019-01-06T13:01:32.907Z,19010613,XBTUSD,Sell,60,3807.5,ZeroMinusTick,2b3d15ce-a00e-b759-cd62-4f3014f20373,731827,628
3020401,2019-01-06T13:01:32.907Z,19010613,XBTUSD,Sell,10,3807.5,ZeroMinusTick,38fb0d1b-de02-3ca9-60de-de38c9be8592,731837,629
3020414,2019-01-06T13:01:33.021Z,19010613,XBTUSD,Sell,10,3807.5,ZeroMinusTick,d480abe6-fe7c-1f0b-c2a6-d681f44a0ca7,731847,630
3020425,2019-01-06T13:01:33.021Z,19010613,XBTUSD,Sell,20,3807.5,ZeroMinusTick,ff336d15-ddfd-6437-57d1-1a04e97ae96d,731867,631
3020056,2019-01-06T13:01:11.822Z,19010613,XBTUSD,Sell,47,3809,ZeroMinusTick,c9e0f665-bd3f-e388-cdd6-9f0e913f6fbc,731914,632
3020069,2019-01-06T13:01:12.449Z,19010613,XBTUSD,Sell,200,3809,ZeroMinusTick,36b25a43-7688-1ba3-d219-113c1ba3fb8e,732114,633
3020070,2019-01-06T13:01:12.627Z,19010613,XBTUSD,Sell,5,3809,ZeroMinusTick,8666bb5f-02ea-5ea8-c8c8-8e24c5ae383d,732119,634
3020071,2019-01-06T13:01:12.654Z,19010613,XBTUSD,Sell,427,3809,ZeroMinusTick,020528f5-dc37-2464-209e-0fdd5739a453,732546,635
3020076,2019-01-06T13:01:14.137Z,19010613,XBTUSD,Sell,500,3809,ZeroMinusTick,ba97b81c-f476-7f9b-ec0d-4a476c021135,733046,636
3020078,2019-01-06T13:01:14.717Z,19010613,XBTUSD,Sell,1356,3809,ZeroMinusTick,390bb154-475a-0655-45a3-3c6f5bfc928f,734402,637
3020088,2019-01-06T13:01:14.717Z,19010613,XBTUSD,Sell,166,3809,ZeroMinusTick,7ff4e6a1-5d34-2634-370e-ea1e9289656b,734568,638
3020095,2019-01-06T13:01:14.717Z,19010613,XBTUSD,Sell,300,3809,ZeroMinusTick,e16897b7-234f-53b3-be69-9ba41c15bb18,734868,639
3020109,2019-01-06T13:01:15.778Z,19010613,XBTUSD,Sell,25,3809,ZeroMinusTick,c323ec07-fbc1-dd5b-424a-1d02e775b761,734893,640
3020144,2019-01-06T13:01:17.515Z,19010613,XBTUSD,Sell,76,3808.5,ZeroMinusTick,971de7ce-009b-8f0e-2078-5edd9274c4b3,734969,641
3020156,2019-01-06T13:01:17.959Z,19010613,XBTUSD,Sell,110,3808.5,ZeroMinusTick,3e174d46-d45b-1a8f-a2b0-5279d8975b33,735079,642
3020192,2019-01-06T13:01:19.505Z,19010613,XBTUSD,Sell,8,3808.5,ZeroMinusTick,52cdb012-76b6-8025-4481-0b6c5d2faa95,735087,643
3020209,2019-01-06T13:01:21.070Z,19010613,XBTUSD,Sell,120,3808.5,ZeroMinusTick,32c058f5-00cb-0c6e-c9a4-526d91acb634,735207,644
3020217,2019-01-06T13:01:21.070Z,19010613,XBTUSD,Sell,4616,3808.5,ZeroMinusTick,71cf188e-facf-b0f6-1993-577eef06d74c,739823,645
3020238,2019-01-06T13:01:22.477Z,19010613,XBTUSD,Sell,500,3808.5,ZeroMinusTick,40c3acbc-2a95-3d48-c04e-735bf844eb5a,740323,646
3020239,2019-01-06T13:01:22.840Z,19010613,XBTUSD,Sell,1,3808.5,ZeroMinusTick,282fdd71-48e2-df62-7373-b23d16c4c8a5,740324,647
3020240,2019-01-06T13:01:23.000Z,19010613,XBTUSD,Sell,13,3808.5,ZeroMinusTick,6fb01682-9db5-58d6-85df-79b371698a25,740337,648
3020250,2019-01-06T13:01:24.003Z,19010613,XBTUSD,Sell,37,3808.5,ZeroMinusTick,320a2522-c415-b6e4-0d68-e8410a182c09,740374,649
3020265,2019-01-06T13:01:24.551Z,19010613,XBTUSD,Sell,120,3808.5,ZeroMinusTick,75876237-125a-7ffd-d436-5488fd3273b9,740494,650
3020278,2019-01-06T13:01:24.551Z,19010613,XBTUSD,Sell,30,3808,ZeroMinusTick,7ef297fa-0872-4a16-1a15-b65172d339f0,740524,651
3020290,2019-01-06T13:01:24.551Z,19010613,XBTUSD,Sell,100,3808,ZeroMinusTick,0ae25797-9183-cc15-6501-0b06b331cfb6,740624,652
3020322,2019-01-06T13:01:27.154Z,19010613,XBTUSD,Sell,10,3808,ZeroMinusTick,2b41e4d1-8d53-c6d5-f6bb-9c84d217939c,740634,653
3020331,2019-01-06T13:01:27.912Z,19010613,XBTUSD,Sell,11,3808,ZeroMinusTick,55ff5ddc-733b-e90e-114c-e0a9a47b49b5,740645,654
3020342,2019-01-06T13:01:27.912Z,19010613,XBTUSD,Sell,15,3808,ZeroMinusTick,1495272d-bc42-fade-b26b-022ef4659a7c,740660,655
3020354,2019-01-06T13:01:28.498Z,19010613,XBTUSD,Sell,300,3808,ZeroMinusTick,41f1e916-0a39-21f8-63d1-75629a90f5bd,740960,656
3020368,2019-01-06T13:01:31.185Z,19010613,XBTUSD,Sell,10,3808,ZeroMinusTick,a272c543-202b-7cef-7c59-162098ea1e10,740970,657
3020380,2019-01-06T13:01:31.989Z,19010613,XBTUSD,Sell,37,3808,ZeroMinusTick,2d1e8235-e1d8-e149-9954-78fb6181e4cd,741007,658
3020390,2019-01-06T13:01:32.907Z,19010613,XBTUSD,Sell,256,3807.5,ZeroMinusTick,5890c490-243d-dcd4-e51a-e55f5b16009d,741263,659
3020403,2019-01-06T13:01:33.021Z,19010613,XBTUSD,Sell,203,3807.5,ZeroMinusTick,2777bb92-6fea-26c5-69bd-5b8f3327896b,741466,660
3020415,2019-01-06T13:01:33.021Z,19010613,XBTUSD,Sell,16,3807.5,ZeroMinusTick,0d52298d-a646-0c54-698e-8d88374a3e81,741482,661
3020421,2019-01-06T13:01:33.021Z,19010613,XBTUSD,Sell,61,3807.5,ZeroMinusTick,186bb935-c22f-3940-0a16-af853eac0169,741543,662
3020431,2019-01-06T13:01:33.021Z,19010613,XBTUSD,Sell,470,3807,ZeroMinusTick,d1956b2e-5b14-6d9e-9667-e4647768e2fa,742013,663
3020542,2019-01-06T13:01:42.751Z,19010613,XBTUSD,Sell,3511,3807,ZeroMinusTick,8ac77e04-4922-41f6-9ee3-3193ca5e027a,745524,664
3020549,2019-01-06T13:01:43.312Z,19010613,XBTUSD,Sell,1536,3807,ZeroMinusTick,c5fe18db-5d82-26c8-0971-2df39eec5c7e,747060,665
3020558,2019-01-06T13:01:43.996Z,19010613,XBTUSD,Sell,3000,3807,ZeroMinusTick,a29f48ac-b25b-ab8f-787f-527eafbead40,750060,666
3020573,2019-01-06T13:01:43.996Z,19010613,XBTUSD,Sell,171,3807,ZeroMinusTick,8820bb06-8468-6f34-2fca-53f564259e6c,750231,667
3020251,2019-01-06T13:01:24.003Z,19010613,XBTUSD,Sell,1000,3808.5,ZeroMinusTick,b45b3aa8-dae6-f6a4-4fd9-cb6717c2511f,751231,668
3020264,2019-01-06T13:01:24.551Z,19010613,XBTUSD,Sell,10,3808.5,ZeroMinusTick,b88719fb-ecfc-1d1b-06b7-8afc571be543,751241,669
3020274,2019-01-06T13:01:24.551Z,19010613,XBTUSD,Sell,1,3808,ZeroMinusTick,7c6d28f1-1730-7dc5-426f-4ed8d5dd6507,751242,670
3020285,2019-01-06T13:01:24.551Z,19010613,XBTUSD,Sell,2000,3808,ZeroMinusTick,cca17baa-5175-228b-c0fb-1d91384c6123,753242,671
3020323,2019-01-06T13:01:27.154Z,19010613,XBTUSD,Sell,4536,3808,ZeroMinusTick,40111933-8bea-945d-2c52-87be2bf6284a,757778,672
3020328,2019-01-06T13:01:27.912Z,19010613,XBTUSD,Sell,2,3808,ZeroMinusTick,fbe85550-1a9d-5aeb-1d74-3a5536628d19,757780,673
3020338,2019-01-06T13:01:27.912Z,19010613,XBTUSD,Sell,62,3808,ZeroMinusTick,ca21f0dd-60df-4f6e-4717-992b8aedfb2f,757842,674
3020350,2019-01-06T13:01:27.912Z,19010613,XBTUSD,Sell,10,3808,ZeroMinusTick,9ba49934-aa09-1dbe-56ae-906787014ee5,757852,675
3020353,2019-01-06T13:01:28.498Z,19010613,XBTUSD,Sell,98,3808,ZeroMinusTick,70a02e1a-50eb-08a4-1095-0cd6a13573e7,757950,676
3020365,2019-01-06T13:01:31.185Z,19010613,XBTUSD,Sell,10,3808,ZeroMinusTick,c0870669-b71a-43d8-7988-b99e26c3dfa3,757960,677
3020379,2019-01-06T13:01:31.989Z,19010613,XBTUSD,Sell,300,3808,ZeroMinusTick,32fde9f6-0fd6-0596-3a44-55e3eb687d62,758260,678
3020389,2019-01-06T13:01:32.907Z,19010613,XBTUSD,Sell,512,3807.5,ZeroMinusTick,045b7481-52bf-8fbf-9f4e-ad4a3c40045d,758772,679
3020399,2019-01-06T13:01:32.907Z,19010613,XBTUSD,Sell,11,3807.5,ZeroMinusTick,4d9a9ae8-4254-6e67-018b-54cf74cdcc83,758783,680
3020409,2019-01-06T13:01:33.021Z,19010613,XBTUSD,Sell,1,3807.5,ZeroMinusTick,d064f039-b768-1dec-e0de-9348c2027cf9,758784,681
3020420,2019-01-06T13:01:33.021Z,19010613,XBTUSD,Sell,10,3807.5,ZeroMinusTick,02baefae-ddf2-5496-2686-224b9492bf45,758794,682
3020428,2019-01-06T13:01:33.021Z,19010613,XBTUSD,Sell,100,3807,ZeroMinusTick,1a8cff0f-ca15-d81f-9b31-9e986ce8c48a,758894,683
3020507,2019-01-06T13:01:38.810Z,19010613,XBTUSD,Buy,171,3807.5,PlusTick,66997ab6-60eb-daa2-21f8-59d2f5d05eb2,759065,684
3020513,2019-01-06T13:01:39.611Z,19010613,XBTUSD,Sell,197,3807,ZeroMinusTick,ee028ec0-0631-0d3b-aef6-f4f4d6b763d9,759262,685
3020543,2019-01-06T13:01:42.751Z,19010613,XBTUSD,Sell,50,3807,ZeroMinusTick,a419da7d-49f5-3d83-daa3-036b7e1343de,759312,686
3020559,2019-01-06T13:01:43.996Z,19010613,XBTUSD,Sell,133,3807,ZeroMinusTick,b293371e-ff07-0b79-4162-8ee6827c85b4,759445,687
3020566,2019-01-06T13:01:43.996Z,19010613,XBTUSD,Sell,1000,3807,ZeroMinusTick,b7ba57ba-47a0-04d7-78b3-c1d985117359,760445,688
3020576,2019-01-06T13:01:43.996Z,19010613,XBTUSD,Sell,6212,3807,ZeroMinusTick,f7a601b4-b6c4-29cf-bb6a-5b6d77b22f7f,766657,689
3020603,2019-01-06T13:01:46.252Z,19010613,XBTUSD,Sell,10,3807,ZeroMinusTick,5762730a-36bd-8045-e2ff-658797f6a17f,766667,690
3020643,2019-01-06T13:01:52.533Z,19010613,XBTUSD,Sell,2000,3807,ZeroMinusTick,07344cd5-fd67-139e-5abb-1dfeaf4410e3,768667,691
3020662,2019-01-06T13:01:53.298Z,19010613,XBTUSD,Sell,200,3807,ZeroMinusTick,404fcbd3-4861-da91-442c-e3e9f88761f0,768867,692
3020725,2019-01-06T13:02:01.040Z,19010613,XBTUSD,Buy,5012,3807.5,ZeroPlusTick,bff91393-7282-d82e-3834-8f0954c51476,773879,693
3020755,2019-01-06T13:02:02.230Z,19010613,XBTUSD,Buy,10000,3807.5,ZeroPlusTick,7914bf10-2d88-ac5f-afe1-fe06168626f4,783879,694
3020762,2019-01-06T13:02:02.230Z,19010613,XBTUSD,Buy,150,3807.5,ZeroPlusTick,c5be647c-0f7d-93af-1563-76f9e9d67014,784029,695
3020244,2019-01-06T13:01:24.003Z,19010613,XBTUSD,Sell,17,3808.5,ZeroMinusTick,80aa2598-7662-428b-b437-e5934bbb7bc7,784046,696
3020258,2019-01-06T13:01:24.003Z,19010613,XBTUSD,Sell,10,3808.5,ZeroMinusTick,8bf9427a-4533-0ad0-1a28-113935b2546d,784056,697
3020263,2019-01-06T13:01:24.551Z,19010613,XBTUSD,Sell,122,3808.5,ZeroMinusTick,3f18a4b2-78cf-128d-28ac-27617bf59318,784178,698
3020273,2019-01-06T13:01:24.551Z,19010613,XBTUSD,Sell,100,3808,ZeroMinusTick,00d595fa-c0c8-9bc6-8076-ed32233f3ea3,784278,699
3020284,2019-01-06T13:01:24.551Z,19010613,XBTUSD,Sell,134,3808,ZeroMinusTick,6c1ec87a-ed1d-b749-6b30-5271a86b37c4,784412,700
3020316,2019-01-06T13:01:27.154Z,19010613,XBTUSD,Sell,10,3808,ZeroMinusTick,b23068f1-471e-81ad-90ed-164250a5e6dc,784422,701
3020333,2019-01-06T13:01:27.912Z,19010613,XBTUSD,Sell,47,3808,ZeroMinusTick,a4a88e86-e4b4-cc77-910d-932eff14df0d,784469,702
3020345,2019-01-06T13:01:27.912Z,19010613,XBTUSD,Sell,21,3808,ZeroMinusTick,62e3d8e6-d514-6ea1-04ff-5698f8ce5636,784490,703
3020367,2019-01-06T13:01:31.185Z,19010613,XBTUSD,Sell,10,3808,ZeroMinusTick,02ca1aab-0daf-560e-8b79-cba1842d5994,784500,704
3020382,2019-01-06T13:01:31.989Z,19010613,XBTUSD,Sell,28,3808,ZeroMinusTick,924d165e-8d69-da4a-5e9f-7d885d9e7e75,784528,705
3020396,2019-01-06T13:01:32.907Z,19010613,XBTUSD,Sell,12,3807.5,ZeroMinusTick,d41f057c-3e24-4925-1e50-e7a05447c703,784540,706
3020406,2019-01-06T13:01:33.021Z,19010613,XBTUSD,Sell,1,3807.5,ZeroMinusTick,4ac5ff22-020a-a013-d0e2-5e20bfc3a031,784541,707
3020411,2019-01-06T13:01:33.021Z,19010613,XBTUSD,Sell,3,3807.5,ZeroMinusTick,6aa03359-eb5b-0e84-7f27-0f3cef2aa55c,784544,708
3020424,2019-01-06T13:01:33.021Z,19010613,XBTUSD,Sell,10,3807.5,ZeroMinusTick,ec8fac63-a09c-0b30-87d9-bd1c340f9f34,784554,709
3020432,2019-01-06T13:01:33.021Z,19010613,XBTUSD,Sell,9,3807,ZeroMinusTick,a34b9b3f-a151-19d4-169d-22324b319727,784563,710
3020442,2019-01-06T13:01:34.156Z,19010613,XBTUSD,Sell,59,3807,ZeroMinusTick,67235373-f378-c845-a947-166008bc63f0,784622,711
3020474,2019-01-06T13:01:36.315Z,19010613,XBTUSD,Sell,2000,3807,ZeroMinusTick,170457e1-dfce-50c9-cfa0-ed108113c5b2,786622,712
3020536,2019-01-06T13:01:42.723Z,19010613,XBTUSD,Sell,50,3807,ZeroMinusTick,f6f28e6c-f863-59cc-3b50-bd1de54fcbf5,786672,713
3020545,2019-01-06T13:01:42.751Z,19010613,XBTUSD,Sell,316,3807,ZeroMinusTick,afce9bd2-01aa-c704-149f-6d5cf15c673b,786988,714
3020550,2019-01-06T13:01:43.312Z,19010613,XBTUSD,Sell,11,3807,ZeroMinusTick,6b44e91c-6de4-d932-da42-50fbddbe7e30,786999,715
3020560,2019-01-06T13:01:43.996Z,19010613,XBTUSD,Sell,37,3807,ZeroMinusTick,9c8f9b5c-f2aa-6891-11bf-e557438af32e,787036,716
3020571,2019-01-06T13:01:43.996Z,19010613,XBTUSD,Sell,166,3807,ZeroMinusTick,e5d8f931-f8a4-021c-1299-03b9efee07a2,787202,717
3020595,2019-01-06T13:01:45.655Z,19010613,XBTUSD,Sell,5000,3807,ZeroMinusTick,edeb5e1c-b2be-d7f7-6c84-2fa7201e158e,792202,718
3020604,2019-01-06T13:01:46.252Z,19010613,XBTUSD,Sell,547,3807,ZeroMinusTick,779f6935-eaa2-1040-ec10-b1647ffebc00,792749,719
3020716,2019-01-06T13:01:59.814Z,19010613,XBTUSD,Sell,1720,3807,MinusTick,cf136f8f-eafb-d778-90ba-18d130f20287,794469,720
3020728,2019-01-06T13:02:01.150Z,19010613,XBTUSD,Sell,2789,3807,ZeroMinusTick,f0df7671-83a5-8070-71c8-8164c5b65f08,797258,721
3020731,2019-01-06T13:02:01.558Z,19010613,XBTUSD,Buy,1,3807.5,PlusTick,020df736-76c9-faf5-723c-8ba2f546c465,797259,722
3020751,2019-01-06T13:02:02.230Z,19010613,XBTUSD,Buy,4976,3807.5,ZeroPlusTick,325086f3-44f2-6d54-4663-147a6a6cd481,802235,723
3020759,2019-01-06T13:02:02.230Z,19010613,XBTUSD,Buy,15,3807.5,ZeroPlusTick,e571623c-a274-de3f-e8dd-1e3488e85564,802250,724
3020770,2019-01-06T13:02:02.230Z,19010613,XBTUSD,Buy,90,3807.5,ZeroPlusTick,9585c5c4-9b8a-a2e9-20d7-716211202474,802340,725
3020778,2019-01-06T13:02:02.230Z,19010613,XBTUSD,Buy,90,3807.5,ZeroPlusTick,ca947a2d-e2ef-50ac-7deb-77c6f20602b8,802430,726
3020794,2019-01-06T13:02:02.230Z,19010613,XBTUSD,Buy,2000,3807.5,ZeroPlusTick,334e4595-5287-b00b-1acb-641f4ab99c26,804430,727
3020806,2019-01-06T13:02:02.230Z,19010613,XBTUSD,Buy,619,3807.5,ZeroPlusTick,7d230d44-2183-a1ad-0f0a-6cedb4623d83,805049,728
3020810,2019-01-06T13:02:02.230Z,19010613,XBTUSD,Buy,2007,3807.5,ZeroPlusTick,59a98cd9-0881-c62a-03b1-ee656046bfc6,807056,729
3020261,2019-01-06T13:01:24.551Z,19010613,XBTUSD,Sell,39,3808.5,ZeroMinusTick,26561943-365e-d407-894c-ce9bb07ae8cb,807095,730
3020271,2019-01-06T13:01:24.551Z,19010613,XBTUSD,Sell,139,3808,ZeroMinusTick,66544c07-f375-1b49-1e65-3130c5ed567d,807234,731
3020281,2019-01-06T13:01:24.551Z,19010613,XBTUSD,Sell,121,3808,ZeroMinusTick,59200ac2-1a9f-6199-02dd-3ee652c8f3a5,807355,732
3020288,2019-01-06T13:01:24.551Z,19010613,XBTUSD,Sell,47,3808,ZeroMinusTick,507672b5-98e3-041c-fecf-ff23e2b16543,807402,733
3020306,2019-01-06T13:01:25.961Z,19010613,XBTUSD,Buy,50,3808.5,PlusTick,5b6c98d1-58f4-d284-4289-5d10bc331251,807452,734
3020307,2019-01-06T13:01:26.088Z,19010613,XBTUSD,Sell,5000,3808,MinusTick,d6b30d67-7fdf-47c3-14c3-4042a2ab689a,812452,735
3020318,2019-01-06T13:01:27.154Z,19010613,XBTUSD,Sell,10,3808,ZeroMinusTick,d17f1c81-8e2c-b631-7be3-7b0cacc47e6a,812462,736
3020329,2019-01-06T13:01:27.912Z,19010613,XBTUSD,Sell,3,3808,ZeroMinusTick,c494e9fa-3930-fa07-acd0-1473fe4ab477,812465,737
3020346,2019-01-06T13:01:27.912Z,19010613,XBTUSD,Sell,5000,3808,ZeroMinusTick,8ac335ff-f80f-639b-3503-91fbf3822016,817465,738
3020351,2019-01-06T13:01:27.912Z,19010613,XBTUSD,Sell,23,3808,ZeroMinusTick,12946927-0b32-6bbb-1bce-1e252ed80783,817488,739
3020363,2019-01-06T13:01:31.185Z,19010613,XBTUSD,Sell,14,3808,ZeroMinusTick,24db0492-7a79-1767-508e-cd8a5d7a3c78,817502,740
3020383,2019-01-06T13:01:31.989Z,19010613,XBTUSD,Sell,33,3808,ZeroMinusTick,d516ac5d-0f8c-d36d-f5e4-62f007b125f6,817535,741
3020395,2019-01-06T13:01:32.907Z,19010613,XBTUSD,Sell,11,3807.5,ZeroMinusTick,62397bf7-1dfd-53f2-d216-a59f25d35fd3,817546,742
3020402,2019-01-06T13:01:32.907Z,19010613,XBTUSD,Sell,797,3807.5,ZeroMinusTick,e3d1a108-56dd-b06c-85e8-0e995a440de4,818343,743
3020413,2019-01-06T13:01:33.021Z,19010613,XBTUSD,Sell,14,3807.5,ZeroMinusTick,ac7f65a6-740d-f580-510f-5a1202f3a96f,818357,744
3020423,2019-01-06T13:01:33.021Z,19010613,XBTUSD,Sell,200,3807.5,ZeroMinusTick,a7bb7806-048d-9c7a-ca5c-a20ddb619cfc,818557,745
3020501,2019-01-06T13:01:37.588Z,19010613,XBTUSD,Sell,2579,3807,ZeroMinusTick,b537ae29-b7fc-1163-7c12-7c4929f4be1b,821136,746
3020533,2019-01-06T13:01:42.723Z,19010613,XBTUSD,Sell,333,3807,ZeroMinusTick,0b6c5b13-c004-ba38-ad19-35ef5e55bc0c,821469,747
3020541,2019-01-06T13:01:42.723Z,19010613,XBTUSD,Sell,1489,3807,ZeroMinusTick,8517ac1c-7cc6-9783-35f5-1bf913554da6,822958,748
3020556,2019-01-06T13:01:43.996Z,19010613,XBTUSD,Sell,151,3807,ZeroMinusTick,750784df-4b81-2330-7ceb-71ec42a280a5,823109,749
3020572,2019-01-06T13:01:43.996Z,19010613,XBTUSD,Sell,14,3807,ZeroMinusTick,ba2e3ccd-c0b7-0249-d5f8-988507338774,823123,750
3020613,2019-01-06T13:01:47.795Z,19010613,XBTUSD,Buy,10,3807.5,PlusTick,87353bcc-1ad9-f6f8-d302-1af091cf1aa7,823133,751
3020760,2019-01-06T13:02:02.230Z,19010613,XBTUSD,Buy,90,3807.5,ZeroPlusTick,72174314-7ebf-1438-d051-a24b98a51445,823223,752
3020769,2019-01-06T13:02:02.230Z,19010613,XBTUSD,Buy,150,3807.5,ZeroPlusTick,a479f932-f9ee-0c0c-38e5-adcd2233c0b2,823373,753
3020779,2019-01-06T13:02:02.230Z,19010613,XBTUSD,Buy,150,3807.5,ZeroPlusTick,4e98c608-48ee-0361-5450-2e7fb2539740,823523,754
3020793,2019-01-06T13:02:02.230Z,19010613,XBTUSD,Buy,4000,3807.5,ZeroPlusTick,7ecca92d-dd98-ad43-3a6b-b72b1c883c04,827523,755
3020802,2019-01-06T13:02:02.230Z,19010613,XBTUSD,Buy,619,3807.5,ZeroPlusTick,6b0d6bc5-e095-07a8-af19-3c4ada096591,828142,756
3020811,2019-01-06T13:02:02.230Z,19010613,XBTUSD,Buy,2007,3807.5,ZeroPlusTick,9e6ed62d-b4d8-e39c-a10e-f622d5d3660f,830149,757
3020824,2019-01-06T13:02:02.230Z,19010613,XBTUSD,Buy,502,3807.5,ZeroPlusTick,43ce6a25-8ed0-c66a-0639-514028af742d,830651,758
3020837,2019-01-06T13:02:02.506Z,19010613,XBTUSD,Buy,15500,3807.5,ZeroPlusTick,9046bb01-32a6-18fc-01af-d1e6f523edc9,846151,759
3020317,2019-01-06T13:01:27.154Z,19010613,XBTUSD,Sell,11,3808,ZeroMinusTick,3fca9d1f-179b-01c4-bcf8-3e06584dffdd,846162,760
3020336,2019-01-06T13:01:27.912Z,19010613,XBTUSD,Sell,10,3808,ZeroMinusTick,febc3c37-a389-55d7-d8c8-05414df985f4,846172,761
3020341,2019-01-06T13:01:27.912Z,19010613,XBTUSD,Sell,1000,3808,ZeroMinusTick,178e9f44-6bc5-38b8-761a-ad3519bfe0bb,847172,762
3020352,2019-01-06T13:01:27.912Z,19010613,XBTUSD,Sell,402,3808,ZeroMinusTick,fb5acfc2-d04b-d0a0-fda9-3463e2610b4b,847574,763
3020355,2019-01-06T13:01:28.498Z,19010613,XBTUSD,Sell,100,3808,ZeroMinusTick,a28507f1-5736-0637-e4e9-6d792c7ebf3c,847674,764
3020357,2019-01-06T13:01:28.781Z,19010613,XBTUSD,Sell,8,3808,ZeroMinusTick,cc7710f5-cb6a-6ce9-5702-890785a2deaa,847682,765
3020370,2019-01-06T13:01:31.185Z,19010613,XBTUSD,Sell,300,3808,ZeroMinusTick,40b698cc-9599-3ed5-9eee-d7c98eef7931,847982,766
3020377,2019-01-06T13:01:31.989Z,19010613,XBTUSD,Sell,4,3808,ZeroMinusTick,bb3565d3-61f8-7abf-1133-49a088dff439,847986,767
3020397,2019-01-06T13:01:32.907Z,19010613,XBTUSD,Sell,200,3807.5,ZeroMinusTick,415863d7-e76d-bc09-6d9a-9c373f2e7a94,848186,768
3020407,2019-01-06T13:01:33.021Z,19010613,XBTUSD,Sell,1,3807.5,ZeroMinusTick,fba3e26c-3316-b0e4-fa0e-9b09391094a1,848187,769
3020419,2019-01-06T13:01:33.021Z,19010613,XBTUSD,Sell,120,3807.5,ZeroMinusTick,f287d510-e2e4-2ab8-f677-b832bdff5bb5,848307,770
3020430,2019-01-06T13:01:33.021Z,19010613,XBTUSD,Sell,128,3807,ZeroMinusTick,6708ec23-cb0e-ce96-bf23-c1cec0693ab2,848435,771
3020440,2019-01-06T13:01:34.156Z,19010613,XBTUSD,Sell,27,3807,ZeroMinusTick,a3731051-f5e4-70b3-52aa-aac682e4f280,848462,772
3020538,2019-01-06T13:01:42.723Z,19010613,XBTUSD,Sell,300,3807,ZeroMinusTick,f7bf50f0-42aa-760c-5975-f6039330ee06,848762,773
3020551,2019-01-06T13:01:43.312Z,19010613,XBTUSD,Sell,4,3807,ZeroMinusTick,6c257251-2c6e-1da3-0780-d664720ac917,848766,774
3020562,2019-01-06T13:01:43.996Z,19010613,XBTUSD,Sell,3,3807,ZeroMinusTick,aaa6e3a3-20b8-d707-c677-a28372c4de21,848769,775
3020568,2019-01-06T13:01:43.996Z,19010613,XBTUSD,Sell,100,3807,ZeroMinusTick,94680e59-5039-cebf-b9e5-babd8d6f7cdd,848869,776
3020605,2019-01-06T13:01:46.266Z,19010613,XBTUSD,Buy,500,3807.5,PlusTick,2f25de58-8e88-8ca9-968a-8d7c617879c5,849369,777
3020629,2019-01-06T13:01:50.733Z,19010613,XBTUSD,Sell,10000,3807,ZeroMinusTick,37f6dc8c-bd3a-caeb-b04c-4fa5222769c2,859369,778
3020729,2019-01-06T13:02:01.150Z,19010613,XBTUSD,Sell,211,3807,ZeroMinusTick,9d32a917-43f1-0ac9-d6c4-722223492ab2,859580,779
3020752,2019-01-06T13:02:02.230Z,19010613,XBTUSD,Buy,10,3807.5,ZeroPlusTick,64f8d1c4-0615-f592-197a-83859603a1c5,859590,780
3020765,2019-01-06T13:02:02.230Z,19010613,XBTUSD,Buy,90,3807.5,ZeroPlusTick,5dcbc1de-6f37-fb30-8be4-9bc4a97c34ef,859680,781
3020773,2019-01-06T13:02:02.230Z,19010613,XBTUSD,Buy,150,3807.5,ZeroPlusTick,ae704c86-b0fb-1b34-f2e5-d5dac04cc1ae,859830,782
3020337,2019-01-06T13:01:27.912Z,19010613,XBTUSD,Sell,111,3808,ZeroMinusTick,392d3a3f-49fc-b918-3bd9-8c57ba495eb6,859941,783
3020347,2019-01-06T13:01:27.912Z,19010613,XBTUSD,Sell,1000,3808,ZeroMinusTick,d15e09a1-47eb-2c29-3a0a-e3fdbf4e54e9,860941,784
3020366,2019-01-06T13:01:31.185Z,19010613,XBTUSD,Sell,10,3808,ZeroMinusTick,5b850000-09c4-715c-70dd-597ad708a672,860951,785
3020376,2019-01-06T13:01:31.989Z,19010613,XBTUSD,Sell,1500,3808,ZeroMinusTick,b5b20a5f-7d7b-71f1-25f6-f5cc7a2baf68,862451,786
3020384,2019-01-06T13:01:32.157Z,19010613,XBTUSD,Sell,11,3807.5,MinusTick,eca7831d-4b39-ec1b-8f97-72446c868242,862462,787
3020391,2019-01-06T13:01:32.907Z,19010613,XBTUSD,Sell,131,3807.5,ZeroMinusTick,d3e5189b-138a-6875-0f97-25ff9c7467b8,862593,788
3020405,2019-01-06T13:01:33.021Z,19010613,XBTUSD,Sell,2000,3807.5,ZeroMinusTick,4be9355c-8f6f-2dfc-c336-78f2948d7881,864593,789
3020412,2019-01-06T13:01:33.021Z,19010613,XBTUSD,Sell,10,3807.5,ZeroMinusTick,89cf8ef1-9a5c-8027-2045-c3bb6f7343c9,864603,790
3020426,2019-01-06T13:01:33.021Z,19010613,XBTUSD,Sell,512,3807,MinusTick,4f58e126-7254-49c0-e1a7-df038113ef72,865115,791
3020433,2019-01-06T13:01:33.021Z,19010613,XBTUSD,Sell,946,3807,ZeroMinusTick,95143749-1a3a-e40d-c749-d11b25888f00,866061,792
3020441,2019-01-06T13:01:34.156Z,19010613,XBTUSD,Sell,1914,3807,ZeroMinusTick,08a47e6d-1b98-db00-7d17-97c7d7ae6acd,867975,793
3020517,2019-01-06T13:01:40.772Z,19010613,XBTUSD,Sell,100,3807,ZeroMinusTick,a206f07e-0878-607f-52b4-fb8597e6cd6b,868075,794
3020539,2019-01-06T13:01:42.723Z,19010613,XBTUSD,Sell,50,3807,ZeroMinusTick,2b80dab9-c7dc-52de-638b-78b893dda1a6,868125,795
3020552,2019-01-06T13:01:43.312Z,19010613,XBTUSD,Sell,449,3807,ZeroMinusTick,ca92530a-fe1d-76f9-b1fb-38b78c15b032,868574,796
3020555,2019-01-06T13:01:43.996Z,19010613,XBTUSD,Sell,551,3807,ZeroMinusTick,d9a6d119-38a8-6d42-530f-459d24aac576,869125,797
3020565,2019-01-06T13:01:43.996Z,19010613,XBTUSD,Sell,300,3807,ZeroMinusTick,bf863f7e-515a-c971-5284-a8026ede18d7,869425,798
