id,timestamp,hour,symbol,side,size,price,tickDirection,trdMatchID,volTime,tickTime
3057354,2019-01-06T15:00:03.480Z,19010615,XBTUSD,Buy,171,3818.5,PlusTick,c9ce4613-07a6-dca0-fb04-1bc50a5ed062,171,1
3057386,2019-01-06T15:00:04.993Z,19010615,XBTUSD,Buy,11,3818.5,ZeroPlusTick,2efcbba6-676d-a9a1-739f-5ebcfc63bf7d,182,2
3057417,2019-01-06T15:00:07.620Z,19010615,XBTUSD,Buy,27,3818.5,ZeroPlusTick,79661477-9643-235a-053f-87eb202237bd,209,3
3057433,2019-01-06T15:00:11.878Z,19010615,XBTUSD,Buy,1300,3818.5,ZeroPlusTick,32aff18e-ee6b-e2a7-7efe-544c041928ed,1509,4
3057439,2019-01-06T15:00:13.495Z,19010615,XBTUSD,Buy,19,3818.5,ZeroPlusTick,ac5931a4-e045-580b-a12e-b78381ab75fc,1528,5
3057392,2019-01-06T15:00:04.993Z,19010615,XBTUSD,Buy,15775,3818.5,ZeroPlusTick,4d53786f-b72e-729a-11ba-a3b724d8fa58,17303,6
3057420,2019-01-06T15:00:07.620Z,19010615,XBTUSD,Buy,19,3818.5,ZeroPlusTick,a36bd186-de36-fdff-f0f6-d19a11da20a0,17322,7
3057428,2019-01-06T15:00:09.250Z,19010615,XBTUSD,Buy,958,3818.5,ZeroPlusTick,0f96e986-0d32-aad5-475b-d48eeffd7b4d,18280,8
3057437,2019-01-06T15:00:13.495Z,19010615,XBTUSD,Buy,476,3818.5,ZeroPlusTick,498a0066-a951-40e0-cbe0-c933ddd7f1cb,18756,9
3057452,2019-01-06T15:00:18.424Z,19010615,XBTUSD,Sell,1500,3818,MinusTick,95dbc8df-3767-d797-7f87-6bb5092e8aee,20256,10
3057385,2019-01-06T15:00:04.993Z,19010615,XBTUSD,Buy,2000,3818.5,ZeroPlusTick,95e578a9-59aa-5014-ded0-69b42928861a,22256,11
3057407,2019-01-06T15:00:05.369Z,19010615,XBTUSD,Buy,50,3818.5,ZeroPlusTick,129e6770-8985-d949-3a5c-6999cdd2b925,22306,12
3057426,2019-01-06T15:00:09.250Z,19010615,XBTUSD,Buy,2000,3818.5,ZeroPlusTick,97778cd7-98b2-ad6e-5880-8c2e8d5cdb15,24306,13
3057388,2019-01-06T15:00:04.993Z,19010615,XBTUSD,Buy,124,3818.5,ZeroPlusTick,9f8f1917-5e5f-f2f2-d2a8-49d2d147fcd8,24430,14
3057432,2019-01-06T15:00:11.273Z,19010615,XBTUSD,Buy,12,3818.5,PlusTick,913e2ef6-5535-62e6-bff9-102955548659,24442,15
3057434,2019-01-06T15:00:12.411Z,19010615,XBTUSD,Sell,193,3818,MinusTick,ff274fe4-5264-1f8b-9cd0-81004df46413,24635,16
3057656,2019-01-06T15:00:48.401Z,19010615,XBTUSD,Sell,38,3818,MinusTick,ca6ac531-8ba9-1d5a-c41a-f861d1238de1,24673,17
3057677,2019-01-06T15:00:55.335Z,19010615,XBTUSD,Buy,1175,3818.5,ZeroPlusTick,31450136-b009-900f-013a-8780f96826b0,25848,18
3057678,2019-01-06T15:00:55.649Z,19010615,XBTUSD,Buy,1175,3818.5,ZeroPlusTick,bf4378ac-107e-c98f-9bd7-bb6a0fe5cf47,27023,19
3057357,2019-01-06T15:00:03.642Z,19010615,XBTUSD,Buy,1107,3818.5,ZeroPlusTick,a8ea4bdb-6c6b-f536-335a-31d6713f1989,28130,20
3057358,2019-01-06T15:00:03.672Z,19010615,XBTUSD,Buy,571,3818.5,ZeroPlusTick,d2631884-7bd3-17ec-dad3-f20f350a702f,28701,21
3057359,2019-01-06T15:00:03.681Z,19010615,XBTUSD,Buy,54,3818.5,ZeroPlusTick,28c2cb9d-7abc-c432-7377-676bb4f9e219,28755,22
3057361,2019-01-06T15:00:03.765Z,19010615,XBTUSD,Buy,85,3818.5,ZeroPlusTick,986ac5ad-8c00-d021-0791-5640563c59d6,28840,23
3057380,2019-01-06T15:00:04.849Z,19010615,XBTUSD,Sell,200,3818,MinusTick,27b7ee06-3f15-a000-fe0f-894536798b95,29040,24
3057382,2019-01-06T15:00:04.872Z,19010615,XBTUSD,Buy,600,3818.5,PlusTick,df5f73a9-d612-009c-3581-965bbce38648,29640,25
3057383,2019-01-06T15:00:04.951Z,19010615,XBTUSD,Buy,600,3818.5,ZeroPlusTick,9ef8e090-3c07-c9b2-09ef-2ab6cc2a14bc,30240,26
3057384,2019-01-06T15:00:04.993Z,19010615,XBTUSD,Buy,31882,3818.5,ZeroPlusTick,da20c04c-8fe9-4ff8-b51f-b273b6a61420,62122,27
3057419,2019-01-06T15:00:07.620Z,19010615,XBTUSD,Buy,29,3818.5,ZeroPlusTick,474273cc-9d23-26b7-4421-eaf108074a40,62151,28
3057431,2019-01-06T15:00:10.949Z,19010615,XBTUSD,Sell,1,3818,MinusTick,1ec44a8d-64b5-a49d-1d3d-f737e2383c3d,62152,29
3057436,2019-01-06T15:00:13.490Z,19010615,XBTUSD,Buy,200,3818.5,PlusTick,f6ff5c59-976f-95f6-7d6f-8525b623a6be,62352,30
3057447,2019-01-06T15:00:16.005Z,19010615,XBTUSD,Buy,159,3818.5,ZeroPlusTick,0c63f1a9-4e3e-e0ad-94e7-bdb05ce79a2f,62511,31
3057390,2019-01-06T15:00:04.993Z,19010615,XBTUSD,Buy,16,3818.5,ZeroPlusTick,f323589b-0ee5-609c-3f72-017b992c9f5b,62527,32
3057416,2019-01-06T15:00:07.620Z,19010615,XBTUSD,Buy,2,3818.5,ZeroPlusTick,645f2741-bc44-0807-f3fc-0987d090a876,62529,33
3057429,2019-01-06T15:00:09.450Z,19010615,XBTUSD,Buy,50,3818.5,ZeroPlusTick,d70afba1-6e34-6123-5a79-296e8696c652,62579,34
3057440,2019-01-06T15:00:13.495Z,19010615,XBTUSD,Buy,480,3818.5,ZeroPlusTick,1eeb49a6-7adc-5ad2-b382-b7447e06b895,63059,35
3057448,2019-01-06T15:00:16.041Z,19010615,XBTUSD,Buy,44,3818.5,ZeroPlusTick,0d7eb9a7-0722-65e5-cfae-0945084418e2,63103,36
3057606,2019-01-06T15:00:35.335Z,19010615,XBTUSD,Buy,300,3818.5,ZeroPlusTick,6371979b-1eb2-31c5-84fc-ddc82b32e121,63403,37
3057695,2019-01-06T15:00:58.339Z,19010615,XBTUSD,Buy,13,3818.5,ZeroPlusTick,3f604ac4-8381-9494-5f65-6e9f42cbee97,63416,38
3057699,2019-01-06T15:00:58.434Z,19010615,XBTUSD,Buy,1175,3818.5,ZeroPlusTick,7560b66f-0845-6eab-fedc-226f5596a615,64591,39
3057711,2019-01-06T15:01:01.443Z,19010615,XBTUSD,Buy,20,3818.5,PlusTick,7f76eee9-a207-76f5-2ccf-5b91d8c7ca58,64611,40
3057387,2019-01-06T15:00:04.993Z,19010615,XBTUSD,Buy,46,3818.5,ZeroPlusTick,8b52996d-e6e8-b04a-8bc2-03e0670d5cbb,64657,41
3057438,2019-01-06T15:00:13.495Z,19010615,XBTUSD,Buy,25,3818.5,ZeroPlusTick,cd200f53-5a89-32f4-2291-5c7759cc7c3e,64682,42
3057482,2019-01-06T15:00:22.293Z,19010615,XBTUSD,Buy,2,3818.5,ZeroPlusTick,3354a80a-6843-1ce4-a097-7e5583345b71,64684,43
3057483,2019-01-06T15:00:22.335Z,19010615,XBTUSD,Buy,2703,3818.5,ZeroPlusTick,a6ec4922-bc59-f35e-bfb3-02b5557e6193,67387,44
3057607,2019-01-06T15:00:36.055Z,19010615,XBTUSD,Buy,500,3818.5,ZeroPlusTick,c246ec54-d269-2a08-0f91-2229c08b8d03,67887,45
3057693,2019-01-06T15:00:58.339Z,19010615,XBTUSD,Buy,10,3818.5,ZeroPlusTick,58d64b25-5619-7bd5-bfa9-7cd4a54c485f,67897,46
3057741,2019-01-06T15:01:06.423Z,19010615,XBTUSD,Buy,30,3818.5,ZeroPlusTick,cdf41395-53c5-2af1-2c9f-51def2fb4347,67927,47
3057742,2019-01-06T15:01:06.617Z,19010615,XBTUSD,Buy,148619,3818.5,ZeroPlusTick,686d9433-e0b2-026f-0c44-eac4e1bc98a2,216546,48
3057761,2019-01-06T15:01:06.617Z,19010615,XBTUSD,Buy,1000,3818.5,ZeroPlusTick,6bea79c5-00c2-d69d-62e0-2b8ce81fac06,217546,49
3057765,2019-01-06T15:01:08.229Z,19010615,XBTUSD,Buy,50,3818.5,ZeroPlusTick,a04fc987-88d1-d0e2-5ec0-e853ec0a1a6a,217596,50
3057790,2019-01-06T15:01:09.395Z,19010615,XBTUSD,Buy,29,3818.5,ZeroPlusTick,8157fa50-97a9-5b27-3861-018214e09cf8,217625,51
3057799,2019-01-06T15:01:09.395Z,19010615,XBTUSD,Buy,13,3819,ZeroPlusTick,170815db-f903-0a28-0956-b087e759c6bd,217638,52
3057809,2019-01-06T15:01:09.395Z,19010615,XBTUSD,Buy,200,3819,ZeroPlusTick,0e69e35c-e4ce-9241-1a1c-4839f31c8523,217838,53
3057825,2019-01-06T15:01:10.145Z,19010615,XBTUSD,Buy,300,3819,ZeroPlusTick,6ad2a973-b4ca-c1ac-0aca-67accc16b207,218138,54
3057366,2019-01-06T15:00:03.934Z,19010615,XBTUSD,Buy,638,3818.5,ZeroPlusTick,060700bc-17e2-2ca0-1df3-19dc28259bb0,218776,55
3057367,2019-01-06T15:00:03.956Z,19010615,XBTUSD,Buy,1,3818.5,ZeroPlusTick,6c3871db-0354-89a3-6f22-fa9ec333ca30,218777,56
3057368,2019-01-06T15:00:03.970Z,19010615,XBTUSD,Buy,1,3818.5,ZeroPlusTick,aa903257-c8c8-e80a-3b96-582a954b3fe4,218778,57
3057391,2019-01-06T15:00:04.993Z,19010615,XBTUSD,Buy,17,3818.5,ZeroPlusTick,31e59a49-8f11-d903-a3d5-86cdc25921ae,218795,58
3057418,2019-01-06T15:00:07.620Z,19010615,XBTUSD,Buy,1,3818.5,ZeroPlusTick,4f7b6b10-0f2c-a056-8e00-e3907a0cf84d,218796,59
3057427,2019-01-06T15:00:09.250Z,19010615,XBTUSD,Buy,11,3818.5,ZeroPlusTick,509d1541-6b22-f18d-a52e-8fec04bbb8c6,218807,60
3057524,2019-01-06T15:00:23.273Z,19010615,XBTUSD,Buy,2842,3818.5,ZeroPlusTick,513bb3e1-baee-fc6a-6a86-ad20b13e4ff3,221649,61
3057526,2019-01-06T15:00:23.713Z,19010615,XBTUSD,Buy,2796,3818.5,ZeroPlusTick,29908f98-2b55-2540-0887-3c75e479cbf9,224445,62
3057697,2019-01-06T15:00:58.339Z,19010615,XBTUSD,Buy,39789,3818.5,ZeroPlusTick,817bc96d-4fee-fd1b-9b34-b308e4133551,264234,63
3057748,2019-01-06T15:01:06.617Z,19010615,XBTUSD,Buy,13,3818.5,ZeroPlusTick,ff0a63ae-d135-4859-55fa-e78057871c01,264247,64
3057756,2019-01-06T15:01:06.617Z,19010615,XBTUSD,Buy,1000,3818.5,ZeroPlusTick,030a34f7-b50b-6502-5029-e05637cc3aa3,265247,65
3057774,2019-01-06T15:01:08.229Z,19010615,XBTUSD,Buy,200,3818.5,ZeroPlusTick,b5a2b03b-9b61-adbb-200f-a06bcf947e8e,265447,66
3057788,2019-01-06T15:01:09.395Z,19010615,XBTUSD,Buy,33,3818.5,ZeroPlusTick,60c544f4-171b-c0d7-66f7-8a07503b4f31,265480,67
3057802,2019-01-06T15:01:09.395Z,19010615,XBTUSD,Buy,18,3819,ZeroPlusTick,cae4ddf4-30cd-881c-d67d-e9bd3b0fa904,265498,68
3057810,2019-01-06T15:01:09.395Z,19010615,XBTUSD,Buy,169,3819,ZeroPlusTick,a885dd81-73bc-aea7-a57a-9fef52a5cd16,265667,69
3057835,2019-01-06T15:01:10.219Z,19010615,XBTUSD,Buy,37,3819,ZeroPlusTick,79493496-191f-6b43-fea1-9e2bea1bd6e9,265704,70
3057840,2019-01-06T15:01:10.219Z,19010615,XBTUSD,Buy,190,3819.5,ZeroPlusTick,8f544064-7ec5-f540-9942-0aad0edcbebd,265894,71
3057859,2019-01-06T15:01:11.464Z,19010615,XBTUSD,Buy,50,3819.5,ZeroPlusTick,e424fe2e-5805-3e96-a2c5-f09917103078,265944,72
3057889,2019-01-06T15:01:15.436Z,19010615,XBTUSD,Buy,2058,3819.5,ZeroPlusTick,2953bc4d-1251-26d4-7758-6f8f744533bc,268002,73
3057901,2019-01-06T15:01:15.436Z,19010615,XBTUSD,Buy,14221,3819.5,ZeroPlusTick,07345cdc-7c36-0623-0afd-c43916de2605,282223,74
3057910,2019-01-06T15:01:15.436Z,19010615,XBTUSD,Buy,191,3820,ZeroPlusTick,9356b8ff-2b5d-826f-37f7-926cc664c9e6,282414,75
3057925,2019-01-06T15:01:16.832Z,19010615,XBTUSD,Buy,314,3820,ZeroPlusTick,3c237aa1-ac9a-cd0f-6d67-2c268b4af670,282728,76
3057430,2019-01-06T15:00:10.738Z,19010615,XBTUSD,Buy,10,3818.5,ZeroPlusTick,9ade9db4-65d6-d76f-b3da-1135d2841093,282738,77
3057441,2019-01-06T15:00:13.615Z,19010615,XBTUSD,Buy,38,3818.5,ZeroPlusTick,d7bdb90f-f220-fca1-c4ab-3a394c4e2a74,282776,78
3057450,2019-01-06T15:00:17.786Z,19010615,XBTUSD,Buy,2997,3818.5,ZeroPlusTick,ac035c21-4d3c-6abe-12e7-4bcc2f322c66,285773,79
3057651,2019-01-06T15:00:48.296Z,19010615,XBTUSD,Buy,191,3818.5,PlusTick,bf1104f0-fb09-59d4-50c5-e5afbd8bb66c,285964,80
3057690,2019-01-06T15:00:58.339Z,19010615,XBTUSD,Buy,45,3818.5,ZeroPlusTick,896b45ce-3511-0cd5-19fc-479689a24d0b,286009,81
3057717,2019-01-06T15:01:02.412Z,19010615,XBTUSD,Buy,2000,3818.5,ZeroPlusTick,d49faa58-0427-2a34-2675-3e37970adba5,288009,82
3057718,2019-01-06T15:01:02.429Z,19010615,XBTUSD,Buy,500,3818.5,ZeroPlusTick,7bb9e371-6faf-49b3-a15f-2fd97f1869e9,288509,83
3057719,2019-01-06T15:01:02.537Z,19010615,XBTUSD,Buy,1000,3818.5,ZeroPlusTick,97b46785-d8f1-66f8-19d5-168d3cb025ca,289509,84
3057720,2019-01-06T15:01:02.595Z,19010615,XBTUSD,Buy,5000,3818.5,ZeroPlusTick,a5c81e05-4d01-9d08-2cad-48db1b266375,294509,85
3057746,2019-01-06T15:01:06.617Z,19010615,XBTUSD,Buy,18,3818.5,ZeroPlusTick,74efbb73-3dc9-e3af-d4d2-63158511d3d8,294527,86
3057758,2019-01-06T15:01:06.617Z,19010615,XBTUSD,Buy,1,3818.5,ZeroPlusTick,cf792f57-2fb9-f188-24da-07ec1c361e0c,294528,87
3057771,2019-01-06T15:01:08.229Z,19010615,XBTUSD,Buy,20,3818.5,ZeroPlusTick,dabab574-a619-58ee-329b-ed83ab32a8f2,294548,88
3057784,2019-01-06T15:01:09.395Z,19010615,XBTUSD,Buy,3405,3818.5,ZeroPlusTick,20758e04-498f-6ddf-fbdc-46f6cad7bee0,297953,89
3057794,2019-01-06T15:01:09.395Z,19010615,XBTUSD,Buy,27,3819,ZeroPlusTick,ce7c8f1f-be79-49e0-a721-be1fa04f7363,297980,90
3057804,2019-01-06T15:01:09.395Z,19010615,XBTUSD,Buy,500,3819,ZeroPlusTick,440026a6-32af-4f9d-b26b-2053be83dd70,298480,91
3057812,2019-01-06T15:01:09.395Z,19010615,XBTUSD,Buy,117,3819,ZeroPlusTick,38da33a9-21a5-3b58-3fdc-a5bf0a3b729c,298597,92
3057824,2019-01-06T15:01:10.065Z,19010615,XBTUSD,Buy,73,3819,ZeroPlusTick,4f26287a-f9bb-23b6-55de-43a930ec3983,298670,93
3057831,2019-01-06T15:01:10.219Z,19010615,XBTUSD,Buy,501,3819,ZeroPlusTick,b5378ba1-8e25-6d9e-ad9f-d5a5603ebb2d,299171,94
3057845,2019-01-06T15:01:10.219Z,19010615,XBTUSD,Buy,13,3819.5,ZeroPlusTick,b2d02731-b7fa-2b61-819c-5d262c73f542,299184,95
3057855,2019-01-06T15:01:10.819Z,19010615,XBTUSD,Buy,69,3819.5,ZeroPlusTick,9999bdc0-09f4-e2bf-ffe2-6b40b6ec2108,299253,96
3057857,2019-01-06T15:01:10.977Z,19010615,XBTUSD,Buy,300,3819.5,ZeroPlusTick,7991cc46-2dc8-ebde-0404-52c63b9061f5,299553,97
3057863,2019-01-06T15:01:11.464Z,19010615,XBTUSD,Buy,1276,3819.5,ZeroPlusTick,238af83f-0ec8-1dea-507e-fa79f28f9a2b,300829,98
3057875,2019-01-06T15:01:14.161Z,19010615,XBTUSD,Buy,4188,3819.5,ZeroPlusTick,594e1e85-b3d8-3d07-74bf-1d93c4c7faaa,305017,99
3057389,2019-01-06T15:00:04.993Z,19010615,XBTUSD,Buy,129,3818.5,ZeroPlusTick,aec5fb35-196e-5ace-1b74-5d61adc88cb3,305146,100
3057425,2019-01-06T15:00:09.250Z,19010615,XBTUSD,Buy,31,3818.5,ZeroPlusTick,a6bd24cf-a0c9-0c3a-16f6-c50340228c7c,305177,101
3057527,2019-01-06T15:00:24.149Z,19010615,XBTUSD,Buy,1000,3818.5,ZeroPlusTick,822884ab-464e-27e7-00a5-bf1f7fa5bcf7,306177,102
3057584,2019-01-06T15:00:30.702Z,19010615,XBTUSD,Buy,739,3818.5,ZeroPlusTick,f6beb24a-5df5-3ef2-824f-906504a8b630,306916,103
3057683,2019-01-06T15:00:56.518Z,19010615,XBTUSD,Buy,1175,3818.5,ZeroPlusTick,3a92aa76-07ba-67bb-5934-2f10e8e4fe7c,308091,104
3057685,2019-01-06T15:00:57.021Z,19010615,XBTUSD,Buy,500,3818.5,ZeroPlusTick,c1a8bc36-6082-917d-592c-592f9f5556c2,308591,105
3057696,2019-01-06T15:00:58.339Z,19010615,XBTUSD,Buy,10,3818.5,ZeroPlusTick,77ac8d8a-03a7-8979-4e32-59373f3a1008,308601,106
3057743,2019-01-06T15:01:06.617Z,19010615,XBTUSD,Buy,100,3818.5,ZeroPlusTick,009f6c9f-e0e3-047f-aba1-92b2068688a5,308701,107
3057752,2019-01-06T15:01:06.617Z,19010615,XBTUSD,Buy,100,3818.5,ZeroPlusTick,9133944d-a4d0-917c-6919-3cd31ee0e0a9,308801,108
3057762,2019-01-06T15:01:06.617Z,19010615,XBTUSD,Buy,8133,3818.5,ZeroPlusTick,21a69ecb-13f9-9167-9035-557d69614972,316934,109
3057770,2019-01-06T15:01:08.229Z,19010615,XBTUSD,Buy,74,3818.5,ZeroPlusTick,98cdcd4d-840c-4a84-b839-3d0ef05ca571,317008,110
3057792,2019-01-06T15:01:09.395Z,19010615,XBTUSD,Buy,11,3819,ZeroPlusTick,2a527292-f12d-bc73-e157-b88aee08c1a6,317019,111
3057796,2019-01-06T15:01:09.395Z,19010615,XBTUSD,Buy,500,3819,ZeroPlusTick,c6dca4d6-6d4b-0cb7-b39c-004da7fe42fc,317519,112
3057811,2019-01-06T15:01:09.395Z,19010615,XBTUSD,Buy,5000,3819,ZeroPlusTick,4f374131-1810-86d0-b1a6-be02bb818f75,322519,113
3057833,2019-01-06T15:01:10.219Z,19010615,XBTUSD,Buy,501,3819,ZeroPlusTick,cd03f74d-b846-44f4-8b6a-de9bdc60d857,323020,114
3057843,2019-01-06T15:01:10.219Z,19010615,XBTUSD,Buy,11,3819.5,ZeroPlusTick,ca53f131-f378-7c3a-f354-08d9281f45a5,323031,115
3057856,2019-01-06T15:01:10.819Z,19010615,XBTUSD,Buy,650,3819.5,ZeroPlusTick,38fbe009-8312-7611-f0df-f88e15a0912d,323681,116
3057861,2019-01-06T15:01:11.464Z,19010615,XBTUSD,Buy,2058,3819.5,ZeroPlusTick,456be538-207d-b979-76f7-f91c3dbbcb36,325739,117
3057877,2019-01-06T15:01:14.688Z,19010615,XBTUSD,Sell,50,3819,ZeroMinusTick,4c99ae27-e3ed-6a4b-0a93-dca476f0c688,325789,118
3057878,2019-01-06T15:01:14.782Z,19010615,XBTUSD,Buy,69,3819.5,PlusTick,25039eff-d542-95b9-6d21-4e7e6b52ae16,325858,119
3057884,2019-01-06T15:01:15.436Z,19010615,XBTUSD,Buy,930,3819.5,ZeroPlusTick,eb482012-a62e-7b8b-e70b-ac6f00ef3adc,326788,120
3057894,2019-01-06T15:01:15.436Z,19010615,XBTUSD,Buy,2058,3819.5,ZeroPlusTick,32d692ef-a6c8-10b6-b452-b4335c4788db,328846,121
3057904,2019-01-06T15:01:15.436Z,19010615,XBTUSD,Buy,22,3819.5,ZeroPlusTick,9b51ff81-c313-08d4-5a95-9cc08d4d9737,328868,122
3057913,2019-01-06T15:01:15.436Z,19010615,XBTUSD,Buy,191,3820,ZeroPlusTick,e85a4f48-d9e2-de41-c752-d80c7e86c0e9,329059,123
3057918,2019-01-06T15:01:15.436Z,19010615,XBTUSD,Buy,500,3820,ZeroPlusTick,c5f13b3f-aa89-723c-87c3-6d0eff29ce5c,329559,124
3057949,2019-01-06T15:01:19.582Z,19010615,XBTUSD,Buy,14,3820,ZeroPlusTick,b00287f2-ba12-4496-ddb6-b36a34982fc8,329573,125
3057475,2019-01-06T15:00:20.656Z,19010615,XBTUSD,Buy,149,3818.5,PlusTick,db484ed2-68d8-457a-8224-ef6c10300063,329722,126
3057661,2019-01-06T15:00:52.602Z,19010615,XBTUSD,Sell,4,3818,ZeroMinusTick,d402c6d1-2502-0be8-57ca-d8d2c6057d7d,329726,127
3057667,2019-01-06T15:00:53.235Z,19010615,XBTUSD,Sell,1000,3818,ZeroMinusTick,72b0db89-4064-db32-7604-975969c49fcb,330726,128
3057672,2019-01-06T15:00:53.828Z,19010615,XBTUSD,Buy,1175,3818.5,PlusTick,70a0db02-74d3-c295-50f8-2e8e13b35885,331901,129
3057691,2019-01-06T15:00:58.339Z,19010615,XBTUSD,Buy,957,3818.5,ZeroPlusTick,0d865b47-b49e-b37a-11f5-ab2be6665a5e,332858,130
3057710,2019-01-06T15:01:00.783Z,19010615,XBTUSD,Sell,1500,3818,MinusTick,972da8f1-bcc3-a9a6-459f-a2f352d9756b,334358,131
3057745,2019-01-06T15:01:06.617Z,19010615,XBTUSD,Buy,400,3818.5,ZeroPlusTick,a00e1086-b556-0a59-949a-ba7010de840e,334758,132
3057754,2019-01-06T15:01:06.617Z,19010615,XBTUSD,Buy,1145,3818.5,ZeroPlusTick,5ae31e10-4bcf-3fe0-e187-ee723f351d82,335903,133
3057773,2019-01-06T15:01:08.229Z,19010615,XBTUSD,Buy,2000,3818.5,ZeroPlusTick,e2b7e463-7648-1672-611b-5f6337285272,337903,134
3057776,2019-01-06T15:01:08.229Z,19010615,XBTUSD,Buy,310,3818.5,ZeroPlusTick,27d5178d-ba5d-c229-ab60-29902e115f48,338213,135
3057789,2019-01-06T15:01:09.395Z,19010615,XBTUSD,Buy,36,3818.5,ZeroPlusTick,f3aca8ad-3a8e-b8d5-a07d-6d8a1029448f,338249,136
3057797,2019-01-06T15:01:09.395Z,19010615,XBTUSD,Buy,30,3819,ZeroPlusTick,396981c2-c1bd-35e5-362f-7540feb849c1,338279,137
3057813,2019-01-06T15:01:09.395Z,19010615,XBTUSD,Buy,100,3819,ZeroPlusTick,9e6bddb6-97e5-e5a8-be26-147d6f4e7aec,338379,138
3057827,2019-01-06T15:01:10.219Z,19010615,XBTUSD,Buy,501,3819,ZeroPlusTick,3aff5fbc-2fc8-0a3e-c9ae-5d7ccbcb2475,338880,139
3057837,2019-01-06T15:01:10.219Z,19010615,XBTUSD,Buy,11,3819.5,ZeroPlusTick,58441b24-7494-e443-052f-e22c5638feae,338891,140
3057847,2019-01-06T15:01:10.219Z,19010615,XBTUSD,Buy,274,3819.5,ZeroPlusTick,b09cefaa-2129-f7c5-590b-bb821ced5f3e,339165,141
3057851,2019-01-06T15:01:10.819Z,19010615,XBTUSD,Buy,100,3819.5,ZeroPlusTick,2f632904-d50f-b521-ce4b-96a5b908895d,339265,142
3057865,2019-01-06T15:01:12.350Z,19010615,XBTUSD,Sell,5000,3819,MinusTick,253cc712-8406-22af-c531-89ff5a6dfb41,344265,143
3057893,2019-01-06T15:01:15.436Z,19010615,XBTUSD,Buy,2058,3819.5,ZeroPlusTick,d1ae0a21-c809-2064-84ee-c323efa37693,346323,144
3057896,2019-01-06T15:01:15.436Z,19010615,XBTUSD,Buy,2058,3819.5,ZeroPlusTick,983a5fb8-f312-138a-086e-ccb9b4978f42,348381,145
3057909,2019-01-06T15:01:15.436Z,19010615,XBTUSD,Buy,5,3820,ZeroPlusTick,a5ac4c65-f132-824d-bb00-76236e6a1f17,348386,146
3057921,2019-01-06T15:01:15.436Z,19010615,XBTUSD,Buy,500,3820,ZeroPlusTick,28152f90-46c9-94d1-af0f-0987f8f7eae8,348886,147
3057948,2019-01-06T15:01:19.582Z,19010615,XBTUSD,Buy,38,3820,ZeroPlusTick,06835210-b1c1-4620-4c11-eba5f364974f,348924,148
3057688,2019-01-06T15:00:58.339Z,19010615,XBTUSD,Buy,9116,3818.5,ZeroPlusTick,d0b8f733-4cda-bac8-8232-9a1195906549,358040,149
3057751,2019-01-06T15:01:06.617Z,19010615,XBTUSD,Buy,120,3818.5,ZeroPlusTick,e9df2ea1-5cf3-7816-3f72-2412873071bd,358160,150
3057755,2019-01-06T15:01:06.617Z,19010615,XBTUSD,Buy,10,3818.5,ZeroPlusTick,0203baee-408b-afd3-d304-71c92f5ac2a6,358170,151
3057768,2019-01-06T15:01:08.229Z,19010615,XBTUSD,Buy,19,3818.5,ZeroPlusTick,a65a847b-30e7-941c-e577-613e0f55e835,358189,152
3057785,2019-01-06T15:01:09.395Z,19010615,XBTUSD,Buy,50,3818.5,ZeroPlusTick,d1e7da98-94d2-31d0-eb85-524a46551311,358239,153
3057795,2019-01-06T15:01:09.395Z,19010615,XBTUSD,Buy,11,3819,ZeroPlusTick,3eab138c-3e8d-e45b-6846-883f4b979ec2,358250,154
3057805,2019-01-06T15:01:09.395Z,19010615,XBTUSD,Buy,14,3819,ZeroPlusTick,f43c89c9-6fe8-dbf8-6d0d-82b3e73fb34c,358264,155
3057815,2019-01-06T15:01:09.395Z,19010615,XBTUSD,Buy,122,3819,ZeroPlusTick,33b2651e-afce-92a5-a1a1-071a14c145fa,358386,156
3057826,2019-01-06T15:01:10.219Z,19010615,XBTUSD,Buy,128,3819,ZeroPlusTick,ebf61e6f-8977-b003-a114-dfc125998bf6,358514,157
3057829,2019-01-06T15:01:10.219Z,19010615,XBTUSD,Buy,501,3819,ZeroPlusTick,075e7861-ae7e-05ee-3344-08a7bb648c88,359015,158
3057839,2019-01-06T15:01:10.219Z,19010615,XBTUSD,Buy,129,3819.5,ZeroPlusTick,f0edbae1-2f14-aa4e-0a6a-0f63abe4873d,359144,159
3057848,2019-01-06T15:01:10.219Z,19010615,XBTUSD,Buy,24869,3819.5,ZeroPlusTick,ddc3b64e-2fe4-d5cb-7b5e-c3961c67f6f8,384013,160
3057852,2019-01-06T15:01:10.819Z,19010615,XBTUSD,Buy,13000,3819.5,ZeroPlusTick,a26499ca-05c1-845d-33cb-6d0df3a67606,397013,161
3057872,2019-01-06T15:01:14.132Z,19010615,XBTUSD,Buy,30,3819.5,PlusTick,51860214-6c2f-0cd7-a47e-35ff46780bf6,397043,162
3057881,2019-01-06T15:01:15.108Z,19010615,XBTUSD,Buy,39,3819.5,ZeroPlusTick,53a96df8-65b3-8b44-11dc-26d9959c4097,397082,163
3057888,2019-01-06T15:01:15.436Z,19010615,XBTUSD,Buy,2058,3819.5,ZeroPlusTick,5c8094f7-e97e-a6d9-1182-be302b6eb558,399140,164
3057900,2019-01-06T15:01:15.436Z,19010615,XBTUSD,Buy,120,3819.5,ZeroPlusTick,de66f731-241a-5ec4-811f-bd867e254a02,399260,165
3057907,2019-01-06T15:01:15.436Z,19010615,XBTUSD,Buy,11,3820,ZeroPlusTick,94d4a5b2-591f-86a3-335c-bcd68cca5a2f,399271,166
3057920,2019-01-06T15:01:15.436Z,19010615,XBTUSD,Buy,2000,3820,ZeroPlusTick,3c3daf99-e4b5-bca3-1140-cd3e45dd726e,401271,167
3057941,2019-01-06T15:01:19.582Z,19010615,XBTUSD,Buy,155,3820,ZeroPlusTick,c32ab7a8-3df4-5c97-ce0c-e83375978a1f,401426,168
3057985,2019-01-06T15:01:21.819Z,19010615,XBTUSD,Buy,40,3820,ZeroPlusTick,88cd3df0-2a7a-fc11-93e1-e1a77dd16e75,401466,169
3057988,2019-01-06T15:01:21.835Z,19010615,XBTUSD,Buy,3,3820,ZeroPlusTick,309c9067-f032-e385-e6b5-86d4ddc97cd6,401469,170
3057998,2019-01-06T15:01:21.862Z,19010615,XBTUSD,Buy,1990,3820,ZeroPlusTick,7f2f8c84-82b6-0991-aba1-76d790793611,403459,171
3058008,2019-01-06T15:01:21.939Z,19010615,XBTUSD,Buy,40,3820,ZeroPlusTick,a33984fc-d5ac-e91d-6450-03e3b8a61add,403499,172
3058028,2019-01-06T15:01:23.168Z,19010615,XBTUSD,Buy,117,3820,ZeroPlusTick,1070c4d2-b86c-9ae0-4768-0e360c1e718a,403616,173
3058089,2019-01-06T15:01:26.245Z,19010615,XBTUSD,Buy,100,3820.5,PlusTick,77f0094e-a0e8-7b24-0bb4-78525485cc67,403716,174
3057640,2019-01-06T15:00:43.793Z,19010615,XBTUSD,Sell,484,3818,MinusTick,c043a206-00ef-8647-9bc2-b4b914742c93,404200,175
3057694,2019-01-06T15:00:58.339Z,19010615,XBTUSD,Buy,12,3818.5,ZeroPlusTick,2f40650c-bdfd-2d1b-b00a-737cb1bc7fca,404212,176
3057749,2019-01-06T15:01:06.617Z,19010615,XBTUSD,Buy,5000,3818.5,ZeroPlusTick,f159337d-7c26-8b0a-7407-a3c9d216cd69,409212,177
3057759,2019-01-06T15:01:06.617Z,19010615,XBTUSD,Buy,50,3818.5,ZeroPlusTick,aacc735d-fc7f-010b-f61e-20480714559b,409262,178
3057763,2019-01-06T15:01:06.706Z,19010615,XBTUSD,Buy,104,3818.5,ZeroPlusTick,edca1c5c-e962-f905-8cd6-17b7ea6ecd0b,409366,179
3057764,2019-01-06T15:01:06.868Z,19010615,XBTUSD,Buy,2000,3818.5,ZeroPlusTick,1dc2c0fc-17a4-29e5-80c6-649c113549e6,411366,180
3057769,2019-01-06T15:01:08.229Z,19010615,XBTUSD,Buy,35,3818.5,ZeroPlusTick,9ecf58bf-bc2c-8019-c69b-70e129de5285,411401,181
3057793,2019-01-06T15:01:09.395Z,19010615,XBTUSD,Buy,27,3819,ZeroPlusTick,83f66943-63dd-2214-a484-f9870e887ce0,411428,182
3057800,2019-01-06T15:01:09.395Z,19010615,XBTUSD,Buy,30,3819,ZeroPlusTick,d159c082-0150-cd0b-fb5e-d7706966d73e,411458,183
3057808,2019-01-06T15:01:09.395Z,19010615,XBTUSD,Buy,10,3819,ZeroPlusTick,e8040e43-6417-2de1-99a8-48d13c8c8dd5,411468,184
3057818,2019-01-06T15:01:09.395Z,19010615,XBTUSD,Buy,1942,3819,ZeroPlusTick,1a4dc8ea-5264-adf7-cdda-656a9d8924ff,413410,185
3057822,2019-01-06T15:01:10.065Z,19010615,XBTUSD,Buy,120,3819,ZeroPlusTick,0520f29c-1f69-4892-7b5c-10d84fa514f1,413530,186
3057828,2019-01-06T15:01:10.219Z,19010615,XBTUSD,Buy,501,3819,ZeroPlusTick,7161eb91-4991-774b-9377-1f36d7b749cd,414031,187
3057838,2019-01-06T15:01:10.219Z,19010615,XBTUSD,Buy,100,3819.5,ZeroPlusTick,ca2b7fbf-99fa-cd5d-d631-1b35b45bfd2c,414131,188
3057846,2019-01-06T15:01:10.219Z,19010615,XBTUSD,Buy,20,3819.5,ZeroPlusTick,bc30215c-62c2-4e7f-0298-f64a0342b666,414151,189
3057850,2019-01-06T15:01:10.819Z,19010615,XBTUSD,Buy,15131,3819.5,ZeroPlusTick,c5bd03e1-4f33-6c58-cfd6-3a83c7c8aba4,429282,190
3057871,2019-01-06T15:01:14.127Z,19010615,XBTUSD,Sell,50,3819,ZeroMinusTick,5e8107b2-6556-836c-18c1-28963aff9e53,429332,191
3057886,2019-01-06T15:01:15.436Z,19010615,XBTUSD,Buy,2747,3819.5,ZeroPlusTick,d19a3c99-2d9c-c5de-9546-3d8575f7af73,432079,192
3057899,2019-01-06T15:01:15.436Z,19010615,XBTUSD,Buy,200,3819.5,ZeroPlusTick,9e8425ea-e7b9-1358-9c66-e053cfeb8f98,432279,193
3057914,2019-01-06T15:01:15.436Z,19010615,XBTUSD,Buy,20,3820,ZeroPlusTick,1c92fee6-b075-0922-210f-ff87a3e0ca4a,432299,194
3057922,2019-01-06T15:01:15.436Z,19010615,XBTUSD,Buy,1661,3820,ZeroPlusTick,ce512674-7b28-f986-e85e-a6ad9e2339e5,433960,195
3057926,2019-01-06T15:01:16.832Z,19010615,XBTUSD,Buy,1686,3820,ZeroPlusTick,d8696eca-f937-d626-e2b0-f7bfff2137c2,435646,196
3057942,2019-01-06T15:01:19.582Z,19010615,XBTUSD,Buy,1000,3820,ZeroPlusTick,1456e2ac-d987-7c1a-74e1-62fe8f512285,436646,197
3057955,2019-01-06T15:01:20.531Z,19010615,XBTUSD,Buy,1175,3820,PlusTick,3b76d025-5d31-e6a2-89fb-aa455e1e9e8e,437821,198
3057966,2019-01-06T15:01:21.256Z,19010615,XBTUSD,Buy,200,3820,ZeroPlusTick,8da6b537-36b1-142b-9e52-a10a0c365604,438021,199
3057971,2019-01-06T15:01:21.651Z,19010615,XBTUSD,Buy,2965,3820,ZeroPlusTick,0ea8c870-9b66-1637-98a0-a537aedbc0c1,440986,200
3057978,2019-01-06T15:01:21.805Z,19010615,XBTUSD,Buy,65,3820,ZeroPlusTick,d1bbe9a8-e8f0-3d7d-15ec-4d0dbac63b0b,441051,201
3057995,2019-01-06T15:01:21.846Z,19010615,XBTUSD,Buy,350,3820,ZeroPlusTick,bea0bdcd-c25d-6f10-c684-96a1a0bbcbaf,441401,202
3058005,2019-01-06T15:01:21.916Z,19010615,XBTUSD,Buy,376,3820,ZeroPlusTick,f9cb7b6d-1f09-f844-b68b-7a07616ff2d7,441777,203
3057587,2019-01-06T15:00:30.817Z,19010615,XBTUSD,Buy,744,3818.5,ZeroPlusTick,3e7e4fc0-1973-9d8b-7cf0-e0ff5c2ea141,442521,204
3057689,2019-01-06T15:00:58.339Z,19010615,XBTUSD,Buy,10,3818.5,ZeroPlusTick,6ffa5bf4-65c4-b992-5842-b8c771013cbd,442531,205
3057744,2019-01-06T15:01:06.617Z,19010615,XBTUSD,Buy,20000,3818.5,ZeroPlusTick,47b283c9-ff44-1bb4-a77a-bf802311f0a3,462531,206
3057753,2019-01-06T15:01:06.617Z,19010615,XBTUSD,Buy,500,3818.5,ZeroPlusTick,5a440824-ae35-1ca7-266d-cf5e9e8e2bb1,463031,207
3057772,2019-01-06T15:01:08.229Z,19010615,XBTUSD,Buy,1000,3818.5,ZeroPlusTick,10c25351-ea12-ed93-6d1a-152a42150f66,464031,208
3057787,2019-01-06T15:01:09.395Z,19010615,XBTUSD,Buy,1000,3818.5,ZeroPlusTick,b0c06103-3860-4569-6c96-35ff2da41eb8,465031,209
3057801,2019-01-06T15:01:09.395Z,19010615,XBTUSD,Buy,3,3819,ZeroPlusTick,e6d0d6f5-0048-3858-60b9-a539c64171a6,465034,210
3057814,2019-01-06T15:01:09.395Z,19010615,XBTUSD,Buy,100,3819,ZeroPlusTick,54e798e4-ca57-bdc7-a9ea-78bdeca2e4a6,465134,211
3057832,2019-01-06T15:01:10.219Z,19010615,XBTUSD,Buy,501,3819,ZeroPlusTick,dbe93f4f-9107-a30a-8b43-8f39841fa711,465635,212
3057841,2019-01-06T15:01:10.219Z,19010615,XBTUSD,Buy,27,3819.5,ZeroPlusTick,aaaa8a14-900d-a377-e0cb-71cdb9f9d516,465662,213
3057853,2019-01-06T15:01:10.819Z,19010615,XBTUSD,Buy,50,3819.5,ZeroPlusTick,bfd5f90d-8a33-c6ce-d511-1737b8de13fd,465712,214
3057890,2019-01-06T15:01:15.436Z,19010615,XBTUSD,Buy,2058,3819.5,ZeroPlusTick,8c84d431-d3c6-1e1a-57f8-6ab2cb9b35dc,467770,215
3057895,2019-01-06T15:01:15.436Z,19010615,XBTUSD,Buy,2058,3819.5,ZeroPlusTick,778bf2a7-c932-187e-1efb-959652bb3eda,469828,216
3057905,2019-01-06T15:01:15.436Z,19010615,XBTUSD,Buy,26,3819.5,ZeroPlusTick,15f39629-dcc9-e28d-837f-276961e20861,469854,217
3057915,2019-01-06T15:01:15.436Z,19010615,XBTUSD,Buy,27,3820,ZeroPlusTick,17c99199-e25e-a9b6-dba9-f1517f10e392,469881,218
3057934,2019-01-06T15:01:17.713Z,19010615,XBTUSD,Sell,6942,3819.5,MinusTick,c86d58b3-c609-b26c-0750-2d1adfeec649,476823,219
3057944,2019-01-06T15:01:19.582Z,19010615,XBTUSD,Buy,10000,3820,ZeroPlusTick,bb139458-5e55-38ed-cb66-effde2b8d71c,486823,220
3057965,2019-01-06T15:01:21.256Z,19010615,XBTUSD,Buy,2000,3820,ZeroPlusTick,05463dc2-d856-6276-bb46-c41b4a542ce6,488823,221
3057972,2019-01-06T15:01:21.651Z,19010615,XBTUSD,Buy,235,3820,ZeroPlusTick,7b662397-c6e4-a61a-05be-58a365fe208e,489058,222
3057980,2019-01-06T15:01:21.805Z,19010615,XBTUSD,Buy,166,3820,ZeroPlusTick,7c349c27-8073-d517-6a26-b5acd91caeb3,489224,223
3057992,2019-01-06T15:01:21.835Z,19010615,XBTUSD,Buy,1000,3820,ZeroPlusTick,45f319b6-d014-00d4-d1a3-b85a075d0f2d,490224,224
3058006,2019-01-06T15:01:21.924Z,19010615,XBTUSD,Buy,558,3820,ZeroPlusTick,ff138b0a-6f30-01bb-2e82-5b49ad4fd0af,490782,225
3058013,2019-01-06T15:01:21.993Z,19010615,XBTUSD,Buy,533,3820,ZeroPlusTick,05f5f6b0-dc2b-09fa-0c20-8301cc57c7db,491315,226
3058027,2019-01-06T15:01:23.168Z,19010615,XBTUSD,Buy,75,3820,ZeroPlusTick,8b042cde-749a-6e6c-7ffd-72d61b1cec51,491390,227
3058029,2019-01-06T15:01:23.168Z,19010615,XBTUSD,Buy,500,3820,ZeroPlusTick,64c8d776-80ff-47fc-090f-28acfd6eb7aa,491890,228
3058044,2019-01-06T15:01:23.858Z,19010615,XBTUSD,Buy,1146,3820,ZeroPlusTick,f260bd52-17ac-0ac6-d02b-c60844c0ed68,493036,229
3057692,2019-01-06T15:00:58.339Z,19010615,XBTUSD,Buy,38,3818.5,ZeroPlusTick,2f4f8c6b-f3b4-a511-af13-584963320c9f,493074,230
3057703,2019-01-06T15:00:59.507Z,19010615,XBTUSD,Buy,191,3818.5,ZeroPlusTick,d5c7c826-29c3-9df2-b269-45e83ae9289d,493265,231
3057705,2019-01-06T15:00:59.886Z,19010615,XBTUSD,Buy,1175,3818.5,ZeroPlusTick,5e200e23-edda-3e8d-f340-34e211fa0057,494440,232
3057750,2019-01-06T15:01:06.617Z,19010615,XBTUSD,Buy,11300,3818.5,ZeroPlusTick,ac8fd326-04f4-3ad8-b580-b06595f9292f,505740,233
3057760,2019-01-06T15:01:06.617Z,19010615,XBTUSD,Buy,2000,3818.5,ZeroPlusTick,b1348cae-d0e2-0baf-78cf-f95dcbe3dffd,507740,234
3057766,2019-01-06T15:01:08.229Z,19010615,XBTUSD,Buy,29,3818.5,ZeroPlusTick,9626ff53-e015-711f-9920-bba4d20b6fd2,507769,235
3057775,2019-01-06T15:01:08.229Z,19010615,XBTUSD,Buy,657,3818.5,ZeroPlusTick,d71e648e-0f96-65f7-2807-bf98b755e5a1,508426,236
3057791,2019-01-06T15:01:09.395Z,19010615,XBTUSD,Buy,129,3819,PlusTick,f3985101-7b7b-77a6-7262-8d378a11bc76,508555,237
3057803,2019-01-06T15:01:09.395Z,19010615,XBTUSD,Buy,30,3819,ZeroPlusTick,00077264-2f34-6355-9c2a-44ee15070e2a,508585,238
3057806,2019-01-06T15:01:09.395Z,19010615,XBTUSD,Buy,3600,3819,ZeroPlusTick,e025ae8a-8d27-a2ec-77f4-ac7c0cfa0868,512185,239
3057817,2019-01-06T15:01:09.395Z,19010615,XBTUSD,Buy,50,3819,ZeroPlusTick,6d4e9b0c-6f79-e88c-3a62-44527aaf604d,512235,240
3057823,2019-01-06T15:01:10.065Z,19010615,XBTUSD,Buy,49,3819,ZeroPlusTick,165c159b-47f8-9bf3-7a19-0e7251962931,512284,241
3057830,2019-01-06T15:01:10.219Z,19010615,XBTUSD,Buy,501,3819,ZeroPlusTick,2bafa51f-1a9b-b417-3cc4-ae0a59e5bd4e,512785,242
3057842,2019-01-06T15:01:10.219Z,19010615,XBTUSD,Buy,50,3819.5,ZeroPlusTick,ced741a1-f608-8ac0-264c-90f35632ac52,512835,243
3057854,2019-01-06T15:01:10.819Z,19010615,XBTUSD,Buy,1000,3819.5,ZeroPlusTick,65eede9b-bb5a-d05c-eabd-3d690b6e60ae,513835,244
3057892,2019-01-06T15:01:15.436Z,19010615,XBTUSD,Buy,2058,3819.5,ZeroPlusTick,1e81317b-b5a0-8c2b-06da-eae103f28a61,515893,245
3057903,2019-01-06T15:01:15.436Z,19010615,XBTUSD,Buy,1000,3819.5,ZeroPlusTick,176d971a-0782-c22d-26aa-92f396b3b120,516893,246
3057906,2019-01-06T15:01:15.436Z,19010615,XBTUSD,Buy,100,3820,PlusTick,55679987-bdc6-7de4-71e5-c253e5cf76fb,516993,247
3057916,2019-01-06T15:01:15.436Z,19010615,XBTUSD,Buy,11,3820,ZeroPlusTick,5710541d-b8e9-509a-fc5d-5b5bf1865fff,517004,248
3057946,2019-01-06T15:01:19.582Z,19010615,XBTUSD,Buy,13,3820,ZeroPlusTick,29ad619a-b373-05ed-7f49-225e77d1a641,517017,249
3057984,2019-01-06T15:01:21.805Z,19010615,XBTUSD,Buy,73,3820,ZeroPlusTick,4afc5483-6f57-0047-fbf1-15697358aa11,517090,250
3057991,2019-01-06T15:01:21.835Z,19010615,XBTUSD,Buy,100,3820,ZeroPlusTick,2fcf6c6c-d5bd-3694-77c9-4f6753b30223,517190,251
3058003,2019-01-06T15:01:21.901Z,19010615,XBTUSD,Buy,136,3820,ZeroPlusTick,39eb4e61-3a33-8fe1-bb1e-8a2a82cad791,517326,252
3058012,2019-01-06T15:01:21.983Z,19010615,XBTUSD,Buy,556,3820,ZeroPlusTick,3e668183-daf1-8e0a-344c-6d7ead4aa930,517882,253
3058037,2019-01-06T15:01:23.287Z,19010615,XBTUSD,Buy,147,3820,ZeroPlusTick,cf3ef232-a163-fa27-9039-47225d78ac15,518029,254
3058039,2019-01-06T15:01:23.352Z,19010615,XBTUSD,Buy,39,3820,ZeroPlusTick,c7891598-2eba-e3a8-37e8-e54a52ce32e7,518068,255
3058042,2019-01-06T15:01:23.858Z,19010615,XBTUSD,Buy,1084,3820,ZeroPlusTick,de27c00f-ed3c-25cd-03e3-0ffdabd3dfae,519152,256
3058099,2019-01-06T15:01:26.285Z,19010615,XBTUSD,Buy,1,3820.5,ZeroPlusTick,ef74f6db-d6f7-58e1-fd16-2c6922a12a62,519153,257
3058168,2019-01-06T15:01:27.330Z,19010615,XBTUSD,Buy,56,3820.5,ZeroPlusTick,c61e1e15-ddc4-b897-83fb-61c601a15e43,519209,258
3057712,2019-01-06T15:01:02.011Z,19010615,XBTUSD,Buy,1,3818.5,ZeroPlusTick,1d6be10e-8790-2403-9b31-2992220a9604,519210,259
3057713,2019-01-06T15:01:02.059Z,19010615,XBTUSD,Buy,500,3818.5,ZeroPlusTick,064d100c-42cd-0ef9-c745-8b0d9070814a,519710,260
3057747,2019-01-06T15:01:06.617Z,19010615,XBTUSD,Buy,96,3818.5,ZeroPlusTick,78119baa-504a-e2a3-cc1d-efb7292c793d,519806,261
3057757,2019-01-06T15:01:06.617Z,19010615,XBTUSD,Buy,395,3818.5,ZeroPlusTick,88e6cbc3-9672-56da-3112-b85bc934a299,520201,262
3057767,2019-01-06T15:01:08.229Z,19010615,XBTUSD,Buy,11,3818.5,ZeroPlusTick,9426731c-7f89-e0d1-48bc-ec2443ac305b,520212,263
3057777,2019-01-06T15:01:08.229Z,19010615,XBTUSD,Buy,595,3818.5,ZeroPlusTick,ed0c4970-c8dc-c446-0cb2-bb8563289e31,520807,264
3057786,2019-01-06T15:01:09.395Z,19010615,XBTUSD,Buy,32622,3818.5,ZeroPlusTick,a8eeb8da-eb9b-193f-fc3c-a26c93210ad2,553429,265
3057798,2019-01-06T15:01:09.395Z,19010615,XBTUSD,Buy,30,3819,ZeroPlusTick,57504d7b-ff17-9d4f-c14f-f33ce7b894dc,553459,266
3057807,2019-01-06T15:01:09.395Z,19010615,XBTUSD,Buy,30,3819,ZeroPlusTick,e4ae9c71-ed43-ab93-1938-39017870aee3,553489,267
3057816,2019-01-06T15:01:09.395Z,19010615,XBTUSD,Buy,12,3819,ZeroPlusTick,a4fafb84-4760-2048-07c5-24e0a1967357,553501,268
3057821,2019-01-06T15:01:10.065Z,19010615,XBTUSD,Buy,58,3819,ZeroPlusTick,f112c4cd-afd2-2af9-e3b5-4c46cd22ba21,553559,269
3057834,2019-01-06T15:01:10.219Z,19010615,XBTUSD,Buy,34,3819,ZeroPlusTick,038a85df-8a0d-1aaf-081d-c0ef384686b8,553593,270
3057844,2019-01-06T15:01:10.219Z,19010615,XBTUSD,Buy,500,3819.5,ZeroPlusTick,d5c3ba13-1e79-8514-2943-ae451454f17f,554093,271
3057860,2019-01-06T15:01:11.464Z,19010615,XBTUSD,Buy,2058,3819.5,ZeroPlusTick,788786a2-eb29-c24c-a580-40f7135d8c94,556151,272
3057873,2019-01-06T15:01:14.161Z,19010615,XBTUSD,Buy,92,3819.5,ZeroPlusTick,818346e4-ad96-e519-2e88-b2efc24b9d7e,556243,273
3057885,2019-01-06T15:01:15.436Z,19010615,XBTUSD,Buy,1000,3819.5,ZeroPlusTick,44b3c832-e4de-43d0-7c30-2038f84b9b7a,557243,274
3057897,2019-01-06T15:01:15.436Z,19010615,XBTUSD,Buy,2058,3819.5,ZeroPlusTick,78be7625-2a7f-f2e2-706d-634aedf5a0b2,559301,275
3057908,2019-01-06T15:01:15.436Z,19010615,XBTUSD,Buy,129,3820,ZeroPlusTick,12ad0c85-4139-a26c-d9d9-7ff989795e02,559430,276
3057917,2019-01-06T15:01:15.436Z,19010615,XBTUSD,Buy,10,3820,ZeroPlusTick,202b7f61-105f-25fd-d820-2cdb9c6dd833,559440,277
3057945,2019-01-06T15:01:19.582Z,19010615,XBTUSD,Buy,300,3820,ZeroPlusTick,dbae6e53-37b9-6328-361b-ab6fbf77eb13,559740,278
3057975,2019-01-06T15:01:21.777Z,19010615,XBTUSD,Buy,20,3820,ZeroPlusTick,bdd0c1b7-9424-6a7e-951f-22e19ca641be,559760,279
3057976,2019-01-06T15:01:21.790Z,19010615,XBTUSD,Buy,98,3820,ZeroPlusTick,f4e8d0d7-2d85-0195-0b2c-262704eaa4c2,559858,280
3057986,2019-01-06T15:01:21.827Z,19010615,XBTUSD,Buy,788,3820,ZeroPlusTick,dfdaddfc-b8a0-ae4a-9dc5-021034dbf3da,560646,281
3057996,2019-01-06T15:01:21.854Z,19010615,XBTUSD,Buy,86,3820,ZeroPlusTick,58575608-1174-bc33-4d03-d0fcf1357ece,560732,282
3057999,2019-01-06T15:01:21.870Z,19010615,XBTUSD,Buy,168,3820,ZeroPlusTick,f9b11556-62b7-959d-814b-aca2ae1070d1,560900,283
3058009,2019-01-06T15:01:21.947Z,19010615,XBTUSD,Buy,88,3820,ZeroPlusTick,5954976b-36db-0c68-0a5c-9da955bb161c,560988,284
3058035,2019-01-06T15:01:23.247Z,19010615,XBTUSD,Buy,113,3820,ZeroPlusTick,73192249-37a8-189b-2da2-1946432abe27,561101,285
3058036,2019-01-06T15:01:23.270Z,19010615,XBTUSD,Buy,2400,3820,ZeroPlusTick,694de247-e3fb-05a3-32de-99d5ce60b607,563501,286
3058043,2019-01-06T15:01:23.858Z,19010615,XBTUSD,Buy,6730,3820,ZeroPlusTick,c92537b8-f3fe-34e1-5028-3e0606bf78ee,570231,287
3058209,2019-01-06T15:01:28.001Z,19010615,XBTUSD,Buy,1787,3820.5,ZeroPlusTick,b9390816-54ab-658b-1a92-da082ef30c90,572018,288
3058213,2019-01-06T15:01:28.001Z,19010615,XBTUSD,Buy,191,3820.5,ZeroPlusTick,d6528bfc-a398-87c6-b05b-d4ebecf0f169,572209,289
3058251,2019-01-06T15:01:28.735Z,19010615,XBTUSD,Buy,2059,3820.5,ZeroPlusTick,e35edfaa-63d0-a895-ff4a-4b42ec622fb5,574268,290
3058260,2019-01-06T15:01:28.735Z,19010615,XBTUSD,Buy,11,3821,ZeroPlusTick,da152679-389b-708a-80d7-470ca1823747,574279,291
3058283,2019-01-06T15:01:29.099Z,19010615,XBTUSD,Buy,180,3821,ZeroPlusTick,9e1ab25c-67a2-e525-7ff1-378f4a5eefc2,574459,292
3058294,2019-01-06T15:01:29.099Z,19010615,XBTUSD,Buy,2500,3821,ZeroPlusTick,120f5b05-f2a4-3ba3-c3bb-38263d2c0c89,576959,293
3058305,2019-01-06T15:01:29.099Z,19010615,XBTUSD,Buy,1000,3821,ZeroPlusTick,625c853b-3cbf-19c5-1f44-d40836f8234e,577959,294
3058318,2019-01-06T15:01:29.099Z,19010615,XBTUSD,Buy,100,3821.5,ZeroPlusTick,6e5b5b8d-f9ce-1247-ecdc-1f9698cace2a,578059,295
3058332,2019-01-06T15:01:29.099Z,19010615,XBTUSD,Buy,50,3821.5,ZeroPlusTick,52bbfd38-dd0f-d130-8396-dfb54bdf0024,578109,296
3058344,2019-01-06T15:01:29.099Z,19010615,XBTUSD,Buy,1,3822,PlusTick,9322bb74-1606-2837-5ff4-41615b59c692,578110,297
3057836,2019-01-06T15:01:10.219Z,19010615,XBTUSD,Buy,100,3819.5,PlusTick,9ee16061-0abd-4874-170d-76681c95fe79,578210,298
3057862,2019-01-06T15:01:11.464Z,19010615,XBTUSD,Buy,2058,3819.5,ZeroPlusTick,07759bb9-9daf-7b6f-34ef-26527b287950,580268,299
3057874,2019-01-06T15:01:14.161Z,19010615,XBTUSD,Buy,120,3819.5,ZeroPlusTick,07de9bc5-fe60-ff83-5b00-0f0314199dfb,580388,300
3057887,2019-01-06T15:01:15.436Z,19010615,XBTUSD,Buy,2934,3819.5,ZeroPlusTick,f265f02d-974b-b218-3005-ec5ac3d3ba18,583322,301
3057898,2019-01-06T15:01:15.436Z,19010615,XBTUSD,Buy,50,3819.5,ZeroPlusTick,1ec6966d-eb60-49b7-dac1-c27abe4af6e0,583372,302
3057912,2019-01-06T15:01:15.436Z,19010615,XBTUSD,Buy,80,3820,ZeroPlusTick,540e859b-60b2-ecd3-ef01-8603ae258249,583452,303
3057919,2019-01-06T15:01:15.436Z,19010615,XBTUSD,Buy,134,3820,ZeroPlusTick,640fa1f8-c932-62be-0ad9-72c2129d274c,583586,304
3057924,2019-01-06T15:01:16.066Z,19010615,XBTUSD,Buy,25,3820,ZeroPlusTick,dc2e6340-f4cc-972e-1ed1-4130aac5f174,583611,305
3057935,2019-01-06T15:01:17.713Z,19010615,XBTUSD,Sell,5058,3819.5,ZeroMinusTick,aab5fab0-bb82-2760-552e-d4c378dc31c8,588669,306
3057936,2019-01-06T15:01:17.964Z,19010615,XBTUSD,Buy,147,3820,PlusTick,cc8aad0c-1949-d988-efd3-2738c3a83145,588816,307
3057943,2019-01-06T15:01:19.582Z,19010615,XBTUSD,Buy,2500,3820,ZeroPlusTick,9cd4714a-262f-7363-455a-29a48320ea9c,591316,308
3057983,2019-01-06T15:01:21.805Z,19010615,XBTUSD,Buy,50,3820,ZeroPlusTick,13ef7329-140d-ad38-eacf-57a6b7f8a749,591366,309
3057994,2019-01-06T15:01:21.835Z,19010615,XBTUSD,Buy,564,3820,ZeroPlusTick,dac554cd-ca7c-29af-7771-a45b76211339,591930,310
3058004,2019-01-06T15:01:21.909Z,19010615,XBTUSD,Buy,110,3820,ZeroPlusTick,c17f4dc3-0cbb-638d-d6de-c61b3f5af813,592040,311
3058014,2019-01-06T15:01:21.993Z,19010615,XBTUSD,Buy,763,3820,ZeroPlusTick,8d407915-2dd2-9b5a-ca0d-b065dac44ce8,592803,312
3058025,2019-01-06T15:01:23.168Z,19010615,XBTUSD,Buy,120,3820,ZeroPlusTick,f5b1b5f8-56a2-6be2-c06f-2e9a9698979c,592923,313
3058106,2019-01-06T15:01:26.623Z,19010615,XBTUSD,Buy,50,3820.5,ZeroPlusTick,ce3b5ad4-c70b-9d19-9d28-2f494ca2ba82,592973,314
3058165,2019-01-06T15:01:27.313Z,19010615,XBTUSD,Buy,4930,3820.5,ZeroPlusTick,6ec097d8-7357-aad4-cafa-e75324b3b6d1,597903,315
3058204,2019-01-06T15:01:28.001Z,19010615,XBTUSD,Buy,40,3820.5,ZeroPlusTick,41f6dd1e-29eb-47ff-72f6-87b536705ff4,597943,316
3058215,2019-01-06T15:01:28.001Z,19010615,XBTUSD,Buy,8000,3820.5,ZeroPlusTick,d3f6bc7d-a50e-4256-5bf5-ffc775923fa8,605943,317
3058249,2019-01-06T15:01:28.735Z,19010615,XBTUSD,Buy,2059,3820.5,ZeroPlusTick,748fd6d6-5cac-ed92-262c-650c375f4f38,608002,318
3058259,2019-01-06T15:01:28.735Z,19010615,XBTUSD,Buy,100,3821,PlusTick,2fd46e11-3539-6e8e-d798-f354e69c03d8,608102,319
3058284,2019-01-06T15:01:29.099Z,19010615,XBTUSD,Buy,10,3821,ZeroPlusTick,74f5d0b4-2586-4697-fa4c-b5d1f88e9228,608112,320
3058299,2019-01-06T15:01:29.099Z,19010615,XBTUSD,Buy,220,3821,ZeroPlusTick,63fa2b85-5295-d2ce-655a-403f9306eb65,608332,321
3058311,2019-01-06T15:01:29.099Z,19010615,XBTUSD,Buy,22,3821,ZeroPlusTick,4357876c-0dbe-6c8a-070a-84c3634039bf,608354,322
3058322,2019-01-06T15:01:29.099Z,19010615,XBTUSD,Buy,100,3821.5,ZeroPlusTick,a4870ca4-c952-5b11-11fa-ddaa0ce26f6e,608454,323
3058333,2019-01-06T15:01:29.099Z,19010615,XBTUSD,Buy,4000,3821.5,ZeroPlusTick,c672982a-343f-a70c-c617-86383ca31996,612454,324
3058345,2019-01-06T15:01:29.099Z,19010615,XBTUSD,Buy,2000,3822,ZeroPlusTick,8e1112ca-eb68-2d54-4210-7248713d3e06,614454,325
3058348,2019-01-06T15:01:29.099Z,19010615,XBTUSD,Buy,500,3822,ZeroPlusTick,d67bb895-8b56-7b35-732f-e873b55d5328,614954,326
3058358,2019-01-06T15:01:29.099Z,19010615,XBTUSD,Buy,11,3822,ZeroPlusTick,b7938afb-3f4c-dddb-4236-890b91153847,614965,327
3058387,2019-01-06T15:01:29.099Z,19010615,XBTUSD,Buy,2000,3822,ZeroPlusTick,55d8cf60-560f-d699-4b8a-62afa6bdf965,616965,328
3058399,2019-01-06T15:01:29.099Z,19010615,XBTUSD,Buy,423,3822,ZeroPlusTick,c1d648ea-1420-d3f6-3cb9-b3708f53a774,617388,329
3058405,2019-01-06T15:01:29.099Z,19010615,XBTUSD,Buy,200,3822,ZeroPlusTick,c9341f6b-0a9f-7f7c-9f7d-84bc5ee75ed8,617588,330
3058421,2019-01-06T15:01:30.828Z,19010615,XBTUSD,Buy,60,3822,ZeroPlusTick,0c1953dd-0950-31a6-b17f-f2364b630207,617648,331
3058431,2019-01-06T15:01:30.828Z,19010615,XBTUSD,Buy,2000,3822,ZeroPlusTick,9b1b28e8-693d-8e40-65ee-34dd6d2ebe1e,619648,332
3058436,2019-01-06T15:01:30.828Z,19010615,XBTUSD,Buy,25,3822,ZeroPlusTick,c1988571-70a4-56b3-f42c-4f2e6af191d3,619673,333
3057876,2019-01-06T15:01:14.688Z,19010615,XBTUSD,Sell,4950,3819,MinusTick,9fe55eca-3f74-77f2-c1cc-f6d43de2ac41,624623,334
3057879,2019-01-06T15:01:14.782Z,19010615,XBTUSD,Buy,31,3819.5,ZeroPlusTick,9e0c9e74-033c-99c1-6796-89b9ab3a6696,624654,335
3057891,2019-01-06T15:01:15.436Z,19010615,XBTUSD,Buy,2058,3819.5,ZeroPlusTick,a5756186-5a0c-012a-7098-371664464124,626712,336
3057902,2019-01-06T15:01:15.436Z,19010615,XBTUSD,Buy,100,3819.5,ZeroPlusTick,5fb02c9d-af54-f339-2181-54cd92772498,626812,337
3057911,2019-01-06T15:01:15.436Z,19010615,XBTUSD,Buy,500,3820,ZeroPlusTick,c6e5aff5-8d0d-f6b6-2c09-7df579e97a67,627312,338
3057947,2019-01-06T15:01:19.582Z,19010615,XBTUSD,Buy,10000,3820,ZeroPlusTick,5f133082-3841-b88a-d2b6-e8ae899f688b,637312,339
3057982,2019-01-06T15:01:21.805Z,19010615,XBTUSD,Buy,100,3820,ZeroPlusTick,2d5a657d-00b6-be8a-c4f8-aa0e3c87fef1,637412,340
3057989,2019-01-06T15:01:21.835Z,19010615,XBTUSD,Buy,191,3820,ZeroPlusTick,05b5be30-0127-ec56-08a8-4b8236bdcbd1,637603,341
3058002,2019-01-06T15:01:21.893Z,19010615,XBTUSD,Buy,1430,3820,ZeroPlusTick,fe26bd8f-eee3-6b52-1559-f84e2ad33612,639033,342
3058045,2019-01-06T15:01:23.858Z,19010615,XBTUSD,Buy,300,3820,ZeroPlusTick,48b9285e-4ecb-9859-430f-7574c74e87c6,639333,343
3058166,2019-01-06T15:01:27.330Z,19010615,XBTUSD,Buy,70,3820.5,ZeroPlusTick,d5cc58d6-9560-919f-d224-627b27083515,639403,344
3058207,2019-01-06T15:01:28.001Z,19010615,XBTUSD,Buy,50,3820.5,ZeroPlusTick,68582bac-6c3f-1732-0872-8edcebe37f72,639453,345
3058216,2019-01-06T15:01:28.001Z,19010615,XBTUSD,Buy,152,3820.5,ZeroPlusTick,f305a8e2-2a76-d0d5-c26a-2b321489403c,639605,346
3058252,2019-01-06T15:01:28.735Z,19010615,XBTUSD,Buy,3365,3820.5,ZeroPlusTick,5986ace5-fb6c-c059-56d5-4f51ce4c08fc,642970,347
3058257,2019-01-06T15:01:28.735Z,19010615,XBTUSD,Buy,20,3820.5,ZeroPlusTick,7d134962-e651-d0cf-3a81-c1739e54637f,642990,348
3058288,2019-01-06T15:01:29.099Z,19010615,XBTUSD,Buy,20000,3821,ZeroPlusTick,29ce37fe-efd7-e753-4f0d-26e9fffdea2f,662990,349
3058297,2019-01-06T15:01:29.099Z,19010615,XBTUSD,Buy,100,3821,ZeroPlusTick,15fcd73d-bda5-1697-4cbe-e87a456d623e,663090,350
3058309,2019-01-06T15:01:29.099Z,19010615,XBTUSD,Buy,8000,3821,ZeroPlusTick,dea7932b-cc32-9a97-dbd5-bee663c472d9,671090,351
3058315,2019-01-06T15:01:29.099Z,19010615,XBTUSD,Buy,200,3821.5,ZeroPlusTick,4231becf-98a6-b634-07ad-d673f1298200,671290,352
3058325,2019-01-06T15:01:29.099Z,19010615,XBTUSD,Buy,27,3821.5,ZeroPlusTick,d3ddec38-4e2b-0244-4d19-ee24f501fb2b,671317,353
3058335,2019-01-06T15:01:29.099Z,19010615,XBTUSD,Buy,15,3821.5,ZeroPlusTick,8f1e20e5-1ae5-d06f-84bc-905d2c40239f,671332,354
3058337,2019-01-06T15:01:29.099Z,19010615,XBTUSD,Buy,75,3821.5,ZeroPlusTick,19aa9281-d011-16c7-b89f-1d51643e3305,671407,355
3058347,2019-01-06T15:01:29.099Z,19010615,XBTUSD,Buy,11,3822,ZeroPlusTick,9d0de4e6-e95b-b40d-8d72-13614e738688,671418,356
3058357,2019-01-06T15:01:29.099Z,19010615,XBTUSD,Buy,30,3822,ZeroPlusTick,b4ee31f2-52f2-0900-2f67-509c3e5bd51c,671448,357
3058384,2019-01-06T15:01:29.099Z,19010615,XBTUSD,Buy,1000,3822,ZeroPlusTick,37420f24-affb-8864-df92-1fd0d0246c05,672448,358
3058397,2019-01-06T15:01:29.099Z,19010615,XBTUSD,Buy,6,3822,ZeroPlusTick,3cf9b3b6-3476-f0d8-b46c-7f61b75077e7,672454,359
3058408,2019-01-06T15:01:29.099Z,19010615,XBTUSD,Buy,10,3822,ZeroPlusTick,1d20b3bc-a20c-0585-7247-7fc918832060,672464,360
3058422,2019-01-06T15:01:30.828Z,19010615,XBTUSD,Buy,38000,3822,ZeroPlusTick,82acd11e-e58f-ad37-f1c4-5737d59817c2,710464,361
3058433,2019-01-06T15:01:30.828Z,19010615,XBTUSD,Buy,1000,3822,ZeroPlusTick,a3e7e64f-dd19-275b-afc2-1180cab7644a,711464,362
3058442,2019-01-06T15:01:30.828Z,19010615,XBTUSD,Buy,80,3822,ZeroPlusTick,d788236b-2acd-e516-b5be-5d70e94e0f73,711544,363
3058453,2019-01-06T15:01:30.828Z,19010615,XBTUSD,Buy,171,3822,ZeroPlusTick,8d7e169c-8845-ab90-420d-2fdeb943e2e2,711715,364
3058460,2019-01-06T15:01:30.828Z,19010615,XBTUSD,Buy,122,3822,ZeroPlusTick,0c0700c9-0298-8794-8f0e-c14c70d0f25e,711837,365
3058471,2019-01-06T15:01:30.828Z,19010615,XBTUSD,Buy,157,3822,ZeroPlusTick,b9e27181-ffa1-f3bc-f597-af780ea75d5a,711994,366
3058498,2019-01-06T15:01:31.048Z,19010615,XBTUSD,Buy,220,3822.5,ZeroPlusTick,a38f2eca-dbac-14fc-e30d-40166a9873ae,712214,367
3057938,2019-01-06T15:01:19.222Z,19010615,XBTUSD,Buy,2000,3820,ZeroPlusTick,4c31d5ec-3463-1e75-ca45-e76e5f26d0ae,714214,368
3057940,2019-01-06T15:01:19.582Z,19010615,XBTUSD,Buy,1167,3820,ZeroPlusTick,e1d1a27a-1532-8b97-359e-309d51fc2cce,715381,369
3057950,2019-01-06T15:01:19.582Z,19010615,XBTUSD,Buy,5913,3820,ZeroPlusTick,79fa77c7-9d85-bb30-dbf3-389d223b7517,721294,370
3057962,2019-01-06T15:01:20.979Z,19010615,XBTUSD,Buy,147,3820,ZeroPlusTick,bb6acc65-d88a-0cc6-d090-58342247d067,721441,371
3057981,2019-01-06T15:01:21.805Z,19010615,XBTUSD,Buy,8,3820,ZeroPlusTick,5d64caf3-fcd2-3503-50f2-43aaf2d24a87,721449,372
3057993,2019-01-06T15:01:21.835Z,19010615,XBTUSD,Buy,2000,3820,ZeroPlusTick,2e29541e-ed8b-dfc9-5f93-924d1e2ec262,723449,373
3058000,2019-01-06T15:01:21.878Z,19010615,XBTUSD,Buy,136,3820,ZeroPlusTick,61f7c734-f6e8-3e1f-d154-34ce4ce7f3e4,723585,374
3058010,2019-01-06T15:01:21.955Z,19010615,XBTUSD,Buy,1122,3820,ZeroPlusTick,316de450-639d-5fce-ed5e-98424aa3c244,724707,375
3058026,2019-01-06T15:01:23.168Z,19010615,XBTUSD,Buy,29,3820,ZeroPlusTick,91d1e880-384d-7db7-0fab-fcdae5a3ddf8,724736,376
3058048,2019-01-06T15:01:23.858Z,19010615,XBTUSD,Buy,34,3820,ZeroPlusTick,6f1e2d5e-8ce1-ad05-1bcc-15d96268d0dc,724770,377
3058080,2019-01-06T15:01:25.805Z,19010615,XBTUSD,Sell,31,3820,ZeroPlusTick,1b643ca4-80e3-54ac-7e33-194bdcc9773e,724801,378
3058090,2019-01-06T15:01:26.245Z,19010615,XBTUSD,Buy,11,3820.5,ZeroPlusTick,b3d33181-8e3e-a6c7-859a-f68bbeb88538,724812,379
3058167,2019-01-06T15:01:27.330Z,19010615,XBTUSD,Buy,11,3820.5,ZeroPlusTick,4d4057c8-4d28-a527-b9b7-b083e10a8d19,724823,380
3058206,2019-01-06T15:01:28.001Z,19010615,XBTUSD,Buy,1680,3820.5,ZeroPlusTick,cdc995b9-7339-c37d-5d9d-abadd7aa14b2,726503,381
3058219,2019-01-06T15:01:28.001Z,19010615,XBTUSD,Buy,1413,3820.5,ZeroPlusTick,0a480dc1-ca5b-dfb4-e9fe-5d0c05782dc8,727916,382
3058245,2019-01-06T15:01:28.735Z,19010615,XBTUSD,Buy,2059,3820.5,ZeroPlusTick,afca5c46-6637-49f7-8b6b-a1a4a7ac87a1,729975,383
3058261,2019-01-06T15:01:28.735Z,19010615,XBTUSD,Buy,129,3821,ZeroPlusTick,80137c2c-e13b-0827-ab41-609be25764d0,730104,384
3058267,2019-01-06T15:01:28.735Z,19010615,XBTUSD,Buy,1000,3821,ZeroPlusTick,5f61bead-e886-db64-3eb3-d5ef6d1c4167,731104,385
3058286,2019-01-06T15:01:29.099Z,19010615,XBTUSD,Buy,500,3821,ZeroPlusTick,3d162b75-4edc-2b4c-7b32-bbaff2a4aa6e,731604,386
3058295,2019-01-06T15:01:29.099Z,19010615,XBTUSD,Buy,500,3821,ZeroPlusTick,a2b47b0b-c6ca-c232-7cb3-0cf871368d99,732104,387
3058310,2019-01-06T15:01:29.099Z,19010615,XBTUSD,Buy,191,3821,ZeroPlusTick,acabebd1-b0e3-0cc4-2676-569f698edd28,732295,388
3058317,2019-01-06T15:01:29.099Z,19010615,XBTUSD,Buy,25,3821.5,ZeroPlusTick,3133b7e9-6399-900e-ff0e-e77cd193f632,732320,389
3058330,2019-01-06T15:01:29.099Z,19010615,XBTUSD,Buy,300,3821.5,ZeroPlusTick,9b1ab8c0-cac2-5601-6e22-fd58e00b86d0,732620,390
3058341,2019-01-06T15:01:29.099Z,19010615,XBTUSD,Buy,10000,3821.5,ZeroPlusTick,1a4e6c29-5fa5-1e30-23bd-acb35bdab08c,742620,391
3058349,2019-01-06T15:01:29.099Z,19010615,XBTUSD,Buy,40,3822,ZeroPlusTick,98d36d7b-3cc9-7406-dd84-342b552af8fb,742660,392
3057952,2019-01-06T15:01:19.668Z,19010615,XBTUSD,Sell,50,3819.5,MinusTick,a95d9219-c881-4aa9-3958-c61d754bb5f5,742710,393
3057964,2019-01-06T15:01:21.256Z,19010615,XBTUSD,Buy,12765,3820,ZeroPlusTick,c32d147c-10b4-e130-91b1-47e2c454b1da,755475,394
3057979,2019-01-06T15:01:21.805Z,19010615,XBTUSD,Buy,100,3820,ZeroPlusTick,f736b4d2-c5ed-29b2-a83a-ac99ce850c2c,755575,395
3057987,2019-01-06T15:01:21.835Z,19010615,XBTUSD,Buy,7099,3820,ZeroPlusTick,6b2818e2-a8ee-2b8b-998f-2dc45cf7f614,762674,396
3057997,2019-01-06T15:01:21.854Z,19010615,XBTUSD,Buy,880,3820,ZeroPlusTick,38c24a20-5010-d652-582e-fd6bfb8f7fc9,763554,397
3058007,2019-01-06T15:01:21.932Z,19010615,XBTUSD,Buy,5490,3820,ZeroPlusTick,c86c5724-d1e8-c919-3005-f1b7f2fe6410,769044,398
3058030,2019-01-06T15:01:23.168Z,19010615,XBTUSD,Buy,4217,3820,ZeroPlusTick,31e12c56-cbe3-5978-49ef-1d9d60fbc804,773261,399
3058047,2019-01-06T15:01:23.858Z,19010615,XBTUSD,Buy,38,3820,ZeroPlusTick,4bf9fe47-ee6d-01c4-d8b2-051db1119e25,773299,400
3058160,2019-01-06T15:01:27.313Z,19010615,XBTUSD,Buy,42,3820.5,ZeroPlusTick,8738a21f-39d7-1337-56e7-a358fc09ec29,773341,401
3058208,2019-01-06T15:01:28.001Z,19010615,XBTUSD,Buy,50,3820.5,ZeroPlusTick,c19a81e2-e960-7fb7-5129-dc32ee29bf03,773391,402
3058218,2019-01-06T15:01:28.001Z,19010615,XBTUSD,Buy,2059,3820.5,ZeroPlusTick,49980df2-87c2-2116-03de-142c5d68b060,775450,403
3058247,2019-01-06T15:01:28.735Z,19010615,XBTUSD,Buy,2059,3820.5,ZeroPlusTick,a74772cf-6c26-fa50-6e9d-8f4bed50559b,777509,404
3058262,2019-01-06T15:01:28.735Z,19010615,XBTUSD,Buy,27,3821,ZeroPlusTick,a954a910-f3c2-df5a-3075-ddbe8bf4e7cb,777536,405
3058289,2019-01-06T15:01:29.099Z,19010615,XBTUSD,Buy,50000,3821,ZeroPlusTick,571d7fca-f33a-1e99-ffe5-881fe0a928c5,827536,406
3058296,2019-01-06T15:01:29.099Z,19010615,XBTUSD,Buy,12,3821,ZeroPlusTick,9c1ac1d6-b407-c7fb-8fa7-c3adcd780283,827548,407
3058312,2019-01-06T15:01:29.099Z,19010615,XBTUSD,Buy,10000,3821.5,PlusTick,b133abec-ff9e-01ae-e277-ea734b6e228d,837548,408
3058321,2019-01-06T15:01:29.099Z,19010615,XBTUSD,Buy,11,3821.5,ZeroPlusTick,9d7330fd-2a22-47f1-e148-f174b255f40e,837559,409
3058328,2019-01-06T15:01:29.099Z,19010615,XBTUSD,Buy,10,3821.5,ZeroPlusTick,61e02204-8ad9-da31-c0f4-bf14bf37760e,837569,410
3058339,2019-01-06T15:01:29.099Z,19010615,XBTUSD,Buy,100,3821.5,ZeroPlusTick,a64bf8c4-2b1a-eaa5-3704-161c60629e42,837669,411
3058350,2019-01-06T15:01:29.099Z,19010615,XBTUSD,Buy,11,3822,ZeroPlusTick,0e9d16f1-00f4-28d0-226b-6768a409ab37,837680,412
3058359,2019-01-06T15:01:29.099Z,19010615,XBTUSD,Buy,30,3822,ZeroPlusTick,37727abc-1cc1-3616-1e20-78e66a72bf13,837710,413
3058386,2019-01-06T15:01:29.099Z,19010615,XBTUSD,Buy,300,3822,ZeroPlusTick,dbcd1046-866a-16f6-6a26-8b76621ad459,838010,414
3058396,2019-01-06T15:01:29.099Z,19010615,XBTUSD,Buy,13,3822,ZeroPlusTick,0b61ce16-9b6b-10bd-171d-6d98be7e5b3f,838023,415
3058404,2019-01-06T15:01:29.099Z,19010615,XBTUSD,Buy,8000,3822,ZeroPlusTick,e023e508-8cb5-fbef-9a0d-f7a2fd8dae4e,846023,416
3058414,2019-01-06T15:01:29.099Z,19010615,XBTUSD,Buy,30,3822,ZeroPlusTick,bb8e0028-2ffc-2ecc-e3cf-6eb5334e4bbd,846053,417
3058425,2019-01-06T15:01:30.828Z,19010615,XBTUSD,Buy,10000,3822,ZeroPlusTick,75d3f2a6-4d13-dbc2-2450-ff798de882e7,856053,418
3058440,2019-01-06T15:01:30.828Z,19010615,XBTUSD,Buy,4,3822,ZeroPlusTick,a8a10f8d-0ab1-e750-863b-516e806edcfc,856057,419
3058451,2019-01-06T15:01:30.828Z,19010615,XBTUSD,Buy,8000,3822,ZeroPlusTick,908716c6-13e4-de08-2b9d-ccf2141eac5a,864057,420
3058464,2019-01-06T15:01:30.828Z,19010615,XBTUSD,Buy,156,3822,ZeroPlusTick,b786d09e-9a23-ec7f-2061-6291c7235b09,864213,421
3058470,2019-01-06T15:01:30.828Z,19010615,XBTUSD,Buy,10222,3822,ZeroPlusTick,18182fce-bc4d-c967-5eb9-c015b9b64c26,874435,422
3058500,2019-01-06T15:01:31.048Z,19010615,XBTUSD,Buy,10,3822.5,ZeroPlusTick,b6b599d8-c5b2-0800-78ed-77fd9936d3e5,874445,423
3058508,2019-01-06T15:01:31.048Z,19010615,XBTUSD,Buy,1200,3822.5,ZeroPlusTick,b1ba5ef7-36fe-b1c5-2668-2331b235e046,875645,424
3058522,2019-01-06T15:01:31.048Z,19010615,XBTUSD,Buy,20000,3822.5,ZeroPlusTick,e71f7542-1251-f496-634a-914f3467a087,895645,425
3058530,2019-01-06T15:01:31.154Z,19010615,XBTUSD,Buy,3000,3822.5,ZeroPlusTick,7d5597c0-2414-3010-bb3a-5410f88196fb,898645,426
3058541,2019-01-06T15:01:31.154Z,19010615,XBTUSD,Buy,20,3822.5,ZeroPlusTick,1d63aed1-cb2c-2806-a99c-b07c1d37a927,898665,427
3058543,2019-01-06T15:01:31.154Z,19010615,XBTUSD,Buy,625,3822.5,ZeroPlusTick,1465caf3-453e-acb3-536f-11fb0a8d53ef,899290,428
3058553,2019-01-06T15:01:31.269Z,19010615,XBTUSD,Buy,156,3822.5,ZeroPlusTick,d6c1d7a4-3f33-a094-ed72-9c5223c6d3f5,899446,429
3058563,2019-01-06T15:01:31.269Z,19010615,XBTUSD,Buy,30,3823,ZeroPlusTick,d0b61f09-363f-9696-16b7-ab283c4c1533,899476,430
3058573,2019-01-06T15:01:31.269Z,19010615,XBTUSD,Buy,50,3823,ZeroPlusTick,5f1b325b-87ba-98f1-b43b-c9ca7b13b9c4,899526,431
3058583,2019-01-06T15:01:31.269Z,19010615,XBTUSD,Buy,500,3823,ZeroPlusTick,840b6dc4-9cea-60f2-e9fb-2dd83faf2e83,900026,432
3057967,2019-01-06T15:01:21.256Z,19010615,XBTUSD,Buy,5035,3820,ZeroPlusTick,7142452d-28b8-bf63-bf8e-e07244082456,905061,433
3057970,2019-01-06T15:01:21.532Z,19010615,XBTUSD,Buy,2000,3820,ZeroPlusTick,46993b85-8139-8439-6968-4c229b669ef1,907061,434
3057977,2019-01-06T15:01:21.797Z,19010615,XBTUSD,Buy,82,3820,ZeroPlusTick,32f4784d-5a18-dc61-327b-ef0e50323bc7,907143,435
3057990,2019-01-06T15:01:21.835Z,19010615,XBTUSD,Buy,13,3820,ZeroPlusTick,0613c285-d8c9-ea72-b928-6e0d4087f1a2,907156,436
3058001,2019-01-06T15:01:21.886Z,19010615,XBTUSD,Buy,4474,3820,ZeroPlusTick,ae6b3790-8244-f919-3312-7b08c1b41ab9,911630,437
3058011,2019-01-06T15:01:21.974Z,19010615,XBTUSD,Buy,4828,3820,ZeroPlusTick,8d01a9e6-bb3a-ad26-dd7c-13af31839c94,916458,438
3058046,2019-01-06T15:01:23.858Z,19010615,XBTUSD,Buy,38,3820,ZeroPlusTick,610c109f-f379-8dad-5691-8fd85e108da4,916496,439
3058091,2019-01-06T15:01:26.245Z,19010615,XBTUSD,Buy,36,3820.5,ZeroPlusTick,d0d9814d-bd23-cb79-e314-fb4fc1a2a742,916532,440
3058163,2019-01-06T15:01:27.313Z,19010615,XBTUSD,Buy,11,3820.5,ZeroPlusTick,e7b11ce3-11c3-fd3c-2ccc-e2d3530b192a,916543,441
3058201,2019-01-06T15:01:28.001Z,19010615,XBTUSD,Buy,13,3820.5,ZeroPlusTick,3c1e0ce9-1220-f677-eef9-5c172e376898,916556,442
3058214,2019-01-06T15:01:28.001Z,19010615,XBTUSD,Buy,8000,3820.5,ZeroPlusTick,eeeae188-8bc0-0cf0-f66d-2282c2d55b07,924556,443
3058241,2019-01-06T15:01:28.671Z,19010615,XBTUSD,Buy,100,3820.5,ZeroPlusTick,b6b58abe-f8b7-41c7-687f-24b507732afc,924656,444
3058242,2019-01-06T15:01:28.687Z,19010615,XBTUSD,Sell,29,3820,MinusTick,75ccf64d-7e0f-4c70-8883-26fbc14eeea1,924685,445
3058243,2019-01-06T15:01:28.735Z,19010615,XBTUSD,Buy,546,3820.5,PlusTick,c4bbbcf5-085e-28e0-12c6-06fb73ebe8d3,925231,446
3058254,2019-01-06T15:01:28.735Z,19010615,XBTUSD,Buy,120,3820.5,ZeroPlusTick,f32fcd80-c7aa-cf2e-5bd5-8feb57bd0e28,925351,447
3058265,2019-01-06T15:01:28.735Z,19010615,XBTUSD,Buy,30,3821,ZeroPlusTick,932b842e-7914-398e-c887-9e7f1f240888,925381,448
3058287,2019-01-06T15:01:29.099Z,19010615,XBTUSD,Buy,700,3821,ZeroPlusTick,7dc5db66-5d12-409e-4e61-45226bc19237,926081,449
3058301,2019-01-06T15:01:29.099Z,19010615,XBTUSD,Buy,50,3821,ZeroPlusTick,cfd07196-e3e1-7399-49e2-08f5daead756,926131,450
3058307,2019-01-06T15:01:29.099Z,19010615,XBTUSD,Buy,30,3821,ZeroPlusTick,d3628c61-1bcc-e4ce-9445-8a524f6e4fef,926161,451
3058320,2019-01-06T15:01:29.099Z,19010615,XBTUSD,Buy,30,3821.5,ZeroPlusTick,efd106df-d21f-0614-4997-45148d45992b,926191,452
3058329,2019-01-06T15:01:29.099Z,19010615,XBTUSD,Buy,13,3821.5,ZeroPlusTick,e9e81a5a-1f8e-d29c-a823-f5a4893bf3d0,926204,453
3058338,2019-01-06T15:01:29.099Z,19010615,XBTUSD,Buy,134,3821.5,ZeroPlusTick,1e03adff-833e-e330-cb5b-554d9b4271a3,926338,454
3058351,2019-01-06T15:01:29.099Z,19010615,XBTUSD,Buy,129,3822,ZeroPlusTick,adf80840-b506-afe2-ddda-e58de7d4cc82,926467,455
3058388,2019-01-06T15:01:29.099Z,19010615,XBTUSD,Buy,22,3822,ZeroPlusTick,ef2f87fa-ec7c-4ee7-ea9e-504c6fc74bcf,926489,456
3058400,2019-01-06T15:01:29.099Z,19010615,XBTUSD,Buy,300,3822,ZeroPlusTick,a0bb412b-b596-5daf-18ca-8b55e4e0efa8,926789,457
3058411,2019-01-06T15:01:29.099Z,19010615,XBTUSD,Buy,5000,3822,ZeroPlusTick,a84d564d-6448-b54a-940c-dd9f227ac90b,931789,458
3058424,2019-01-06T15:01:30.828Z,19010615,XBTUSD,Buy,1000,3822,ZeroPlusTick,e15dbf41-76e2-c8ea-a822-1ef1b302be49,932789,459
3058432,2019-01-06T15:01:30.828Z,19010615,XBTUSD,Buy,8,3822,ZeroPlusTick,8a91b6f8-e043-fd73-f99d-116f7486675f,932797,460
3058444,2019-01-06T15:01:30.828Z,19010615,XBTUSD,Buy,2687,3822,ZeroPlusTick,1e40e5eb-f749-b3b5-ccb8-7cbb109c5b0c,935484,461
3058454,2019-01-06T15:01:30.828Z,19010615,XBTUSD,Buy,50,3822,ZeroPlusTick,74c307ac-d9de-dbfe-7e2f-dd1895886912,935534,462
3058462,2019-01-06T15:01:30.828Z,19010615,XBTUSD,Buy,50,3822,ZeroPlusTick,6049f481-585b-d7f8-a7af-7d4946a7a400,935584,463
3058473,2019-01-06T15:01:30.828Z,19010615,XBTUSD,Buy,7644,3822,ZeroPlusTick,1d748911-7a3c-48c5-0462-6c74dcc995ef,943228,464
3058481,2019-01-06T15:01:30.991Z,19010615,XBTUSD,Buy,512,3822.5,PlusTick,41815eed-bb62-13bb-f01f-b1f01eb620b2,943740,465
3058491,2019-01-06T15:01:31.048Z,19010615,XBTUSD,Buy,3907,3822.5,ZeroPlusTick,792e925e-9db6-ff45-d30b-f05a1896ec73,947647,466
3058497,2019-01-06T15:01:31.048Z,19010615,XBTUSD,Buy,200,3822.5,ZeroPlusTick,d435ea5f-e4cf-68f8-085e-c29899cbb253,947847,467
3058162,2019-01-06T15:01:27.313Z,19010615,XBTUSD,Buy,27,3820.5,ZeroPlusTick,78ca96e8-913f-8bd1-ecba-36a535035a99,947874,468
3058203,2019-01-06T15:01:28.001Z,19010615,XBTUSD,Buy,200,3820.5,ZeroPlusTick,0e2d523a-100e-c70c-60d1-854edcb1c20b,948074,469
3058212,2019-01-06T15:01:28.001Z,19010615,XBTUSD,Buy,75,3820.5,ZeroPlusTick,4a60643f-0c5d-3251-3276-44912eb5b102,948149,470
3058250,2019-01-06T15:01:28.735Z,19010615,XBTUSD,Buy,2059,3820.5,ZeroPlusTick,50d7658f-2643-30c0-039b-93246155b51c,950208,471
3058258,2019-01-06T15:01:28.735Z,19010615,XBTUSD,Buy,24,3820.5,ZeroPlusTick,dec8e730-9d90-9b46-3b56-2941283ca5f1,950232,472
3058268,2019-01-06T15:01:28.735Z,19010615,XBTUSD,Buy,6422,3821,ZeroPlusTick,4be1f370-3ef1-ea3d-4095-b144426686df,956654,473
3058291,2019-01-06T15:01:29.099Z,19010615,XBTUSD,Buy,13,3821,ZeroPlusTick,1bdd9a06-4582-a2ca-4ad0-2b40e776f1f3,956667,474
3058300,2019-01-06T15:01:29.099Z,19010615,XBTUSD,Buy,100,3821,ZeroPlusTick,c4581121-0e57-7759-c120-76b4391add96,956767,475
3058306,2019-01-06T15:01:29.099Z,19010615,XBTUSD,Buy,50,3821,ZeroPlusTick,956756c1-bc60-59d8-33bf-903981cc1b16,956817,476
3058319,2019-01-06T15:01:29.099Z,19010615,XBTUSD,Buy,25,3821.5,ZeroPlusTick,2d1c2dc3-b553-9a75-4dae-434a0d9dd267,956842,477
3058331,2019-01-06T15:01:29.099Z,19010615,XBTUSD,Buy,325,3821.5,ZeroPlusTick,75ff2819-d2d5-0947-c983-e2408a5fc4e4,957167,478
3058342,2019-01-06T15:01:29.099Z,19010615,XBTUSD,Buy,3821,3821.5,ZeroPlusTick,62528a19-99c6-f768-70fc-b70b8bb945f9,960988,479
3058354,2019-01-06T15:01:29.099Z,19010615,XBTUSD,Buy,27,3822,ZeroPlusTick,3bd8f3ff-6dcb-f4b8-739b-75accf3d52f4,961015,480
3058382,2019-01-06T15:01:29.099Z,19010615,XBTUSD,Buy,10,3822,ZeroPlusTick,f71075af-490a-bef1-7931-e769a38e1de8,961025,481
3058392,2019-01-06T15:01:29.099Z,19010615,XBTUSD,Buy,336,3822,ZeroPlusTick,0e5f2281-31bf-761f-6b3f-3e90f3472d1b,961361,482
3058402,2019-01-06T15:01:29.099Z,19010615,XBTUSD,Buy,200,3822,ZeroPlusTick,7df94b31-7936-7bd1-5660-4137d6add4af,961561,483
3058412,2019-01-06T15:01:29.099Z,19010615,XBTUSD,Buy,500,3822,ZeroPlusTick,146e7676-a814-9215-bc82-b53b6c486859,962061,484
3058426,2019-01-06T15:01:30.828Z,19010615,XBTUSD,Buy,100,3822,ZeroPlusTick,12502359-7f31-f3c1-ae47-f36ef807139f,962161,485
3058441,2019-01-06T15:01:30.828Z,19010615,XBTUSD,Buy,7,3822,ZeroPlusTick,599876b4-2910-09f3-a86c-7d24f0e85ed0,962168,486
3058452,2019-01-06T15:01:30.828Z,19010615,XBTUSD,Buy,4000,3822,ZeroPlusTick,6b098279-b33b-7829-869c-c3c6459e5f4d,966168,487
3058461,2019-01-06T15:01:30.828Z,19010615,XBTUSD,Buy,120,3822,ZeroPlusTick,ffc68e3c-ef22-cdeb-587b-3d2918a509bf,966288,488
3058472,2019-01-06T15:01:30.828Z,19010615,XBTUSD,Buy,6279,3822,ZeroPlusTick,1c3239a4-a27e-5a9e-63ec-8defb71328ea,972567,489
3058489,2019-01-06T15:01:31.048Z,19010615,XBTUSD,Buy,750,3822.5,ZeroPlusTick,7b07390a-5d30-cf87-1e8d-ab29a85abf93,973317,490
3058499,2019-01-06T15:01:31.048Z,19010615,XBTUSD,Buy,11,3822.5,ZeroPlusTick,f0a0b849-dc14-e01e-f4d8-76d3fa89d02c,973328,491
3058512,2019-01-06T15:01:31.048Z,19010615,XBTUSD,Buy,170,3822.5,ZeroPlusTick,dfe18483-4ba9-cb80-79a7-734d4f9ad2bc,973498,492
3058524,2019-01-06T15:01:31.109Z,19010615,XBTUSD,Buy,2715,3822.5,ZeroPlusTick,3d109596-20ea-56a2-75ee-374addc222bc,976213,493
3058536,2019-01-06T15:01:31.154Z,19010615,XBTUSD,Buy,303,3822.5,ZeroPlusTick,3a1efeee-9e66-1f42-ad4d-88153fb0157a,976516,494
3058549,2019-01-06T15:01:31.269Z,19010615,XBTUSD,Buy,12307,3822.5,ZeroPlusTick,ac66d4ef-965f-97e7-13ff-387430029cad,988823,495
3058557,2019-01-06T15:01:31.269Z,19010615,XBTUSD,Buy,1271,3822.5,ZeroPlusTick,76ee2194-e5f5-8092-0eb7-0f6ae94bcb42,990094,496
3058568,2019-01-06T15:01:31.269Z,19010615,XBTUSD,Buy,2,3823,ZeroPlusTick,3f6393a9-9a7c-ab46-6227-cb8bd93c20ae,990096,497
3058581,2019-01-06T15:01:31.269Z,19010615,XBTUSD,Buy,300,3823,ZeroPlusTick,c784112e-0107-5bc5-c89a-4f3c6c10bb9b,990396,498
3058595,2019-01-06T15:01:31.514Z,19010615,XBTUSD,Buy,133,3823,ZeroPlusTick,7f17863c-bc55-66aa-3439-fa65cc2fa9d3,990529,499
3058608,2019-01-06T15:01:31.823Z,19010615,XBTUSD,Sell,19,3822.5,MinusTick,54dd7092-cb2a-db7a-3a1e-6ee6e1596ba8,990548,500
3058618,2019-01-06T15:01:31.860Z,19010615,XBTUSD,Buy,20,3823,ZeroPlusTick,26e5743a-7045-7679-f091-5f52124e7b7d,990568,501
3058638,2019-01-06T15:01:32.050Z,19010615,XBTUSD,Buy,162,3823,ZeroPlusTick,a3ce1542-c25a-9a78-61a1-713c3d0d619e,990730,502
3058650,2019-01-06T15:01:32.209Z,19010615,XBTUSD,Buy,382,3823,ZeroPlusTick,4b6904d9-126b-d67e-8b7e-31e0d8aaa5cb,991112,503
3058664,2019-01-06T15:01:32.209Z,19010615,XBTUSD,Buy,26,3823,ZeroPlusTick,2117375a-ee83-9e1c-ba54-b2cf5c7a2660,991138,504
3058164,2019-01-06T15:01:27.313Z,19010615,XBTUSD,Buy,10,3820.5,ZeroPlusTick,0474c7cb-5c5c-5e9c-9d24-81756e781e1a,991148,505
3058194,2019-01-06T15:01:27.751Z,19010615,XBTUSD,Sell,25,3820,MinusTick,e22cdb87-09d6-7618-2365-09b5b9677d5e,991173,506
3058202,2019-01-06T15:01:28.001Z,19010615,XBTUSD,Buy,5000,3820.5,ZeroPlusTick,0517d50f-b89e-56a4-d2ef-34d037890702,996173,507
3058211,2019-01-06T15:01:28.001Z,19010615,XBTUSD,Buy,191,3820.5,ZeroPlusTick,0cc7c606-d8bf-4586-2b3a-1fe62124741e,996364,508
3058246,2019-01-06T15:01:28.735Z,19010615,XBTUSD,Buy,2059,3820.5,ZeroPlusTick,b9bb3d8d-3b6f-2399-ff17-07cf3d584130,998423,509
3058255,2019-01-06T15:01:28.735Z,19010615,XBTUSD,Buy,18,3820.5,ZeroPlusTick,c92f9fd2-d118-cfe9-70f4-b6ccd0098ada,998441,510
3058266,2019-01-06T15:01:28.735Z,19010615,XBTUSD,Buy,30,3821,ZeroPlusTick,fbe84593-5b7a-0984-6d5e-c48aab71df74,998471,511
3058285,2019-01-06T15:01:29.099Z,19010615,XBTUSD,Buy,500,3821,ZeroPlusTick,a4922e3a-84d2-c1d3-8609-fa8ab2d7fd17,998971,512
3058298,2019-01-06T15:01:29.099Z,19010615,XBTUSD,Buy,1000,3821,ZeroPlusTick,d43787fb-4388-8f3d-45f6-8a3dfcf85400,999971,513
3058308,2019-01-06T15:01:29.099Z,19010615,XBTUSD,Buy,10,3821,ZeroPlusTick,cc25f6c5-0cb6-e418-2136-30e55022ba0e,999981,514
3058316,2019-01-06T15:01:29.099Z,19010615,XBTUSD,Buy,5000,3821.5,ZeroPlusTick,d630aa96-65d2-036c-f96a-385299bde675,1004981,515
3058326,2019-01-06T15:01:29.099Z,19010615,XBTUSD,Buy,11,3821.5,ZeroPlusTick,83a1c84e-794b-d7e8-2cd8-9f9c7aaa8f30,1004992,516
3058336,2019-01-06T15:01:29.099Z,19010615,XBTUSD,Buy,69,3821.5,ZeroPlusTick,8749222a-d0f5-b7c1-31c5-d37bd348d1e6,1005061,517
3058346,2019-01-06T15:01:29.099Z,19010615,XBTUSD,Buy,13,3822,ZeroPlusTick,c71d4c98-10c9-b13a-2d3d-82f849a36d2e,1005074,518
3058355,2019-01-06T15:01:29.099Z,19010615,XBTUSD,Buy,30,3822,ZeroPlusTick,6215eab6-9a8b-cc2f-ffc1-dbc10780c9cd,1005104,519
3058360,2019-01-06T15:01:29.099Z,19010615,XBTUSD,Buy,30,3822,ZeroPlusTick,f2c5590b-0c27-a5c2-1eb2-13ac19e897b1,1005134,520
3058385,2019-01-06T15:01:29.099Z,19010615,XBTUSD,Buy,500,3822,ZeroPlusTick,2d15d35a-4ff3-3723-80a8-cb94d3ea204b,1005634,521
3058394,2019-01-06T15:01:29.099Z,19010615,XBTUSD,Buy,504,3822,ZeroPlusTick,4ebe82d8-e3d8-6410-340d-2673d293d5a3,1006138,522
3058407,2019-01-06T15:01:29.099Z,19010615,XBTUSD,Buy,50,3822,ZeroPlusTick,1f9bcade-b117-1337-ebf7-78c4f1c14934,1006188,523
3058427,2019-01-06T15:01:30.828Z,19010615,XBTUSD,Buy,3822,3822,ZeroPlusTick,3061612d-3081-8586-b199-2616cb9078c1,1010010,524
3058439,2019-01-06T15:01:30.828Z,19010615,XBTUSD,Buy,2,3822,ZeroPlusTick,bae1bc87-6589-a9c5-8fcb-e26e6cdc320a,1010012,525
3058449,2019-01-06T15:01:30.828Z,19010615,XBTUSD,Buy,150,3822,ZeroPlusTick,04d2d8c7-45d8-45cf-3ead-0844c65234dc,1010162,526
3058457,2019-01-06T15:01:30.828Z,19010615,XBTUSD,Buy,276,3822,ZeroPlusTick,5e521126-e48f-877f-df65-d85335f7882b,1010438,527
3058465,2019-01-06T15:01:30.828Z,19010615,XBTUSD,Buy,21,3822,ZeroPlusTick,ddb25658-e35c-8da0-104a-a95b839ee202,1010459,528
3058486,2019-01-06T15:01:30.991Z,19010615,XBTUSD,Buy,323,3822.5,ZeroPlusTick,8645e0a8-e95f-09bf-e8c1-f4c9d722d780,1010782,529
3058496,2019-01-06T15:01:31.048Z,19010615,XBTUSD,Buy,129,3822.5,ZeroPlusTick,f1010ec9-1099-d772-8835-997b8a148902,1010911,530
3058509,2019-01-06T15:01:31.048Z,19010615,XBTUSD,Buy,154,3822.5,ZeroPlusTick,3b90982d-2f43-535b-4d00-c33e84387fa1,1011065,531
3058523,2019-01-06T15:01:31.109Z,19010615,XBTUSD,Buy,2000,3822.5,ZeroPlusTick,7d46420d-3274-d093-fc0e-caa7aab63bc5,1013065,532
3058532,2019-01-06T15:01:31.154Z,19010615,XBTUSD,Buy,5000,3822.5,ZeroPlusTick,a5d85aea-870e-32ee-b1af-b4564d513256,1018065,533
3058537,2019-01-06T15:01:31.154Z,19010615,XBTUSD,Buy,20,3822.5,ZeroPlusTick,0563c2ee-f87f-6f52-b2e8-36c6c586a6da,1018085,534
3058544,2019-01-06T15:01:31.154Z,19010615,XBTUSD,Buy,3293,3822.5,ZeroPlusTick,b3edab66-ac60-24d3-097f-ae135d437969,1021378,535
3058559,2019-01-06T15:01:31.269Z,19010615,XBTUSD,Buy,27,3823,PlusTick,3b5c1da5-d61e-a055-3540-c47b0897b133,1021405,536
3058567,2019-01-06T15:01:31.269Z,19010615,XBTUSD,Buy,500,3823,ZeroPlusTick,61443f9d-a210-6c54-6891-00b911e59f10,1021905,537
3058577,2019-01-06T15:01:31.269Z,19010615,XBTUSD,Buy,204,3823,ZeroPlusTick,f6260f15-208b-6740-b344-206626907407,1022109,538
3058617,2019-01-06T15:01:31.860Z,19010615,XBTUSD,Buy,300,3823,ZeroPlusTick,de53538b-81ef-d14f-5835-519b48fd3f71,1022409,539
3058637,2019-01-06T15:01:32.050Z,19010615,XBTUSD,Buy,200,3823,ZeroPlusTick,32ffaff3-ffaa-9be8-c76f-09212787e81f,1022609,540
3058654,2019-01-06T15:01:32.209Z,19010615,XBTUSD,Buy,205,3823,ZeroPlusTick,4dda1c20-6148-510e-4560-568171075974,1022814,541
3058699,2019-01-06T15:01:33.666Z,19010615,XBTUSD,Buy,8,3823,ZeroPlusTick,0368965a-e163-1dfd-e1d8-fe53be67f6e1,1022822,542
3058161,2019-01-06T15:01:27.313Z,19010615,XBTUSD,Buy,27,3820.5,ZeroPlusTick,4a46cc23-de35-5286-ae9c-d34b2b995015,1022849,543
3058205,2019-01-06T15:01:28.001Z,19010615,XBTUSD,Buy,100,3820.5,ZeroPlusTick,90185d11-d22b-fff8-5f24-629ab963a7fe,1022949,544
3058217,2019-01-06T15:01:28.001Z,19010615,XBTUSD,Buy,764,3820.5,ZeroPlusTick,926b8dd2-46af-d1cd-6b07-7e7194c3c8e0,1023713,545
3058248,2019-01-06T15:01:28.735Z,19010615,XBTUSD,Buy,2059,3820.5,ZeroPlusTick,4d437cb0-4a2c-7b7a-9c25-01d0ea748025,1025772,546
3058256,2019-01-06T15:01:28.735Z,19010615,XBTUSD,Buy,1146,3820.5,ZeroPlusTick,233414b6-a2df-7b69-f13c-29dabc2e51c6,1026918,547
3058264,2019-01-06T15:01:28.735Z,19010615,XBTUSD,Buy,500,3821,ZeroPlusTick,fbf20fba-17cb-831f-ec03-b00588f9f766,1027418,548
3058271,2019-01-06T15:01:28.832Z,19010615,XBTUSD,Buy,1,3821,ZeroPlusTick,e20ec565-d973-23da-e68d-c361b15b0844,1027419,549
3058272,2019-01-06T15:01:28.841Z,19010615,XBTUSD,Buy,147,3821,ZeroPlusTick,d3173aa0-7256-c3b1-2b36-5df32ec76b85,1027566,550
3058280,2019-01-06T15:01:29.052Z,19010615,XBTUSD,Buy,500,3821,ZeroPlusTick,5a6363c0-6dec-4701-59cb-a6e2bf22ce56,1028066,551
3058281,2019-01-06T15:01:29.099Z,19010615,XBTUSD,Buy,2930,3821,ZeroPlusTick,c7055390-9858-e5e8-1641-56a73573a685,1030996,552
3058290,2019-01-06T15:01:29.099Z,19010615,XBTUSD,Buy,10000,3821,ZeroPlusTick,2b95316f-188e-509a-7820-8989871c3dd0,1040996,553
3058293,2019-01-06T15:01:29.099Z,19010615,XBTUSD,Buy,14,3821,ZeroPlusTick,19f915f3-66cf-0bd4-4af8-a2b1160c0f73,1041010,554
3058303,2019-01-06T15:01:29.099Z,19010615,XBTUSD,Buy,75,3821,ZeroPlusTick,bd2e00ae-1689-0daf-b6e7-7c7e86529b03,1041085,555
3058313,2019-01-06T15:01:29.099Z,19010615,XBTUSD,Buy,100,3821.5,ZeroPlusTick,5d1a5544-5bc9-7a26-add5-968e5d4b3af1,1041185,556
3058323,2019-01-06T15:01:29.099Z,19010615,XBTUSD,Buy,100,3821.5,ZeroPlusTick,6e30e91b-7674-ddc0-2db6-637a0c5c664f,1041285,557
3058327,2019-01-06T15:01:29.099Z,19010615,XBTUSD,Buy,100,3821.5,ZeroPlusTick,7fdd01b3-8220-cd16-76f1-0f0fcdc104aa,1041385,558
3058340,2019-01-06T15:01:29.099Z,19010615,XBTUSD,Buy,8000,3821.5,ZeroPlusTick,28ffa642-84c7-aadb-54b7-52de0c798bcb,1049385,559
3058352,2019-01-06T15:01:29.099Z,19010615,XBTUSD,Buy,100,3822,ZeroPlusTick,4ceeb7b5-397a-d7c1-4309-b0d7825888e4,1049485,560
3058383,2019-01-06T15:01:29.099Z,19010615,XBTUSD,Buy,22,3822,ZeroPlusTick,5789b36e-4cbf-7a1a-78b5-7cba0abacb4b,1049507,561
3058395,2019-01-06T15:01:29.099Z,19010615,XBTUSD,Buy,345,3822,ZeroPlusTick,5d974f82-dfdd-2406-4279-460e902d2d3e,1049852,562
3058409,2019-01-06T15:01:29.099Z,19010615,XBTUSD,Buy,100,3822,ZeroPlusTick,6d4b08b2-448f-210f-f771-f728894ed8c5,1049952,563
3058420,2019-01-06T15:01:30.674Z,19010615,XBTUSD,Buy,4000,3822,PlusTick,af8dddd8-5b50-7043-5a25-4523325e586d,1053952,564
3058423,2019-01-06T15:01:30.828Z,19010615,XBTUSD,Buy,100,3822,ZeroPlusTick,a736a6aa-2ae8-92cb-2218-25ff641602e9,1054052,565
3058434,2019-01-06T15:01:30.828Z,19010615,XBTUSD,Buy,900,3822,ZeroPlusTick,98e0420b-faf1-09e8-cf37-0a42264dfe38,1054952,566
3058443,2019-01-06T15:01:30.828Z,19010615,XBTUSD,Buy,500,3822,ZeroPlusTick,319389e0-fc7a-1869-2d7f-8119d72d3241,1055452,567
3058450,2019-01-06T15:01:30.828Z,19010615,XBTUSD,Buy,8000,3822,ZeroPlusTick,7531b4b7-4c89-0b15-55bd-2439458ea3bb,1063452,568
3058463,2019-01-06T15:01:30.828Z,19010615,XBTUSD,Buy,88,3822,ZeroPlusTick,1e9ab9ac-518b-3de8-a4d9-73f283012ca4,1063540,569
3058474,2019-01-06T15:01:30.828Z,19010615,XBTUSD,Buy,22915,3822,ZeroPlusTick,ab57c955-e15e-97c6-6444-53944fd111f6,1086455,570
3058490,2019-01-06T15:01:31.048Z,19010615,XBTUSD,Buy,20,3822.5,ZeroPlusTick,7ac60e5f-3394-332e-7378-8ad8a43ea98a,1086475,571
3058501,2019-01-06T15:01:31.048Z,19010615,XBTUSD,Buy,2,3822.5,ZeroPlusTick,09278582-cfb7-32da-6815-22e8fc5207d1,1086477,572
3058507,2019-01-06T15:01:31.048Z,19010615,XBTUSD,Buy,11,3822.5,ZeroPlusTick,ed4b1ea0-4492-affc-1a62-196e4ceccbc6,1086488,573
3058525,2019-01-06T15:01:31.109Z,19010615,XBTUSD,Buy,4833,3822.5,ZeroPlusTick,3191d688-f1cd-979c-3069-1f7790370ca4,1091321,574
3058529,2019-01-06T15:01:31.154Z,19010615,XBTUSD,Buy,200,3822.5,ZeroPlusTick,90ff5e45-e441-a5c1-7135-ce6369abba3c,1091521,575
3058538,2019-01-06T15:01:31.154Z,19010615,XBTUSD,Buy,1000,3822.5,ZeroPlusTick,793be57d-d4d0-44ee-954a-e840eb4590a5,1092521,576
3058556,2019-01-06T15:01:31.269Z,19010615,XBTUSD,Buy,480,3822.5,ZeroPlusTick,853e70f1-12f2-2915-cba2-0346eca32b73,1093001,577
3058569,2019-01-06T15:01:31.269Z,19010615,XBTUSD,Buy,129,3823,ZeroPlusTick,a164fbb9-0689-2cda-8391-f5a492708ff3,1093130,578
3058579,2019-01-06T15:01:31.269Z,19010615,XBTUSD,Buy,1500,3823,ZeroPlusTick,6dbeca6c-c064-1fb1-4d30-1553bc418747,1094630,579
3058590,2019-01-06T15:01:31.421Z,19010615,XBTUSD,Buy,11,3823,ZeroPlusTick,a269c659-937d-9b4d-f38c-37376da056c1,1094641,580
3058610,2019-01-06T15:01:31.860Z,19010615,XBTUSD,Buy,32,3823,ZeroPlusTick,79ba23f9-4967-933a-0770-d5428e08685a,1094673,581
3058621,2019-01-06T15:01:31.860Z,19010615,XBTUSD,Buy,100,3823,ZeroPlusTick,d062da4c-c8e7-7626-a339-c05199d4729d,1094773,582
3058200,2019-01-06T15:01:28.001Z,19010615,XBTUSD,Buy,44,3820.5,PlusTick,5e9e3f5e-4b56-9878-efa4-822b63fc593c,1094817,583
3058210,2019-01-06T15:01:28.001Z,19010615,XBTUSD,Buy,191,3820.5,ZeroPlusTick,80baead9-ca8a-3b52-59ce-2065eef783a8,1095008,584
3058244,2019-01-06T15:01:28.735Z,19010615,XBTUSD,Buy,2059,3820.5,ZeroPlusTick,563cc2f7-8b9f-1b36-02ee-d6ec71184ba2,1097067,585
3058253,2019-01-06T15:01:28.735Z,19010615,XBTUSD,Buy,29,3820.5,ZeroPlusTick,f88e250d-9892-59c2-c486-ebcd83dd0413,1097096,586
3058263,2019-01-06T15:01:28.735Z,19010615,XBTUSD,Buy,11,3821,ZeroPlusTick,9f8d69fd-dafe-1673-0567-f9228fd50da9,1097107,587
3058282,2019-01-06T15:01:29.099Z,19010615,XBTUSD,Buy,80,3821,ZeroPlusTick,70907b8f-a4e2-d754-ebd2-1f0daf699301,1097187,588
3058292,2019-01-06T15:01:29.099Z,19010615,XBTUSD,Buy,100,3821,ZeroPlusTick,658b0bc2-384e-1e50-c9e7-c4294b7a968e,1097287,589
3058302,2019-01-06T15:01:29.099Z,19010615,XBTUSD,Buy,3,3821,ZeroPlusTick,463e6818-61da-a5b3-6ad5-718c1ae9af8f,1097290,590
3058304,2019-01-06T15:01:29.099Z,19010615,XBTUSD,Buy,49,3821,ZeroPlusTick,84adedf1-ea67-3d8c-c8a4-7d5d0a4b61f7,1097339,591
3058314,2019-01-06T15:01:29.099Z,19010615,XBTUSD,Buy,200,3821.5,ZeroPlusTick,c03538e1-b360-0b68-b338-8f5b7fc45838,1097539,592
3058324,2019-01-06T15:01:29.099Z,19010615,XBTUSD,Buy,129,3821.5,ZeroPlusTick,c93de035-185e-aa45-7808-1e51588f9a4c,1097668,593
3058334,2019-01-06T15:01:29.099Z,19010615,XBTUSD,Buy,135,3821.5,ZeroPlusTick,477123c0-05fd-06d3-ac8e-d8593ee3a2d0,1097803,594
3058343,2019-01-06T15:01:29.099Z,19010615,XBTUSD,Buy,191,3821.5,ZeroPlusTick,c542e813-86ee-c536-3640-085263162d44,1097994,595
3058353,2019-01-06T15:01:29.099Z,19010615,XBTUSD,Buy,27,3822,ZeroPlusTick,2b3773b5-bf17-159d-d7b4-f8a3b5535419,1098021,596
3058390,2019-01-06T15:01:29.099Z,19010615,XBTUSD,Buy,938,3822,ZeroPlusTick,4dcddd5a-a16e-4b9a-b3d0-04ac5248ad24,1098959,597
3058393,2019-01-06T15:01:29.099Z,19010615,XBTUSD,Buy,100,3822,ZeroPlusTick,40a15143-990c-a488-1af2-3d7195c7190f,1099059,598
3058406,2019-01-06T15:01:29.099Z,19010615,XBTUSD,Buy,100,3822,ZeroPlusTick,67c5c5f0-740f-4bae-78c2-9434be990633,1099159,599
3058430,2019-01-06T15:01:30.828Z,19010615,XBTUSD,Buy,40,3822,ZeroPlusTick,0443f64f-a016-34af-68e4-6f49b6d65cf1,1099199,600
3058437,2019-01-06T15:01:30.828Z,19010615,XBTUSD,Buy,10,3822,ZeroPlusTick,78799870-ce07-b025-bde5-b4b4347b1673,1099209,601
3058448,2019-01-06T15:01:30.828Z,19010615,XBTUSD,Buy,2480,3822,ZeroPlusTick,eaa4ec90-79c6-a5b9-1b49-6d46f3706e9b,1101689,602
3058458,2019-01-06T15:01:30.828Z,19010615,XBTUSD,Buy,276,3822,ZeroPlusTick,8ada148a-054b-c2fa-960b-75477bb771ac,1101965,603
3058468,2019-01-06T15:01:30.828Z,19010615,XBTUSD,Buy,4000,3822,ZeroPlusTick,bfd8c00e-3afa-922b-a749-3407eaf2e84c,1105965,604
3058483,2019-01-06T15:01:30.991Z,19010615,XBTUSD,Buy,11,3822.5,ZeroPlusTick,5c2133eb-ecda-823f-e9fa-ffb0f05a6a2c,1105976,605
3058492,2019-01-06T15:01:31.048Z,19010615,XBTUSD,Buy,33,3822.5,ZeroPlusTick,bf7a187f-e9be-3ce2-8680-4dd24f023311,1106009,606
3058502,2019-01-06T15:01:31.048Z,19010615,XBTUSD,Buy,100,3822.5,ZeroPlusTick,a1dcd12e-1a0f-a339-b910-446ef6d3679a,1106109,607
3058506,2019-01-06T15:01:31.048Z,19010615,XBTUSD,Buy,30,3822.5,ZeroPlusTick,fb00b9ea-82fe-fd80-e414-2dbc272538c7,1106139,608
3058516,2019-01-06T15:01:31.048Z,19010615,XBTUSD,Buy,18,3822.5,ZeroPlusTick,f488e2da-c39e-ef5f-8d14-8044ab259e4e,1106157,609
3058526,2019-01-06T15:01:31.109Z,19010615,XBTUSD,Buy,4867,3822.5,ZeroPlusTick,e4d91e4c-827e-d874-7850-88973f18b1e8,1111024,610
3058531,2019-01-06T15:01:31.154Z,19010615,XBTUSD,Buy,1000,3822.5,ZeroPlusTick,a17dbb99-026c-9ecb-216f-86bafaddd253,1112024,611
3058540,2019-01-06T15:01:31.154Z,19010615,XBTUSD,Buy,14,3822.5,ZeroPlusTick,2c965e46-a50b-36c6-cfea-d7d3e2fdfe42,1112038,612
3058550,2019-01-06T15:01:31.269Z,19010615,XBTUSD,Buy,50,3822.5,ZeroPlusTick,0f158b36-4aaf-f2f0-e808-0612a568614c,1112088,613
3058554,2019-01-06T15:01:31.269Z,19010615,XBTUSD,Buy,310,3822.5,ZeroPlusTick,809c24b2-6b1e-6fdb-6cee-04d51a126c1a,1112398,614
3058564,2019-01-06T15:01:31.269Z,19010615,XBTUSD,Buy,400,3823,ZeroPlusTick,096d8eda-c09d-0ea1-f2e9-076af372b9c7,1112798,615
3058574,2019-01-06T15:01:31.269Z,19010615,XBTUSD,Buy,144,3823,ZeroPlusTick,d6c84532-394c-46dd-f99e-113ebfd8cb81,1112942,616
3058582,2019-01-06T15:01:31.269Z,19010615,XBTUSD,Buy,5000,3823,ZeroPlusTick,43d4b831-72ab-513c-ecf9-4569d6d0531f,1117942,617
3058609,2019-01-06T15:01:31.860Z,19010615,XBTUSD,Buy,2145,3823,PlusTick,5c65bd96-78d6-e82f-56f1-307bc729b6a1,1120087,618
3058619,2019-01-06T15:01:31.860Z,19010615,XBTUSD,Buy,150,3823,ZeroPlusTick,b579ead5-019c-c2a3-bd27-3dc3e94365c0,1120237,619
3058641,2019-01-06T15:01:32.050Z,19010615,XBTUSD,Buy,375,3823,ZeroPlusTick,497c944c-c1fa-e618-7244-89c17fd43c7f,1120612,620
3058648,2019-01-06T15:01:32.141Z,19010615,XBTUSD,Sell,50,3822.5,MinusTick,a7a4fd50-a73b-baee-697b-f9b73257cb0b,1120662,621
3058658,2019-01-06T15:01:32.209Z,19010615,XBTUSD,Buy,10,3823,ZeroPlusTick,7bb39768-b9df-1b3d-1bb1-137be2f7434d,1120672,622
3058667,2019-01-06T15:01:32.392Z,19010615,XBTUSD,Buy,1000,3823,ZeroPlusTick,c0cebfd1-a247-ad85-69e7-469a7c1a1ef2,1121672,623
3058738,2019-01-06T15:01:35.118Z,19010615,XBTUSD,Buy,147,3823,ZeroPlusTick,2cadd00e-4f4a-7188-4002-b48e6948cb14,1121819,624
3058744,2019-01-06T15:01:35.183Z,19010615,XBTUSD,Buy,500,3823,ZeroPlusTick,6f1defe9-65a5-1da1-a555-dbe8fd0eb50c,1122319,625
3058356,2019-01-06T15:01:29.099Z,19010615,XBTUSD,Buy,100,3822,ZeroPlusTick,7821cbe4-aa68-587b-513a-28980f7cfc2d,1122419,626
3058389,2019-01-06T15:01:29.099Z,19010615,XBTUSD,Buy,938,3822,ZeroPlusTick,f23efebb-7deb-de0f-59d6-1acc7d929d5f,1123357,627
3058398,2019-01-06T15:01:29.099Z,19010615,XBTUSD,Buy,3,3822,ZeroPlusTick,90691208-f373-30b1-eeca-3db1389ef865,1123360,628
3058403,2019-01-06T15:01:29.099Z,19010615,XBTUSD,Buy,500,3822,ZeroPlusTick,cc904c81-bf2e-8ef4-75fd-2d77663f69bb,1123860,629
3058413,2019-01-06T15:01:29.099Z,19010615,XBTUSD,Buy,500,3822,ZeroPlusTick,099b1b3a-4afe-db6f-b4dd-9a3117c64337,1124360,630
3058428,2019-01-06T15:01:30.828Z,19010615,XBTUSD,Buy,50,3822,ZeroPlusTick,a6ebb6e6-a42f-c86d-f9fb-2d09e5e06351,1124410,631
3058435,2019-01-06T15:01:30.828Z,19010615,XBTUSD,Buy,450,3822,ZeroPlusTick,348f6f65-700d-ad2a-55fa-2d0a407c8894,1124860,632
3058446,2019-01-06T15:01:30.828Z,19010615,XBTUSD,Buy,500,3822,ZeroPlusTick,7c074f46-057d-5c64-9e71-6511b6d70a2b,1125360,633
3058456,2019-01-06T15:01:30.828Z,19010615,XBTUSD,Buy,625,3822,ZeroPlusTick,665f0466-cbd3-5390-a3cb-971b1b6f5992,1125985,634
3058469,2019-01-06T15:01:30.828Z,19010615,XBTUSD,Buy,26,3822,ZeroPlusTick,5af9380f-d7ca-5ae9-ac71-7f5e76c5b9b5,1126011,635
3058485,2019-01-06T15:01:30.991Z,19010615,XBTUSD,Buy,27,3822.5,ZeroPlusTick,01759206-87ef-2c09-52e4-c186690755da,1126038,636
3058494,2019-01-06T15:01:31.048Z,19010615,XBTUSD,Buy,100,3822.5,ZeroPlusTick,704ce83f-7ba3-31f4-6ecd-25dc4673eca4,1126138,637
3058504,2019-01-06T15:01:31.048Z,19010615,XBTUSD,Buy,30,3822.5,ZeroPlusTick,c2a40abd-15c3-ee3f-d0e1-418394a6b989,1126168,638
3058514,2019-01-06T15:01:31.048Z,19010615,XBTUSD,Buy,17,3822.5,ZeroPlusTick,1d1e9283-c498-197a-855d-796e85c181a4,1126185,639
3058518,2019-01-06T15:01:31.048Z,19010615,XBTUSD,Buy,13,3822.5,ZeroPlusTick,2f30679b-def8-16ef-9b86-afc7cab6a5dd,1126198,640
3058533,2019-01-06T15:01:31.154Z,19010615,XBTUSD,Buy,100,3822.5,ZeroPlusTick,51a66bab-a435-82af-eec8-047d1beda5e9,1126298,641
3058542,2019-01-06T15:01:31.154Z,19010615,XBTUSD,Buy,625,3822.5,ZeroPlusTick,1752a79a-5300-de74-7ce2-4b26d6aeb026,1126923,642
3058552,2019-01-06T15:01:31.269Z,19010615,XBTUSD,Buy,1000,3822.5,ZeroPlusTick,817aa2b0-fc97-71e0-6588-fc014e67f80e,1127923,643
3058555,2019-01-06T15:01:31.269Z,19010615,XBTUSD,Buy,1500,3822.5,ZeroPlusTick,9c05760e-b96d-4e5d-5ae1-262d42263819,1129423,644
3058571,2019-01-06T15:01:31.269Z,19010615,XBTUSD,Buy,100,3823,ZeroPlusTick,06e61d31-fcae-4ed2-edd5-b23d1fd8a4e4,1129523,645
3058580,2019-01-06T15:01:31.269Z,19010615,XBTUSD,Buy,40,3823,ZeroPlusTick,04003d75-4e2b-5e8e-61dc-b08634707f8e,1129563,646
3058591,2019-01-06T15:01:31.421Z,19010615,XBTUSD,Buy,11,3823,ZeroPlusTick,c6166bcb-f06d-f20b-4101-027982488fc8,1129574,647
3058611,2019-01-06T15:01:31.860Z,19010615,XBTUSD,Buy,46,3823,ZeroPlusTick,259f5bba-e9db-52d2-859a-c1ccf6e3cd01,1129620,648
3058623,2019-01-06T15:01:31.860Z,19010615,XBTUSD,Buy,1298,3823,ZeroPlusTick,29d2beba-7126-5992-0923-d87f5f732642,1130918,649
3058646,2019-01-06T15:01:32.050Z,19010615,XBTUSD,Buy,200,3823,ZeroPlusTick,fc4d09b0-0255-5c65-0b32-09b6c9bcdef2,1131118,650
3058655,2019-01-06T15:01:32.209Z,19010615,XBTUSD,Buy,1000,3823,ZeroPlusTick,c1537611-5bf4-08cb-7055-21d01d961060,1132118,651
3058665,2019-01-06T15:01:32.209Z,19010615,XBTUSD,Buy,425,3823,ZeroPlusTick,057cbf44-2b41-94d8-8041-7b3be6899f0f,1132543,652
3058697,2019-01-06T15:01:33.666Z,19010615,XBTUSD,Buy,5000,3823,ZeroPlusTick,1e51d549-8db6-8459-57b0-ca2053175945,1137543,653
3058779,2019-01-06T15:01:37.327Z,19010615,XBTUSD,Buy,1000,3823,ZeroPlusTick,23bedea0-1843-1241-b9bb-212b3d523e65,1138543,654
3058883,2019-01-06T15:01:41.474Z,19010615,XBTUSD,Sell,5000,3822.5,ZeroMinusTick,29ab0bd2-c0d6-4d6c-02cb-11329b371156,1143543,655
3058912,2019-01-06T15:01:42.531Z,19010615,XBTUSD,Sell,220,3822.5,MinusTick,dee235e8-e59f-bd77-dfd3-82ef9a5bdd9f,1143763,656
3058920,2019-01-06T15:01:43.462Z,19010615,XBTUSD,Buy,143,3823,ZeroPlusTick,c4fde532-2c19-77c6-732b-8473da0c1811,1143906,657
3058930,2019-01-06T15:01:43.670Z,19010615,XBTUSD,Buy,4000,3823,PlusTick,a14a23c9-3f94-cc73-2fa2-22b067b1449f,1147906,658
3058381,2019-01-06T15:01:29.099Z,19010615,XBTUSD,Buy,11440,3822,ZeroPlusTick,8632a2bf-0d95-613c-f02f-e3bff0c32a86,1159346,659
3058391,2019-01-06T15:01:29.099Z,19010615,XBTUSD,Buy,85,3822,ZeroPlusTick,5bffd3c6-32c2-df4b-c2a1-9ffef6cd030a,1159431,660
3058401,2019-01-06T15:01:29.099Z,19010615,XBTUSD,Buy,20000,3822,ZeroPlusTick,55f11f7d-4ed8-e624-a82e-ebc8e9bf33ad,1179431,661
3058410,2019-01-06T15:01:29.099Z,19010615,XBTUSD,Buy,100,3822,ZeroPlusTick,147a9f3f-cbbf-dd8e-f792-880cddab5ff4,1179531,662
3058415,2019-01-06T15:01:29.974Z,19010615,XBTUSD,Sell,21,3821.5,MinusTick,754a1f1f-ee51-c05e-d3c2-4eee70aa70d3,1179552,663
3058429,2019-01-06T15:01:30.828Z,19010615,XBTUSD,Buy,150,3822,ZeroPlusTick,c42ac816-0533-f105-4f5b-b30cb330c5e8,1179702,664
3058438,2019-01-06T15:01:30.828Z,19010615,XBTUSD,Buy,155,3822,ZeroPlusTick,59f7f5f9-a6c3-6896-cfcb-a8bd6c80c09e,1179857,665
3058445,2019-01-06T15:01:30.828Z,19010615,XBTUSD,Buy,14,3822,ZeroPlusTick,c15716ab-2d5d-fe92-2a84-b08ab7e21b35,1179871,666
3058459,2019-01-06T15:01:30.828Z,19010615,XBTUSD,Buy,276,3822,ZeroPlusTick,9efba872-c407-2ee8-5c4a-8b5be266fc3e,1180147,667
3058467,2019-01-06T15:01:30.828Z,19010615,XBTUSD,Buy,8000,3822,ZeroPlusTick,3bbfe6a9-8a1f-6754-a6cb-16ee8910a236,1188147,668
3058475,2019-01-06T15:01:30.828Z,19010615,XBTUSD,Buy,3,3822,ZeroPlusTick,7815a4d0-fdbe-125e-f5e2-142b041f4520,1188150,669
3058484,2019-01-06T15:01:30.991Z,19010615,XBTUSD,Buy,27,3822.5,ZeroPlusTick,ea4f523b-1a0e-b08d-139a-a63ecf5b0362,1188177,670
3058493,2019-01-06T15:01:31.048Z,19010615,XBTUSD,Buy,50,3822.5,ZeroPlusTick,fd758d34-b20d-89e7-0814-d5244376f96d,1188227,671
3058505,2019-01-06T15:01:31.048Z,19010615,XBTUSD,Buy,30,3822.5,ZeroPlusTick,45c4ebd6-5061-13a4-e87e-07753a336d4c,1188257,672
3058513,2019-01-06T15:01:31.048Z,19010615,XBTUSD,Buy,30,3822.5,ZeroPlusTick,80bb7501-1bd5-dadf-ef2d-3c7138efe2af,1188287,673
3058520,2019-01-06T15:01:31.048Z,19010615,XBTUSD,Buy,140,3822.5,ZeroPlusTick,2f8d5bd6-7112-35aa-17d0-a8184056ecfc,1188427,674
3058558,2019-01-06T15:01:31.269Z,19010615,XBTUSD,Buy,625,3822.5,ZeroPlusTick,17a117d1-09b6-1cd8-0e85-6ed95f9a0688,1189052,675
3058565,2019-01-06T15:01:31.269Z,19010615,XBTUSD,Buy,30,3823,ZeroPlusTick,319eb036-e2f4-dade-127e-4326e29431df,1189082,676
3058575,2019-01-06T15:01:31.269Z,19010615,XBTUSD,Buy,100,3823,ZeroPlusTick,5921468f-58fd-ed6c-a844-074e15aa512e,1189182,677
3058585,2019-01-06T15:01:31.269Z,19010615,XBTUSD,Buy,734,3823,ZeroPlusTick,8cb68c14-c06c-055c-23ae-a499ce1a2c78,1189916,678
3058592,2019-01-06T15:01:31.421Z,19010615,XBTUSD,Buy,3576,3823,ZeroPlusTick,f834e9f6-6a71-b3c6-ac7b-b3bae6cc81b3,1193492,679
3058605,2019-01-06T15:01:31.779Z,19010615,XBTUSD,Buy,147,3823,ZeroPlusTick,73202167-6dc1-5f0d-f948-2426f0184fec,1193639,680
3058615,2019-01-06T15:01:31.860Z,19010615,XBTUSD,Buy,33,3823,ZeroPlusTick,ea0e0a39-60da-4378-1882-a8237a73bf63,1193672,681
3058642,2019-01-06T15:01:32.050Z,19010615,XBTUSD,Buy,3968,3823,ZeroPlusTick,7c34c85c-1d89-ced5-7ad5-d4c5c8378fdc,1197640,682
3058656,2019-01-06T15:01:32.209Z,19010615,XBTUSD,Buy,991,3823,ZeroPlusTick,87eef8db-6a9d-e8ee-a36e-3df92c50c910,1198631,683
3058660,2019-01-06T15:01:32.209Z,19010615,XBTUSD,Buy,13,3823,ZeroPlusTick,ee17947d-ff96-292c-42f0-a873184ad108,1198644,684
3058698,2019-01-06T15:01:33.666Z,19010615,XBTUSD,Buy,61,3823,ZeroPlusTick,5f2c0094-18de-1edb-af03-ca12b03d75d0,1198705,685
3058725,2019-01-06T15:01:34.230Z,19010615,XBTUSD,Sell,1,3822.5,ZeroMinusTick,e3953532-6c16-8da3-ebb2-278198314145,1198706,686
3058757,2019-01-06T15:01:37.020Z,19010615,XBTUSD,Sell,71,3822.5,MinusTick,8dea7e4a-2ee9-18d7-cbb2-dde27ba1fad5,1198777,687
3058782,2019-01-06T15:01:37.327Z,19010615,XBTUSD,Buy,3847,3823,ZeroPlusTick,e2560af1-2115-b595-2db8-35bfdde13091,1202624,688
3058888,2019-01-06T15:01:41.474Z,19010615,XBTUSD,Sell,10,3822.5,ZeroMinusTick,5be6daff-991a-baca-1565-9d56de5bc148,1202634,689
3058904,2019-01-06T15:01:42.153Z,19010615,XBTUSD,Buy,552,3823,ZeroPlusTick,aa68cc5b-0b34-6a78-2f62-4237fb96ff0d,1203186,690
3058915,2019-01-06T15:01:43.462Z,19010615,XBTUSD,Buy,500,3823,ZeroPlusTick,a866a6d6-8d10-53c5-42d6-20182b057054,1203686,691
3058928,2019-01-06T15:01:43.462Z,19010615,XBTUSD,Buy,2250,3823,ZeroPlusTick,1e9393ba-844f-756a-a819-3ce3570aa92f,1205936,692
3058931,2019-01-06T15:01:44.220Z,19010615,XBTUSD,Sell,152,3822.5,MinusTick,ef5bec51-c43c-03b6-80ae-7185b09805b2,1206088,693
3058447,2019-01-06T15:01:30.828Z,19010615,XBTUSD,Buy,333,3822,ZeroPlusTick,144cea50-7f79-41e8-95c6-4d00eeed99f2,1206421,694
3058455,2019-01-06T15:01:30.828Z,19010615,XBTUSD,Buy,20000,3822,ZeroPlusTick,9b7918ab-f387-3ab7-560f-4d273774f1d5,1226421,695
3058466,2019-01-06T15:01:30.828Z,19010615,XBTUSD,Buy,480,3822,ZeroPlusTick,476f6782-b95b-df6d-605e-06ca31d7707a,1226901,696
3058482,2019-01-06T15:01:30.991Z,19010615,XBTUSD,Buy,100,3822.5,ZeroPlusTick,2526e696-953b-d1a8-0a67-d8227dffd329,1227001,697
3058495,2019-01-06T15:01:31.048Z,19010615,XBTUSD,Buy,12,3822.5,ZeroPlusTick,4c62fbe0-699f-fbd3-cfa1-dca07856d031,1227013,698
3058503,2019-01-06T15:01:31.048Z,19010615,XBTUSD,Buy,1,3822.5,ZeroPlusTick,77857282-6779-dbf7-d83e-6822d8d47928,1227014,699
3058515,2019-01-06T15:01:31.048Z,19010615,XBTUSD,Buy,20,3822.5,ZeroPlusTick,3ff13a47-d6d2-9633-22a9-b4b08860edd6,1227034,700
3058519,2019-01-06T15:01:31.048Z,19010615,XBTUSD,Buy,500,3822.5,ZeroPlusTick,18805129-b4c9-41ff-6e63-f758c65d4cfd,1227534,701
3058535,2019-01-06T15:01:31.154Z,19010615,XBTUSD,Buy,300,3822.5,ZeroPlusTick,fa2865e2-fb4f-b2fb-b1ab-b7db47230a9c,1227834,702
3058561,2019-01-06T15:01:31.269Z,19010615,XBTUSD,Buy,30,3823,ZeroPlusTick,ee01f72d-fbdd-af4d-f700-b56628140f1c,1227864,703
3058572,2019-01-06T15:01:31.269Z,19010615,XBTUSD,Buy,100,3823,ZeroPlusTick,713e112a-aca4-f351-e68e-66641ab910bc,1227964,704
3058576,2019-01-06T15:01:31.269Z,19010615,XBTUSD,Buy,25,3823,ZeroPlusTick,6bf73dbb-26c2-2536-d453-cc6e935f3750,1227989,705
3058596,2019-01-06T15:01:31.623Z,19010615,XBTUSD,Sell,5000,3822,MinusTick,f9f5fe07-5112-1c9f-df22-fe06b8e4ef17,1232989,706
3058613,2019-01-06T15:01:31.860Z,19010615,XBTUSD,Buy,30,3823,ZeroPlusTick,23adce91-34dc-55de-cd37-1c538bbae753,1233019,707
3058620,2019-01-06T15:01:31.860Z,19010615,XBTUSD,Buy,100,3823,ZeroPlusTick,baf98f27-c6f8-2f16-7626-989f348ddb01,1233119,708
3058639,2019-01-06T15:01:32.050Z,19010615,XBTUSD,Buy,405,3823,ZeroPlusTick,63fde1a7-9244-a0c4-389f-53045524f6e4,1233524,709
3058647,2019-01-06T15:01:32.096Z,19010615,XBTUSD,Buy,1500,3823,ZeroPlusTick,c22da72b-307a-6211-915b-d259df64f000,1235024,710
3058653,2019-01-06T15:01:32.209Z,19010615,XBTUSD,Buy,50,3823,ZeroPlusTick,90439451-61ab-f0f4-de26-74a47208bf3d,1235074,711
3058663,2019-01-06T15:01:32.209Z,19010615,XBTUSD,Buy,12,3823,ZeroPlusTick,3214fe1a-ed30-965e-9c1d-c03a30f61b4e,1235086,712
3058693,2019-01-06T15:01:33.666Z,19010615,XBTUSD,Buy,23,3823,ZeroPlusTick,1f798687-1b7e-f53c-b4eb-f01ce202d300,1235109,713
3058727,2019-01-06T15:01:34.241Z,19010615,XBTUSD,Buy,22,3823,PlusTick,4766859a-a395-0d7c-0771-7f88496511b2,1235131,714
3058735,2019-01-06T15:01:35.034Z,19010615,XBTUSD,Buy,1000,3823,ZeroPlusTick,2a06168a-9d92-8507-c1c0-7233942a003e,1236131,715
3058737,2019-01-06T15:01:35.109Z,19010615,XBTUSD,Buy,1,3823,ZeroPlusTick,692a6fe1-460e-1e4f-86a5-79d2cb614290,1236132,716
3058752,2019-01-06T15:01:36.874Z,19010615,XBTUSD,Buy,10780,3823,PlusTick,7a1b9d04-eb10-8c6a-fc92-067665db9004,1246912,717
3058778,2019-01-06T15:01:37.327Z,19010615,XBTUSD,Buy,10003,3823,ZeroPlusTick,f542dbae-7721-760e-9411-09b171ffd9b4,1256915,718
3058889,2019-01-06T15:01:41.474Z,19010615,XBTUSD,Sell,2129,3822.5,ZeroMinusTick,23850598-2b46-1753-01d4-305a95998f2c,1259044,719
3058927,2019-01-06T15:01:43.462Z,19010615,XBTUSD,Buy,8000,3823,ZeroPlusTick,c151fc11-726d-9e84-1476-f34e4f7c7a5c,1267044,720
3058937,2019-01-06T15:01:44.664Z,19010615,XBTUSD,Sell,1847,3822.5,ZeroMinusTick,7edebb50-42ff-78c3-bb0d-c2d98cb2d5de,1268891,721
3058945,2019-01-06T15:01:46.141Z,19010615,XBTUSD,Buy,175,3823,ZeroPlusTick,34a5d3de-411c-bb94-b0c7-65aec28e53ab,1269066,722
3058510,2019-01-06T15:01:31.048Z,19010615,XBTUSD,Buy,100,3822.5,ZeroPlusTick,55c17ed0-15b8-c7be-a979-3ba55f6dd160,1269166,723
3058517,2019-01-06T15:01:31.048Z,19010615,XBTUSD,Buy,10,3822.5,ZeroPlusTick,158d7245-e8de-1bc8-3f3f-3f6ae93ab874,1269176,724
3058527,2019-01-06T15:01:31.109Z,19010615,XBTUSD,Buy,1500,3822.5,ZeroPlusTick,d3a89d81-37b8-b3a4-8ec9-8886f802b00a,1270676,725
3058528,2019-01-06T15:01:31.154Z,19010615,XBTUSD,Buy,1293,3822.5,ZeroPlusTick,09c5bce9-6322-50dd-0e07-a949d21129c3,1271969,726
3058539,2019-01-06T15:01:31.154Z,19010615,XBTUSD,Buy,100,3822.5,ZeroPlusTick,ec2fad0c-f494-5ae0-6951-10acb94f1e11,1272069,727
3058551,2019-01-06T15:01:31.269Z,19010615,XBTUSD,Buy,37,3822.5,ZeroPlusTick,02d4f4ed-5de9-2904-4a95-0c4b3823458a,1272106,728
3058560,2019-01-06T15:01:31.269Z,19010615,XBTUSD,Buy,11,3823,ZeroPlusTick,22746a09-1bc0-a399-558a-2ab953ade4e8,1272117,729
3058570,2019-01-06T15:01:31.269Z,19010615,XBTUSD,Buy,33,3823,ZeroPlusTick,9741b4b2-1be8-3815-73fc-c798af9597a5,1272150,730
3058578,2019-01-06T15:01:31.269Z,19010615,XBTUSD,Buy,2061,3823,ZeroPlusTick,be823088-f7f6-e4df-18db-5661544b92ca,1274211,731
3058589,2019-01-06T15:01:31.421Z,19010615,XBTUSD,Buy,1266,3823,PlusTick,9406a467-fc9a-ec01-8e58-43c4f1aa9030,1275477,732
3058616,2019-01-06T15:01:31.860Z,19010615,XBTUSD,Buy,200,3823,ZeroPlusTick,db95746d-27d6-d85c-58bf-56d25116a5d9,1275677,733
3058633,2019-01-06T15:01:31.973Z,19010615,XBTUSD,Buy,340,3823,ZeroPlusTick,4ef8ec6e-fc0b-c554-f3ea-5fd33ae1c851,1276017,734
3058644,2019-01-06T15:01:32.050Z,19010615,XBTUSD,Buy,1008,3823,ZeroPlusTick,f75d2c20-d529-af07-5f6a-eda82d438a9d,1277025,735
3058652,2019-01-06T15:01:32.209Z,19010615,XBTUSD,Buy,10,3823,ZeroPlusTick,8da2e7b1-2b84-a606-153c-717edda81970,1277035,736
3058659,2019-01-06T15:01:32.209Z,19010615,XBTUSD,Buy,10,3823,ZeroPlusTick,4473e8a5-55e1-bdb7-38c8-1b0a631fb9bc,1277045,737
3058689,2019-01-06T15:01:33.578Z,19010615,XBTUSD,Buy,147,3823,ZeroPlusTick,72f2a9d6-5927-e64e-67e4-6d35fe943766,1277192,738
3058690,2019-01-06T15:01:33.598Z,19010615,XBTUSD,Buy,1,3823,ZeroPlusTick,58d8f5a7-beca-abf7-cb8a-e1231f19ffd2,1277193,739
3058692,2019-01-06T15:01:33.666Z,19010615,XBTUSD,Buy,207,3823,ZeroPlusTick,01367c13-8c32-17cb-9522-6c47729adc7d,1277400,740
3058701,2019-01-06T15:01:33.717Z,19010615,XBTUSD,Buy,30,3823,ZeroPlusTick,c930b3ad-713b-c444-b686-60d633ed2a14,1277430,741
3058702,2019-01-06T15:01:33.780Z,19010615,XBTUSD,Sell,38,3822.5,MinusTick,4be466b0-04f8-e3d4-f3d7-9c640e32137c,1277468,742
3058703,2019-01-06T15:01:33.853Z,19010615,XBTUSD,Buy,1,3823,PlusTick,3775c663-7cec-80c8-f1ee-c87443d222d7,1277469,743
3058732,2019-01-06T15:01:34.418Z,19010615,XBTUSD,Buy,151,3823,ZeroPlusTick,fb0110ff-eb84-71bb-fbcb-3a01f184878a,1277620,744
3058781,2019-01-06T15:01:37.327Z,19010615,XBTUSD,Buy,100,3823,ZeroPlusTick,bdd4c39b-624d-8408-0e35-0216a17da02b,1277720,745
3058867,2019-01-06T15:01:40.976Z,19010615,XBTUSD,Buy,2,3823,ZeroPlusTick,32a41e5c-8721-0eb2-4991-b41b05664501,1277722,746
3058919,2019-01-06T15:01:43.462Z,19010615,XBTUSD,Buy,28,3823,PlusTick,9baa45b5-11dc-6b71-2b9a-241be12bbfa1,1277750,747
3058922,2019-01-06T15:01:43.462Z,19010615,XBTUSD,Buy,12,3823,ZeroPlusTick,b479f0d1-a95c-7b40-3d4c-e018839a4058,1277762,748
3058936,2019-01-06T15:01:44.473Z,19010615,XBTUSD,Sell,152,3822.5,MinusTick,c1391ffa-6c0f-0f09-9d69-3fb44cf3f362,1277914,749
3058947,2019-01-06T15:01:46.141Z,19010615,XBTUSD,Buy,50,3823,ZeroPlusTick,3cc9a169-0750-a023-7523-36d88b283e22,1277964,750
3058958,2019-01-06T15:01:46.567Z,19010615,XBTUSD,Buy,191,3823,ZeroPlusTick,19962a49-b1f5-07e1-8956-24654bc4b43a,1278155,751
3058962,2019-01-06T15:01:46.824Z,19010615,XBTUSD,Buy,6000,3823,ZeroPlusTick,8cab5e13-fcf3-05ec-dd55-f9a8138644e3,1284155,752
3058992,2019-01-06T15:01:47.132Z,19010615,XBTUSD,Buy,5021,3823,ZeroPlusTick,6dc72e47-1331-7e53-b6be-d5465a6a760c,1289176,753
3059004,2019-01-06T15:01:47.837Z,19010615,XBTUSD,Buy,3,3823,ZeroPlusTick,bc212437-9a08-d014-64d5-6ba89c09a04f,1289179,754
3058511,2019-01-06T15:01:31.048Z,19010615,XBTUSD,Buy,1500,3822.5,ZeroPlusTick,1a49eea2-2a12-3bea-343d-1b9e3d5d348d,1290679,755
3058521,2019-01-06T15:01:31.048Z,19010615,XBTUSD,Buy,452,3822.5,ZeroPlusTick,27adb48a-e0dd-80b2-8ec5-be8450cd9fb6,1291131,756
3058534,2019-01-06T15:01:31.154Z,19010615,XBTUSD,Buy,4407,3822.5,ZeroPlusTick,9fb132eb-cf3c-4e1b-79cb-ab9783bc8a74,1295538,757
3058545,2019-01-06T15:01:31.154Z,19010615,XBTUSD,Buy,9400,3822.5,ZeroPlusTick,50198436-09e9-1507-c34f-5ed6f17e8cd0,1304938,758
3058562,2019-01-06T15:01:31.269Z,19010615,XBTUSD,Buy,30,3823,ZeroPlusTick,c43c172c-c99a-4315-8065-5a8183e2e8b9,1304968,759
3058566,2019-01-06T15:01:31.269Z,19010615,XBTUSD,Buy,30,3823,ZeroPlusTick,4075ae30-e44c-4555-747f-c3e45ea114b4,1304998,760
3058584,2019-01-06T15:01:31.269Z,19010615,XBTUSD,Buy,154,3823,ZeroPlusTick,e042d027-2256-509e-fe48-4505085b9b52,1305152,761
3058588,2019-01-06T15:01:31.421Z,19010615,XBTUSD,Buy,191,3822.5,MinusTick,f443a2a4-e60f-f431-8aee-f3197d4bd970,1305343,762
3058603,2019-01-06T15:01:31.740Z,19010615,XBTUSD,Buy,1,3823,PlusTick,7069e3be-d2cd-ed86-95da-e312174538bb,1305344,763
3058612,2019-01-06T15:01:31.860Z,19010615,XBTUSD,Buy,500,3823,ZeroPlusTick,50ab9680-9ca7-8a1e-cd37-236f19ac9556,1305844,764
3058622,2019-01-06T15:01:31.860Z,19010615,XBTUSD,Buy,20000,3823,ZeroPlusTick,a455dfe1-a4d5-476d-c5b2-89413df6d62e,1325844,765
3058645,2019-01-06T15:01:32.050Z,19010615,XBTUSD,Buy,992,3823,ZeroPlusTick,4769e49c-a362-62f2-da81-b2e2374bbca3,1326836,766
3058651,2019-01-06T15:01:32.209Z,19010615,XBTUSD,Buy,382,3823,ZeroPlusTick,419624d5-3ce9-a41e-0474-80494f99c936,1327218,767
3058661,2019-01-06T15:01:32.209Z,19010615,XBTUSD,Buy,11,3823,ZeroPlusTick,7df9f76e-6939-4878-56eb-2014a41efa84,1327229,768
3058694,2019-01-06T15:01:33.666Z,19010615,XBTUSD,Buy,1,3823,ZeroPlusTick,5df3de16-da7b-8541-f792-73bc34992020,1327230,769
3058755,2019-01-06T15:01:36.874Z,19010615,XBTUSD,Buy,8120,3823,ZeroPlusTick,979fac87-c463-45b5-15f1-d575f62f9e8a,1335350,770
3058768,2019-01-06T15:01:37.210Z,19010615,XBTUSD,Buy,1000,3823,PlusTick,d212e758-db7f-21b4-9bdb-afa38d2563f8,1336350,771
3058773,2019-01-06T15:01:37.327Z,19010615,XBTUSD,Buy,13809,3823,ZeroPlusTick,0822a644-58f1-e9e1-d884-4adfc9d5c9b4,1350159,772
3058884,2019-01-06T15:01:41.474Z,19010615,XBTUSD,Sell,5000,3822.5,ZeroMinusTick,32fa37f9-e5ea-1b58-474a-a8dfb4e09b6d,1355159,773
3058890,2019-01-06T15:01:41.639Z,19010615,XBTUSD,Buy,2004,3823,PlusTick,cdd3d767-9b7d-5fb0-9cdc-8a013fbb18a5,1357163,774
3058891,2019-01-06T15:01:41.940Z,19010615,XBTUSD,Buy,500,3823,ZeroPlusTick,d3b89c13-8591-2bdc-530a-b288e81334ad,1357663,775
3058908,2019-01-06T15:01:42.153Z,19010615,XBTUSD,Buy,472,3823,ZeroPlusTick,d2b8e2c6-6556-ec11-53d0-fd89aae3e1f2,1358135,776
3058925,2019-01-06T15:01:43.462Z,19010615,XBTUSD,Buy,108,3823,ZeroPlusTick,7138dd7f-c7b8-7443-b037-b532c0b94ac2,1358243,777
3058939,2019-01-06T15:01:44.664Z,19010615,XBTUSD,Sell,1046,3822.5,ZeroMinusTick,7649e4c6-0771-533d-5d50-3d471baa9daa,1359289,778
3058948,2019-01-06T15:01:46.141Z,19010615,XBTUSD,Buy,70,3823,ZeroPlusTick,2db76565-3297-be79-ef1d-200837decd99,1359359,779
3058957,2019-01-06T15:01:46.567Z,19010615,XBTUSD,Buy,480,3823,ZeroPlusTick,f026ca8b-e7e5-292a-e10c-aca975cb546f,1359839,780
3058990,2019-01-06T15:01:47.132Z,19010615,XBTUSD,Buy,20,3823,PlusTick,c5994b0d-ac1b-b5b3-fcd7-bc8c596e7bde,1359859,781
3059001,2019-01-06T15:01:47.837Z,19010615,XBTUSD,Buy,2005,3823,ZeroPlusTick,8c50838c-a89a-95bb-9f5a-600f2af631b8,1361864,782
3058614,2019-01-06T15:01:31.860Z,19010615,XBTUSD,Buy,46,3823,ZeroPlusTick,c35ca188-2c82-5dc9-3acf-3734e0c126cc,1361910,783
3058643,2019-01-06T15:01:32.050Z,19010615,XBTUSD,Buy,25,3823,ZeroPlusTick,bd424af9-1b99-f2e9-c44c-e1a04dbf4110,1361935,784
3058657,2019-01-06T15:01:32.209Z,19010615,XBTUSD,Buy,10,3823,ZeroPlusTick,23340a7f-f5f2-92c4-e1f8-8b070a8fe6b6,1361945,785
3058666,2019-01-06T15:01:32.209Z,19010615,XBTUSD,Buy,2645,3823,ZeroPlusTick,dd0dc5f9-f0e8-9c4a-ce6e-e1e65a345f6c,1364590,786
3058700,2019-01-06T15:01:33.666Z,19010615,XBTUSD,Buy,2327,3823,ZeroPlusTick,f19a473d-ce6d-9691-eece-173988dc8fac,1366917,787
3058756,2019-01-06T15:01:36.933Z,19010615,XBTUSD,Buy,50,3823,ZeroPlusTick,ed4ee94f-26a5-1c59-8d15-90796c77540e,1366967,788
3058776,2019-01-06T15:01:37.327Z,19010615,XBTUSD,Buy,700,3823,ZeroPlusTick,5b98a827-8ba4-4841-4897-e75cb123922f,1367667,789
3058887,2019-01-06T15:01:41.474Z,19010615,XBTUSD,Sell,5000,3822.5,ZeroMinusTick,01c6dc64-5c4a-fe37-229b-13100cdb6167,1372667,790
3058906,2019-01-06T15:01:42.153Z,19010615,XBTUSD,Buy,1175,3823,ZeroPlusTick,43b7e0b4-19c6-f254-25f0-4a5df85f4513,1373842,791
3058916,2019-01-06T15:01:43.462Z,19010615,XBTUSD,Buy,500,3823,ZeroPlusTick,499a8caf-3b2e-0df0-d0be-5b28b28dbd44,1374342,792
3058924,2019-01-06T15:01:43.462Z,19010615,XBTUSD,Buy,76,3823,ZeroPlusTick,eb9d1536-70c1-a005-5f3e-226dd1ac1ee6,1374418,793
3058949,2019-01-06T15:01:46.141Z,19010615,XBTUSD,Buy,70,3823,ZeroPlusTick,6883aa69-88bd-7c4d-978e-77c33e0d8447,1374488,794
3058959,2019-01-06T15:01:46.567Z,19010615,XBTUSD,Buy,191,3823,ZeroPlusTick,34f1e28c-29ce-cf09-0fe5-60c54fe7e8f9,1374679,795
3059002,2019-01-06T15:01:47.837Z,19010615,XBTUSD,Buy,172,3823,ZeroPlusTick,0382c524-8cb6-b44c-7577-92cab3842661,1374851,796
3059092,2019-01-06T15:01:50.775Z,19010615,XBTUSD,Buy,32,3823,ZeroPlusTick,37cafcdd-936a-3047-7ab7-e9af65cfb95e,1374883,797
3059097,2019-01-06T15:01:50.775Z,19010615,XBTUSD,Buy,322,3823,ZeroPlusTick,391e2bd7-7044-539f-4d0b-6b82dca8c307,1375205,798
3059112,2019-01-06T15:01:50.960Z,19010615,XBTUSD,Buy,450,3823,ZeroPlusTick,a2557e7b-ec2b-3993-4559-0ab8a0cf266f,1375655,799
3059150,2019-01-06T15:01:52.271Z,19010615,XBTUSD,Buy,1000,3823,PlusTick,b00abbe9-a69a-175e-cfba-480b29259c55,1376655,800
3058640,2019-01-06T15:01:32.050Z,19010615,XBTUSD,Buy,90,3823,ZeroPlusTick,4bc4564b-6ae3-6ec7-0943-9dd646a7e4c6,1376745,801
3058649,2019-01-06T15:01:32.209Z,19010615,XBTUSD,Buy,7308,3823,PlusTick,b3ed916d-c13a-70b4-9963-be3ff305b76a,1384053,802
3058662,2019-01-06T15:01:32.209Z,19010615,XBTUSD,Buy,10,3823,ZeroPlusTick,e3abe435-5ad1-87a5-5537-c5f210c22cc0,1384063,803
3058696,2019-01-06T15:01:33.666Z,19010615,XBTUSD,Buy,350,3823,ZeroPlusTick,fba7fb6f-313a-8c79-73c3-97d9eb957f73,1384413,804
3058722,2019-01-06T15:01:34.186Z,19010615,XBTUSD,Sell,87,3822.5,MinusTick,d58e4fc5-1b07-015e-abc1-b68d6349adb4,1384500,805
3058730,2019-01-06T15:01:34.317Z,19010615,XBTUSD,Buy,1,3823,ZeroPlusTick,79312107-05b5-b109-26fd-9f8d97b1ae8b,1384501,806
3058731,2019-01-06T15:01:34.406Z,19010615,XBTUSD,Buy,5040,3823,ZeroPlusTick,561639f9-b793-5356-5239-a1a4327ebb46,1389541,807
