id,timestamp,hour,symbol,bidPrice,bidSize,askPrice,askSize,midPrice,microPrice
10147428,2019-01-06T08:00:02.823Z,19010608,XBTUSD,3788,550733,3788.5,14690,3788.25,3788.5
10147439,2019-01-06T08:00:03.408Z,19010608,XBTUSD,3788,565763,3788.5,14640,3788.25,3788.5
10147452,2019-01-06T08:00:03.702Z,19010608,XBTUSD,3788,569198,3788.5,13929,3788.25,3788.5
10147477,2019-01-06T08:00:04.390Z,19010608,XBTUSD,3788,608600,3788.5,16503,3788.25,3788.5
10147483,2019-01-06T08:00:04.518Z,19010608,XBTUSD,3788,600058,3788.5,14484,3788.25,3788.5
10147441,2019-01-06T08:00:03.480Z,19010608,XBTUSD,3788,566275,3788.5,14829,3788.25,3788.5
10147453,2019-01-06T08:00:03.772Z,19010608,XBTUSD,3788,570998,3788.5,13929,3788.25,3788.5
10147479,2019-01-06T08:00:04.495Z,19010608,XBTUSD,3788,608600,3788.5,14504,3788.25,3788.5
10147484,2019-01-06T08:00:04.521Z,19010608,XBTUSD,3788,601308,3788.5,14484,3788.25,3788.5
10147494,2019-01-06T08:00:04.775Z,19010608,XBTUSD,3788,658924,3788.5,14534,3788.25,3788.5
10147430,2019-01-06T08:00:02.823Z,19010608,XBTUSD,3788,565733,3788.5,14690,3788.25,3788.5
10147443,2019-01-06T08:00:03.499Z,19010608,XBTUSD,3788,566313,3788.5,14329,3788.25,3788.5
10147448,2019-01-06T08:00:03.648Z,19010608,XBTUSD,3788,567962,3788.5,14329,3788.25,3788.5
10147458,2019-01-06T08:00:03.941Z,19010608,XBTUSD,3788,594987,3788.5,13903,3788.25,3788.5
10147472,2019-01-06T08:00:04.261Z,19010608,XBTUSD,3788,619390,3788.5,13903,3788.25,3788.5
10147481,2019-01-06T08:00:04.512Z,19010608,XBTUSD,3788,598600,3788.5,14484,3788.25,3788.5
10147491,2019-01-06T08:00:04.635Z,19010608,XBTUSD,3788,639745,3788.5,14484,3788.25,3788.5
10147440,2019-01-06T08:00:03.411Z,19010608,XBTUSD,3788,565763,3788.5,14829,3788.25,3788.5
10147451,2019-01-06T08:00:03.687Z,19010608,XBTUSD,3788,569212,3788.5,13929,3788.25,3788.5
10147473,2019-01-06T08:00:04.280Z,19010608,XBTUSD,3788,619390,3788.5,15903,3788.25,3788.5
10147488,2019-01-06T08:00:04.536Z,19010608,XBTUSD,3788,607690,3788.5,14484,3788.25,3788.5
10147495,2019-01-06T08:00:04.810Z,19010608,XBTUSD,3788,658952,3788.5,14534,3788.25,3788.5
10147562,2019-01-06T08:00:04.911Z,19010608,XBTUSD,3788,659076,3788.5,14515,3788.25,3788.5
10147569,2019-01-06T08:00:05.508Z,19010608,XBTUSD,3788.5,55421,3789,32400,3788.75,3789
10147577,2019-01-06T08:00:05.616Z,19010608,XBTUSD,3788.5,108437,3789,32400,3788.75,3789
10147587,2019-01-06T08:00:05.997Z,19010608,XBTUSD,3788.5,118537,3789,30885,3788.75,3789
10147623,2019-01-06T08:00:06.682Z,19010608,XBTUSD,3788.5,163832,3789,30885,3788.75,3789
10147635,2019-01-06T08:00:07.315Z,19010608,XBTUSD,3788.5,179828,3789,30885,3788.75,3789
10147650,2019-01-06T08:00:07.474Z,19010608,XBTUSD,3788.5,187546,3789,30885,3788.75,3789
10147653,2019-01-06T08:00:07.597Z,19010608,XBTUSD,3788.5,189629,3789,30885,3788.75,3789
10147663,2019-01-06T08:00:07.633Z,19010608,XBTUSD,3788.5,234442,3789,30885,3788.75,3789
10147673,2019-01-06T08:00:07.675Z,19010608,XBTUSD,3788.5,303416,3789,31885,3788.75,3789
10147427,2019-01-06T08:00:02.823Z,19010608,XBTUSD,3788,540733,3788.5,14690,3788.25,3788.5
10147445,2019-01-06T08:00:03.504Z,19010608,XBTUSD,3788,566437,3788.5,14329,3788.25,3788.5
10147455,2019-01-06T08:00:03.783Z,19010608,XBTUSD,3788,593727,3788.5,13903,3788.25,3788.5
10147459,2019-01-06T08:00:03.948Z,19010608,XBTUSD,3788,596487,3788.5,13903,3788.25,3788.5
10147474,2019-01-06T08:00:04.283Z,19010608,XBTUSD,3788,619390,3788.5,17903,3788.25,3788.5
10147487,2019-01-06T08:00:04.534Z,19010608,XBTUSD,3788,592558,3788.5,14484,3788.25,3788.5
10147496,2019-01-06T08:00:04.818Z,19010608,XBTUSD,3788,658952,3788.5,14514,3788.25,3788.5
10147568,2019-01-06T08:00:05.487Z,19010608,XBTUSD,3788,658835,3789,32400,3788.5,3789
10147578,2019-01-06T08:00:05.672Z,19010608,XBTUSD,3788.5,110437,3789,32400,3788.75,3789
10147588,2019-01-06T08:00:06.013Z,19010608,XBTUSD,3788.5,118637,3789,30885,3788.75,3789
10147627,2019-01-06T08:00:06.866Z,19010608,XBTUSD,3788.5,167928,3789,30885,3788.75,3789
10147636,2019-01-06T08:00:07.329Z,19010608,XBTUSD,3788.5,183362,3789,30885,3788.75,3789
10147649,2019-01-06T08:00:07.456Z,19010608,XBTUSD,3788.5,187462,3789,30885,3788.75,3789
10147656,2019-01-06T08:00:07.607Z,19010608,XBTUSD,3788.5,214779,3789,30885,3788.75,3789
10147668,2019-01-06T08:00:07.653Z,19010608,XBTUSD,3788.5,300251,3789,30885,3788.75,3789
10147680,2019-01-06T08:00:07.765Z,19010608,XBTUSD,3788.5,339567,3789,31885,3788.75,3789
10147689,2019-01-06T08:00:07.914Z,19010608,XBTUSD,3788.5,369846,3789,33887,3788.75,3789
10147705,2019-01-06T08:00:08.168Z,19010608,XBTUSD,3788.5,396919,3789,34180,3788.75,3789
10147708,2019-01-06T08:00:08.208Z,19010608,XBTUSD,3788.5,399556,3789,34180,3788.75,3789
10147438,2019-01-06T08:00:03.360Z,19010608,XBTUSD,3788,565733,3788.5,14640,3788.25,3788.5
10147450,2019-01-06T08:00:03.653Z,19010608,XBTUSD,3788,569212,3788.5,14329,3788.25,3788.5
10147476,2019-01-06T08:00:04.389Z,19010608,XBTUSD,3788,619400,3788.5,15903,3788.25,3788.5
10147486,2019-01-06T08:00:04.530Z,19010608,XBTUSD,3788,602558,3788.5,14484,3788.25,3788.5
10147564,2019-01-06T08:00:05.346Z,19010608,XBTUSD,3788,659038,3788.5,14516,3788.25,3788.5
10147574,2019-01-06T08:00:05.526Z,19010608,XBTUSD,3788.5,104337,3789,32400,3788.75,3789
10147585,2019-01-06T08:00:05.921Z,19010608,XBTUSD,3788.5,116537,3789,32400,3788.75,3789
10147624,2019-01-06T08:00:06.723Z,19010608,XBTUSD,3788.5,163828,3789,30885,3788.75,3789
10147633,2019-01-06T08:00:07.157Z,19010608,XBTUSD,3788.5,175828,3789,30885,3788.75,3789
10147648,2019-01-06T08:00:07.335Z,19010608,XBTUSD,3788.5,183462,3789,30885,3788.75,3789
10147654,2019-01-06T08:00:07.604Z,19010608,XBTUSD,3788.5,191629,3789,30885,3788.75,3789
10147667,2019-01-06T08:00:07.652Z,19010608,XBTUSD,3788.5,286262,3789,30885,3788.75,3789
10147681,2019-01-06T08:00:07.777Z,19010608,XBTUSD,3788.5,339567,3789,31887,3788.75,3789
10147690,2019-01-06T08:00:07.917Z,19010608,XBTUSD,3788.5,369946,3789,33987,3788.75,3789
10147704,2019-01-06T08:00:08.136Z,19010608,XBTUSD,3788.5,396294,3789,34180,3788.75,3789
10147736,2019-01-06T08:00:08.397Z,19010608,XBTUSD,3788.5,510151,3789,34506,3788.75,3789
10147744,2019-01-06T08:00:08.668Z,19010608,XBTUSD,3788.5,603011,3789,34333,3788.75,3789
10147757,2019-01-06T08:00:09.018Z,19010608,XBTUSD,3788.5,647671,3789,33933,3788.75,3789
10147764,2019-01-06T08:00:09.146Z,19010608,XBTUSD,3788.5,725421,3789,33934,3788.75,3789
10147442,2019-01-06T08:00:03.488Z,19010608,XBTUSD,3788,566275,3788.5,14329,3788.25,3788.5
10147449,2019-01-06T08:00:03.652Z,19010608,XBTUSD,3788,568587,3788.5,14329,3788.25,3788.5
10147470,2019-01-06T08:00:04.141Z,19010608,XBTUSD,3788,619216,3788.5,13903,3788.25,3788.5
10147480,2019-01-06T08:00:04.510Z,19010608,XBTUSD,3788,608600,3788.5,14484,3788.25,3788.5
10147490,2019-01-06T08:00:04.566Z,19010608,XBTUSD,3788,640745,3788.5,14484,3788.25,3788.5
10147493,2019-01-06T08:00:04.709Z,19010608,XBTUSD,3788,658913,3788.5,14534,3788.25,3788.5
10147572,2019-01-06T08:00:05.519Z,19010608,XBTUSD,3788.5,94237,3789,32400,3788.75,3789
10147584,2019-01-06T08:00:05.915Z,19010608,XBTUSD,3788.5,116737,3789,32400,3788.75,3789
10147621,2019-01-06T08:00:06.565Z,19010608,XBTUSD,3788.5,162032,3789,30885,3788.75,3789
10147631,2019-01-06T08:00:07.087Z,19010608,XBTUSD,3788.5,174028,3789,30885,3788.75,3789
10147652,2019-01-06T08:00:07.577Z,19010608,XBTUSD,3788.5,189479,3789,30885,3788.75,3789
10147662,2019-01-06T08:00:07.628Z,19010608,XBTUSD,3788.5,215324,3789,30885,3788.75,3789
10147671,2019-01-06T08:00:07.670Z,19010608,XBTUSD,3788.5,301326,3789,31885,3788.75,3789
10147682,2019-01-06T08:00:07.791Z,19010608,XBTUSD,3788.5,350782,3789,31887,3788.75,3789
10147692,2019-01-06T08:00:07.953Z,19010608,XBTUSD,3788.5,370003,3789,33987,3788.75,3789
10147701,2019-01-06T08:00:08.115Z,19010608,XBTUSD,3788.5,395512,3789,34180,3788.75,3789
10147734,2019-01-06T08:00:08.351Z,19010608,XBTUSD,3788.5,508151,3789,34606,3788.75,3789
10147743,2019-01-06T08:00:08.653Z,19010608,XBTUSD,3788.5,603011,3789,34533,3788.75,3789
10147756,2019-01-06T08:00:08.948Z,19010608,XBTUSD,3788.5,647643,3789,33933,3788.75,3789
10147760,2019-01-06T08:00:09.058Z,19010608,XBTUSD,3788.5,712671,3789,33933,3788.75,3789
10147771,2019-01-06T08:00:09.368Z,19010608,XBTUSD,3788.5,729769,3789,16100,3788.75,3789
10147810,2019-01-06T08:00:10.621Z,19010608,XBTUSD,3788.5,769649,3789,17873,3788.75,3789
10147821,2019-01-06T08:00:10.774Z,19010608,XBTUSD,3788.5,771707,3789,18886,3788.75,3789
10147831,2019-01-06T08:00:11.253Z,19010608,XBTUSD,3788.5,663191,3789,19498,3788.75,3789
10147446,2019-01-06T08:00:03.525Z,19010608,XBTUSD,3788,566337,3788.5,14329,3788.25,3788.5
10147456,2019-01-06T08:00:03.889Z,19010608,XBTUSD,3788,593737,3788.5,13903,3788.25,3788.5
10147478,2019-01-06T08:00:04.436Z,19010608,XBTUSD,3788,608600,3788.5,14503,3788.25,3788.5
10147489,2019-01-06T08:00:04.547Z,19010608,XBTUSD,3788,610441,3788.5,14484,3788.25,3788.5
10147575,2019-01-06T08:00:05.531Z,19010608,XBTUSD,3788.5,106337,3789,32400,3788.75,3789
10147586,2019-01-06T08:00:05.956Z,19010608,XBTUSD,3788.5,118537,3789,32400,3788.75,3789
10147617,2019-01-06T08:00:06.379Z,19010608,XBTUSD,3788.5,163545,3789,30885,3788.75,3789
10147628,2019-01-06T08:00:06.947Z,19010608,XBTUSD,3788.5,169928,3789,30885,3788.75,3789
10147647,2019-01-06T08:00:07.386Z,19010608,XBTUSD,3788.5,185462,3789,30885,3788.75,3789
10147658,2019-01-06T08:00:07.615Z,19010608,XBTUSD,3788.5,214959,3789,30885,3788.75,3789
10147669,2019-01-06T08:00:07.657Z,19010608,XBTUSD,3788.5,301251,3789,30885,3788.75,3789
10147679,2019-01-06T08:00:07.711Z,19010608,XBTUSD,3788.5,337567,3789,31885,3788.75,3789
10147693,2019-01-06T08:00:07.982Z,19010608,XBTUSD,3788.5,372003,3789,33987,3788.75,3789
10147702,2019-01-06T08:00:08.123Z,19010608,XBTUSD,3788.5,395670,3789,34180,3788.75,3789
10147711,2019-01-06T08:00:08.240Z,19010608,XBTUSD,3788.5,401657,3789,34180,3788.75,3789
10147738,2019-01-06T08:00:08.509Z,19010608,XBTUSD,3788.5,514151,3789,34506,3788.75,3789
10147748,2019-01-06T08:00:08.729Z,19010608,XBTUSD,3788.5,627013,3789,34333,3788.75,3789
10147758,2019-01-06T08:00:09.033Z,19010608,XBTUSD,3788.5,697671,3789,33933,3788.75,3789
10147766,2019-01-06T08:00:09.196Z,19010608,XBTUSD,3788.5,725421,3789,15935,3788.75,3789
10147774,2019-01-06T08:00:09.707Z,19010608,XBTUSD,3788.5,764779,3789,16101,3788.75,3789
10147815,2019-01-06T08:00:10.624Z,19010608,XBTUSD,3788.5,770274,3789,17873,3788.75,3789
10147825,2019-01-06T08:00:10.852Z,19010608,XBTUSD,3788.5,660732,3789,18906,3788.75,3789
10147835,2019-01-06T08:00:11.468Z,19010608,XBTUSD,3788.5,656491,3789,98498,3788.75,3789
10147874,2019-01-06T08:00:11.970Z,19010608,XBTUSD,3788.5,655728,3789,72498,3788.75,3789
10147877,2019-01-06T08:00:12.365Z,19010608,XBTUSD,3788.5,642728,3789,83353,3788.75,3789
10147925,2019-01-06T08:00:13.504Z,19010608,XBTUSD,3788.5,663096,3789,75098,3788.75,3789
10147932,2019-01-06T08:00:13.939Z,19010608,XBTUSD,3788.5,672198,3789,88998,3788.75,3789
10147958,2019-01-06T08:00:14.623Z,19010608,XBTUSD,3788.5,672257,3789,79349,3788.75,3789
10147429,2019-01-06T08:00:02.823Z,19010608,XBTUSD,3788,560733,3788.5,14690,3788.25,3788.5
10147444,2019-01-06T08:00:03.482Z,19010608,XBTUSD,3788,566275,3788.5,15829,3788.25,3788.5
10147454,2019-01-06T08:00:03.774Z,19010608,XBTUSD,3788,593727,3788.5,13929,3788.25,3788.5
10147475,2019-01-06T08:00:04.297Z,19010608,XBTUSD,3788,619400,3788.5,17903,3788.25,3788.5
10147485,2019-01-06T08:00:04.527Z,19010608,XBTUSD,3788,601933,3788.5,14484,3788.25,3788.5
10147497,2019-01-06T08:00:04.821Z,19010608,XBTUSD,3788,658952,3788.5,14515,3788.25,3788.5
10147563,2019-01-06T08:00:04.996Z,19010608,XBTUSD,3788,659038,3788.5,14515,3788.25,3788.5
10147567,2019-01-06T08:00:05.460Z,19010608,XBTUSD,3788,658835,3788.5,14517,3788.25,3788.5
10147579,2019-01-06T08:00:05.710Z,19010608,XBTUSD,3788.5,110537,3789,32400,3788.75,3789
10147589,2019-01-06T08:00:06.026Z,19010608,XBTUSD,3788.5,120637,3789,30885,3788.75,3789
10147619,2019-01-06T08:00:06.426Z,19010608,XBTUSD,3788.5,165645,3789,30885,3788.75,3789
10147629,2019-01-06T08:00:07.020Z,19010608,XBTUSD,3788.5,171928,3789,30885,3788.75,3789
10147634,2019-01-06T08:00:07.248Z,19010608,XBTUSD,3788.5,177828,3789,30885,3788.75,3789
10147651,2019-01-06T08:00:07.526Z,19010608,XBTUSD,3788.5,189546,3789,30885,3788.75,3789
10147661,2019-01-06T08:00:07.624Z,19010608,XBTUSD,3788.5,215309,3789,30885,3788.75,3789
10147665,2019-01-06T08:00:07.644Z,19010608,XBTUSD,3788.5,279072,3789,30885,3788.75,3789
10147683,2019-01-06T08:00:07.805Z,19010608,XBTUSD,3788.5,350882,3789,31887,3788.75,3789
10147686,2019-01-06T08:00:07.872Z,19010608,XBTUSD,3788.5,362882,3789,33887,3788.75,3789
10147696,2019-01-06T08:00:08.014Z,19010608,XBTUSD,3788.5,389887,3789,33991,3788.75,3789
10147706,2019-01-06T08:00:08.169Z,19010608,XBTUSD,3788.5,397544,3789,34180,3788.75,3789
10147740,2019-01-06T08:00:08.579Z,19010608,XBTUSD,3788.5,514951,3789,34506,3788.75,3789
10147750,2019-01-06T08:00:08.767Z,19010608,XBTUSD,3788.5,637133,3789,33933,3788.75,3789
10147761,2019-01-06T08:00:09.058Z,19010608,XBTUSD,3788.5,722671,3789,33933,3788.75,3789
10147770,2019-01-06T08:00:09.306Z,19010608,XBTUSD,3788.5,729769,3789,16101,3788.75,3789
10147806,2019-01-06T08:00:10.025Z,19010608,XBTUSD,3788.5,768566,3789,17873,3788.75,3789
10147822,2019-01-06T08:00:10.793Z,19010608,XBTUSD,3788.5,771732,3789,18886,3788.75,3789
10147834,2019-01-06T08:00:11.422Z,19010608,XBTUSD,3788.5,656491,3789,99498,3788.75,3789
10147836,2019-01-06T08:00:11.473Z,19010608,XBTUSD,3788.5,656491,3789,96498,3788.75,3789
10147871,2019-01-06T08:00:11.591Z,19010608,XBTUSD,3788.5,655491,3789,67498,3788.75,3789
10147880,2019-01-06T08:00:12.525Z,19010608,XBTUSD,3788.5,665460,3789,83353,3788.75,3789
10147920,2019-01-06T08:00:13.234Z,19010608,XBTUSD,3788.5,657260,3789,83953,3788.75,3789
10147935,2019-01-06T08:00:14.006Z,19010608,XBTUSD,3788.5,662111,3789,87997,3788.75,3789
10147960,2019-01-06T08:00:14.865Z,19010608,XBTUSD,3788.5,653915,3789,79349,3788.75,3789
10147986,2019-01-06T08:00:15.804Z,19010608,XBTUSD,3788.5,646847,3789,79351,3788.75,3789
10147995,2019-01-06T08:00:16.066Z,19010608,XBTUSD,3788.5,657792,3789,68495,3788.75,3789
10148002,2019-01-06T08:00:16.503Z,19010608,XBTUSD,3788.5,667884,3789,68497,3788.75,3789
10148036,2019-01-06T08:00:17.089Z,19010608,XBTUSD,3788.5,666537,3789,74553,3788.75,3789
10148040,2019-01-06T08:00:17.271Z,19010608,XBTUSD,3788.5,664720,3789,74555,3788.75,3789
10148051,2019-01-06T08:00:17.842Z,19010608,XBTUSD,3788.5,629296,3789,73757,3788.75,3789
10148090,2019-01-06T08:00:18.602Z,19010608,XBTUSD,3788.5,632646,3789,73738,3788.75,3789
10148096,2019-01-06T08:00:19.038Z,19010608,XBTUSD,3788.5,628043,3789,73587,3788.75,3789
10147447,2019-01-06T08:00:03.563Z,19010608,XBTUSD,3788,567337,3788.5,14329,3788.25,3788.5
10147457,2019-01-06T08:00:03.938Z,19010608,XBTUSD,3788,594362,3788.5,13903,3788.25,3788.5
10147471,2019-01-06T08:00:04.215Z,19010608,XBTUSD,3788,619306,3788.5,13903,3788.25,3788.5
10147482,2019-01-06T08:00:04.516Z,19010608,XBTUSD,3788,599433,3788.5,14484,3788.25,3788.5
10147492,2019-01-06T08:00:04.673Z,19010608,XBTUSD,3788,658863,3788.5,14484,3788.25,3788.5
10147566,2019-01-06T08:00:05.437Z,19010608,XBTUSD,3788,659099,3788.5,14517,3788.25,3788.5
10147576,2019-01-06T08:00:05.604Z,19010608,XBTUSD,3788.5,108337,3789,32400,3788.75,3789
10147580,2019-01-06T08:00:05.742Z,19010608,XBTUSD,3788.5,112537,3789,32400,3788.75,3789
10147626,2019-01-06T08:00:06.790Z,19010608,XBTUSD,3788.5,165928,3789,30885,3788.75,3789
10147657,2019-01-06T08:00:07.611Z,19010608,XBTUSD,3788.5,214869,3789,30885,3788.75,3789
10147666,2019-01-06T08:00:07.649Z,19010608,XBTUSD,3788.5,285262,3789,30885,3788.75,3789
10147678,2019-01-06T08:00:07.707Z,19010608,XBTUSD,3788.5,337556,3789,31885,3788.75,3789
10147691,2019-01-06T08:00:07.924Z,19010608,XBTUSD,3788.5,370070,3789,33987,3788.75,3789
10147700,2019-01-06T08:00:08.111Z,19010608,XBTUSD,3788.5,394887,3789,34180,3788.75,3789
10147713,2019-01-06T08:00:08.292Z,19010608,XBTUSD,3788.5,494581,3789,34180,3788.75,3789
10147733,2019-01-06T08:00:08.330Z,19010608,XBTUSD,3788.5,505151,3789,34606,3788.75,3789
10147745,2019-01-06T08:00:08.700Z,19010608,XBTUSD,3788.5,623011,3789,34333,3788.75,3789
10147754,2019-01-06T08:00:08.910Z,19010608,XBTUSD,3788.5,641643,3789,33933,3788.75,3789
10147763,2019-01-06T08:00:09.135Z,19010608,XBTUSD,3788.5,727671,3789,33934,3788.75,3789
10147777,2019-01-06T08:00:09.820Z,19010608,XBTUSD,3788.5,766779,3789,17873,3788.75,3789
10147824,2019-01-06T08:00:10.839Z,19010608,XBTUSD,3788.5,660732,3789,18886,3788.75,3789
10147832,2019-01-06T08:00:11.273Z,19010608,XBTUSD,3788.5,663191,3789,99498,3788.75,3789
10147840,2019-01-06T08:00:11.566Z,19010608,XBTUSD,3788.5,655491,3789,45498,3788.75,3789
10147878,2019-01-06T08:00:11.693Z,19010608,XBTUSD,3788.5,655518,3789,72498,3788.75,3789
10147921,2019-01-06T08:00:13.291Z,19010608,XBTUSD,3788.5,657360,3789,83953,3788.75,3789
10147934,2019-01-06T08:00:13.983Z,19010608,XBTUSD,3788.5,662111,3789,88997,3788.75,3789
10147953,2019-01-06T08:00:14.441Z,19010608,XBTUSD,3788.5,662111,3789,79251,3788.75,3789
10147994,2019-01-06T08:00:15.959Z,19010608,XBTUSD,3788.5,657280,3789,68495,3788.75,3789
10148031,2019-01-06T08:00:16.906Z,19010608,XBTUSD,3788.5,666095,3789,63697,3788.75,3789
10148042,2019-01-06T08:00:17.294Z,19010608,XBTUSD,3788.5,625457,3789,74555,3788.75,3789
10148053,2019-01-06T08:00:18.025Z,19010608,XBTUSD,3788.5,628927,3789,73757,3788.75,3789
10148088,2019-01-06T08:00:18.425Z,19010608,XBTUSD,3788.5,632346,3789,73737,3788.75,3789
10148153,2019-01-06T08:00:20.412Z,19010608,XBTUSD,3788.5,603520,3789,73069,3788.75,3789
10148159,2019-01-06T08:00:20.612Z,19010608,XBTUSD,3788.5,604898,3789,73071,3788.75,3789
10148216,2019-01-06T08:00:22.570Z,19010608,XBTUSD,3788.5,585449,3789,56075,3788.75,3789
10148235,2019-01-06T08:00:23.302Z,19010608,XBTUSD,3788.5,578877,3789,60077,3788.75,3789
10148253,2019-01-06T08:00:23.913Z,19010608,XBTUSD,3788.5,597267,3789,12655,3788.75,3789
10148256,2019-01-06T08:00:23.930Z,19010608,XBTUSD,3788.5,599272,3789,16929,3788.75,3789
10147570,2019-01-06T08:00:05.515Z,19010608,XBTUSD,3788.5,65421,3789,32400,3788.75,3789
10147583,2019-01-06T08:00:05.882Z,19010608,XBTUSD,3788.5,116637,3789,32400,3788.75,3789
10147625,2019-01-06T08:00:06.750Z,19010608,XBTUSD,3788.5,163928,3789,30885,3788.75,3789
10147655,2019-01-06T08:00:07.606Z,19010608,XBTUSD,3788.5,214629,3789,30885,3788.75,3789
10147670,2019-01-06T08:00:07.664Z,19010608,XBTUSD,3788.5,301251,3789,31885,3788.75,3789
10147677,2019-01-06T08:00:07.695Z,19010608,XBTUSD,3788.5,337466,3789,31885,3788.75,3789
10147688,2019-01-06T08:00:07.911Z,19010608,XBTUSD,3788.5,366882,3789,33887,3788.75,3789
10147699,2019-01-06T08:00:08.109Z,19010608,XBTUSD,3788.5,393637,3789,34180,3788.75,3789
10147712,2019-01-06T08:00:08.286Z,19010608,XBTUSD,3788.5,403657,3789,34180,3788.75,3789
10147735,2019-01-06T08:00:08.369Z,19010608,XBTUSD,3788.5,510151,3789,34606,3788.75,3789
10147746,2019-01-06T08:00:08.703Z,19010608,XBTUSD,3788.5,624904,3789,34333,3788.75,3789
10147753,2019-01-06T08:00:08.866Z,19010608,XBTUSD,3788.5,641633,3789,33933,3788.75,3789
10147765,2019-01-06T08:00:09.150Z,19010608,XBTUSD,3788.5,725421,3789,15934,3788.75,3789
10147773,2019-01-06T08:00:09.606Z,19010608,XBTUSD,3788.5,764779,3789,16100,3788.75,3789
10147807,2019-01-06T08:00:10.035Z,19010608,XBTUSD,3788.5,768589,3789,17873,3788.75,3789
10147818,2019-01-06T08:00:10.652Z,19010608,XBTUSD,3788.5,771107,3789,17875,3788.75,3789
10147828,2019-01-06T08:00:11.120Z,19010608,XBTUSD,3788.5,663191,3789,19498,3788.75,3789
10147843,2019-01-06T08:00:11.582Z,19010608,XBTUSD,3788.5,655491,3789,63498,3788.75,3789
10147918,2019-01-06T08:00:12.724Z,19010608,XBTUSD,3788.5,657260,3789,83353,3788.75,3789
10147928,2019-01-06T08:00:13.678Z,19010608,XBTUSD,3788.5,662096,3789,78098,3788.75,3789
10147954,2019-01-06T08:00:14.443Z,19010608,XBTUSD,3788.5,662111,3789,79313,3788.75,3789
10147990,2019-01-06T08:00:15.876Z,19010608,XBTUSD,3788.5,684072,3789,68494,3788.75,3789
10148000,2019-01-06T08:00:16.432Z,19010608,XBTUSD,3788.5,669947,3789,68496,3788.75,3789
10148032,2019-01-06T08:00:16.924Z,19010608,XBTUSD,3788.5,666095,3789,74553,3788.75,3789
10148044,2019-01-06T08:00:17.600Z,19010608,XBTUSD,3788.5,624857,3789,73755,3788.75,3789
10148089,2019-01-06T08:00:18.449Z,19010608,XBTUSD,3788.5,632346,3789,73738,3788.75,3789
10148152,2019-01-06T08:00:20.276Z,19010608,XBTUSD,3788.5,602895,3789,73069,3788.75,3789
10148163,2019-01-06T08:00:20.942Z,19010608,XBTUSD,3788.5,607323,3789,59071,3788.75,3789
10148175,2019-01-06T08:00:21.217Z,19010608,XBTUSD,3788.5,607192,3789,59071,3788.75,3789
10148215,2019-01-06T08:00:22.455Z,19010608,XBTUSD,3788.5,586074,3789,56075,3788.75,3789
10148223,2019-01-06T08:00:22.998Z,19010608,XBTUSD,3788.5,578273,3789,60077,3788.75,3789
10148234,2019-01-06T08:00:23.211Z,19010608,XBTUSD,3788.5,578688,3789,60077,3788.75,3789
10148244,2019-01-06T08:00:23.548Z,19010608,XBTUSD,3788.5,587289,3789,14579,3788.75,3789
10148254,2019-01-06T08:00:23.917Z,19010608,XBTUSD,3788.5,597267,3789,10855,3788.75,3789
10148279,2019-01-06T08:00:24.248Z,19010608,XBTUSD,3788.5,598863,3789,12889,3788.75,3789
10148310,2019-01-06T08:00:26.452Z,19010608,XBTUSD,3788.5,524871,3789,10647,3788.75,3789
10148361,2019-01-06T08:00:29.969Z,19010608,XBTUSD,3788.5,525985,3789,9612,3788.75,3789
10148368,2019-01-06T08:00:30.193Z,19010608,XBTUSD,3788.5,525985,3789,13562,3788.75,3789
10148377,2019-01-06T08:00:31.024Z,19010608,XBTUSD,3788.5,516975,3789,19016,3788.75,3789
10148394,2019-01-06T08:00:31.605Z,19010608,XBTUSD,3788.5,484685,3789,148117,3788.75,3789
10147565,2019-01-06T08:00:05.349Z,19010608,XBTUSD,3788,659038,3788.5,14517,3788.25,3788.5
10147573,2019-01-06T08:00:05.521Z,19010608,XBTUSD,3788.5,94337,3789,32400,3788.75,3789
10147581,2019-01-06T08:00:05.814Z,19010608,XBTUSD,3788.5,114537,3789,32400,3788.75,3789
10147618,2019-01-06T08:00:06.419Z,19010608,XBTUSD,3788.5,165545,3789,30885,3788.75,3789
10147622,2019-01-06T08:00:06.612Z,19010608,XBTUSD,3788.5,161832,3789,30885,3788.75,3789
10147632,2019-01-06T08:00:07.139Z,19010608,XBTUSD,3788.5,173828,3789,30885,3788.75,3789
10147660,2019-01-06T08:00:07.621Z,19010608,XBTUSD,3788.5,215159,3789,30885,3788.75,3789
10147672,2019-01-06T08:00:07.673Z,19010608,XBTUSD,3788.5,303326,3789,31885,3788.75,3789
10147676,2019-01-06T08:00:07.688Z,19010608,XBTUSD,3788.5,335466,3789,31885,3788.75,3789
10147694,2019-01-06T08:00:07.984Z,19010608,XBTUSD,3788.5,382829,3789,33987,3788.75,3789
10147703,2019-01-06T08:00:08.129Z,19010608,XBTUSD,3788.5,395669,3789,34180,3788.75,3789
10147709,2019-01-06T08:00:08.229Z,19010608,XBTUSD,3788.5,401356,3789,34180,3788.75,3789
10147739,2019-01-06T08:00:08.526Z,19010608,XBTUSD,3788.5,512951,3789,34506,3788.75,3789
10147749,2019-01-06T08:00:08.748Z,19010608,XBTUSD,3788.5,627133,3789,34333,3788.75,3789
10147759,2019-01-06T08:00:09.058Z,19010608,XBTUSD,3788.5,702671,3789,33933,3788.75,3789
10147769,2019-01-06T08:00:09.262Z,19010608,XBTUSD,3788.5,729645,3789,16101,3788.75,3789
10147772,2019-01-06T08:00:09.526Z,19010608,XBTUSD,3788.5,729779,3789,16100,3788.75,3789
10147809,2019-01-06T08:00:10.619Z,19010608,XBTUSD,3788.5,769024,3789,17873,3788.75,3789
10147817,2019-01-06T08:00:10.630Z,19010608,XBTUSD,3788.5,771107,3789,17874,3788.75,3789
10147830,2019-01-06T08:00:11.183Z,19010608,XBTUSD,3788.5,663191,3789,19598,3788.75,3789
10147837,2019-01-06T08:00:11.475Z,19010608,XBTUSD,3788.5,656491,3789,95498,3788.75,3789
10147873,2019-01-06T08:00:11.930Z,19010608,XBTUSD,3788.5,655718,3789,72498,3788.75,3789
10147922,2019-01-06T08:00:13.332Z,19010608,XBTUSD,3788.5,658096,3789,83953,3788.75,3789
10147952,2019-01-06T08:00:14.157Z,19010608,XBTUSD,3788.5,662111,3789,79250,3788.75,3789
10147992,2019-01-06T08:00:15.894Z,19010608,XBTUSD,3788.5,657214,3789,68494,3788.75,3789
10148003,2019-01-06T08:00:16.749Z,19010608,XBTUSD,3788.5,666084,3789,68497,3788.75,3789
10148030,2019-01-06T08:00:16.770Z,19010608,XBTUSD,3788.5,666084,3789,63697,3788.75,3789
10148041,2019-01-06T08:00:17.288Z,19010608,XBTUSD,3788.5,662657,3789,74555,3788.75,3789
10148050,2019-01-06T08:00:17.818Z,19010608,XBTUSD,3788.5,629196,3789,73757,3788.75,3789
10148083,2019-01-06T08:00:18.325Z,19010608,XBTUSD,3788.5,627677,3789,73757,3788.75,3789
10148095,2019-01-06T08:00:19.003Z,19010608,XBTUSD,3788.5,628043,3789,73586,3788.75,3789
10148120,2019-01-06T08:00:19.079Z,19010608,XBTUSD,3788.5,604043,3789,73587,3788.75,3789
10148127,2019-01-06T08:00:19.798Z,19010608,XBTUSD,3788.5,602895,3789,73569,3788.75,3789
10148162,2019-01-06T08:00:20.927Z,19010608,XBTUSD,3788.5,607323,3789,63071,3788.75,3789
10148177,2019-01-06T08:00:21.401Z,19010608,XBTUSD,3788.5,607192,3789,56073,3788.75,3789
10148213,2019-01-06T08:00:22.423Z,19010608,XBTUSD,3788.5,591574,3789,56075,3788.75,3789
10148219,2019-01-06T08:00:22.712Z,19010608,XBTUSD,3788.5,585449,3789,60077,3788.75,3789
10148241,2019-01-06T08:00:23.406Z,19010608,XBTUSD,3788.5,587289,3789,60079,3788.75,3789
10148245,2019-01-06T08:00:23.552Z,19010608,XBTUSD,3788.5,587289,3789,16379,3788.75,3789
10148255,2019-01-06T08:00:23.924Z,19010608,XBTUSD,3788.5,599272,3789,10855,3788.75,3789
10148278,2019-01-06T08:00:24.229Z,19010608,XBTUSD,3788.5,598863,3789,14689,3788.75,3789
10148304,2019-01-06T08:00:25.850Z,19010608,XBTUSD,3788.5,612533,3789,10645,3788.75,3789
10147571,2019-01-06T08:00:05.517Z,19010608,XBTUSD,3788.5,75421,3789,32400,3788.75,3789
10147582,2019-01-06T08:00:05.818Z,19010608,XBTUSD,3788.5,114637,3789,32400,3788.75,3789
10147620,2019-01-06T08:00:06.556Z,19010608,XBTUSD,3788.5,165745,3789,30885,3788.75,3789
10147630,2019-01-06T08:00:07.035Z,19010608,XBTUSD,3788.5,172028,3789,30885,3788.75,3789
10147659,2019-01-06T08:00:07.618Z,19010608,XBTUSD,3788.5,215059,3789,30885,3788.75,3789
10147664,2019-01-06T08:00:07.638Z,19010608,XBTUSD,3788.5,258442,3789,30885,3788.75,3789
10147674,2019-01-06T08:00:07.679Z,19010608,XBTUSD,3788.5,313416,3789,31885,3788.75,3789
10147684,2019-01-06T08:00:07.834Z,19010608,XBTUSD,3788.5,352882,3789,31887,3788.75,3789
10147687,2019-01-06T08:00:07.904Z,19010608,XBTUSD,3788.5,364882,3789,33887,3788.75,3789
10147697,2019-01-06T08:00:08.039Z,19010608,XBTUSD,3788.5,392137,3789,33991,3788.75,3789
10147707,2019-01-06T08:00:08.175Z,19010608,XBTUSD,3788.5,399544,3789,34180,3788.75,3789
10147737,2019-01-06T08:00:08.435Z,19010608,XBTUSD,3788.5,512151,3789,34506,3788.75,3789
10147742,2019-01-06T08:00:08.626Z,19010608,XBTUSD,3788.5,601011,3789,34533,3788.75,3789
10147755,2019-01-06T08:00:08.933Z,19010608,XBTUSD,3788.5,643643,3789,33933,3788.75,3789
10147768,2019-01-06T08:00:09.261Z,19010608,XBTUSD,3788.5,731645,3789,16101,3788.75,3789
10147775,2019-01-06T08:00:09.794Z,19010608,XBTUSD,3788.5,766779,3789,16101,3788.75,3789
10147808,2019-01-06T08:00:10.613Z,19010608,XBTUSD,3788.5,768399,3789,17873,3788.75,3789
10147819,2019-01-06T08:00:10.668Z,19010608,XBTUSD,3788.5,771707,3789,17875,3788.75,3789
10147833,2019-01-06T08:00:11.292Z,19010608,XBTUSD,3788.5,654491,3789,99498,3788.75,3789
10147841,2019-01-06T08:00:11.573Z,19010608,XBTUSD,3788.5,655491,3789,50498,3788.75,3789
10147875,2019-01-06T08:00:12.036Z,19010608,XBTUSD,3788.5,652728,3789,72498,3788.75,3789
10147927,2019-01-06T08:00:13.564Z,19010608,XBTUSD,3788.5,663096,3789,78098,3788.75,3789
10147931,2019-01-06T08:00:13.869Z,19010608,XBTUSD,3788.5,662111,3789,88964,3788.75,3789
10147956,2019-01-06T08:00:14.576Z,19010608,XBTUSD,3788.5,662111,3789,79314,3788.75,3789
10147963,2019-01-06T08:00:15.009Z,19010608,XBTUSD,3788.5,646837,3789,79350,3788.75,3789
10147985,2019-01-06T08:00:15.802Z,19010608,XBTUSD,3788.5,646847,3789,79350,3788.75,3789
10147989,2019-01-06T08:00:15.853Z,19010608,XBTUSD,3788.5,684072,3789,79351,3788.75,3789
10148038,2019-01-06T08:00:17.172Z,19010608,XBTUSD,3788.5,666577,3789,74554,3788.75,3789
10148043,2019-01-06T08:00:17.305Z,19010608,XBTUSD,3788.5,624857,3789,73955,3788.75,3789
10148087,2019-01-06T08:00:18.420Z,19010608,XBTUSD,3788.5,632346,3789,73757,3788.75,3789
10148122,2019-01-06T08:00:19.187Z,19010608,XBTUSD,3788.5,584043,3789,73567,3788.75,3789
10148155,2019-01-06T08:00:20.428Z,19010608,XBTUSD,3788.5,605645,3789,73069,3788.75,3789
10148179,2019-01-06T08:00:21.494Z,19010608,XBTUSD,3788.5,606352,3789,56073,3788.75,3789
10148214,2019-01-06T08:00:22.436Z,19010608,XBTUSD,3788.5,590074,3789,56075,3788.75,3789
10148238,2019-01-06T08:00:23.311Z,19010608,XBTUSD,3788.5,589192,3789,60079,3788.75,3789
10148250,2019-01-06T08:00:23.842Z,19010608,XBTUSD,3788.5,593478,3789,12653,3788.75,3789
10148286,2019-01-06T08:00:25.019Z,19010608,XBTUSD,3788.5,610213,3789,10641,3788.75,3789
10148299,2019-01-06T08:00:25.746Z,19010608,XBTUSD,3788.5,612280,3789,10643,3788.75,3789
10148302,2019-01-06T08:00:25.784Z,19010608,XBTUSD,3788.5,612280,3789,10644,3788.75,3789
10148312,2019-01-06T08:00:26.773Z,19010608,XBTUSD,3788.5,525536,3789,10647,3788.75,3789
10147675,2019-01-06T08:00:07.683Z,19010608,XBTUSD,3788.5,315416,3789,31885,3788.75,3789
10147685,2019-01-06T08:00:07.864Z,19010608,XBTUSD,3788.5,352882,3789,33887,3788.75,3789
10147695,2019-01-06T08:00:08.002Z,19010608,XBTUSD,3788.5,382829,3789,33991,3788.75,3789
10147698,2019-01-06T08:00:08.092Z,19010608,XBTUSD,3788.5,392137,3789,34180,3788.75,3789
10147710,2019-01-06T08:00:08.233Z,19010608,XBTUSD,3788.5,401981,3789,34180,3788.75,3789
10147731,2019-01-06T08:00:08.311Z,19010608,XBTUSD,3788.5,504639,3789,34206,3788.75,3789
10147741,2019-01-06T08:00:08.617Z,19010608,XBTUSD,3788.5,590951,3789,34506,3788.75,3789
10147751,2019-01-06T08:00:08.800Z,19010608,XBTUSD,3788.5,639133,3789,33933,3788.75,3789
10147762,2019-01-06T08:00:09.058Z,19010608,XBTUSD,3788.5,727671,3789,33933,3788.75,3789
10147820,2019-01-06T08:00:10.669Z,19010608,XBTUSD,3788.5,771707,3789,18875,3788.75,3789
10147829,2019-01-06T08:00:11.080Z,19010608,XBTUSD,3788.5,663232,3789,18907,3788.75,3789
10147842,2019-01-06T08:00:11.578Z,19010608,XBTUSD,3788.5,655491,3789,53498,3788.75,3789
10147872,2019-01-06T08:00:11.626Z,19010608,XBTUSD,3788.5,655491,3789,72498,3788.75,3789
10147879,2019-01-06T08:00:12.633Z,19010608,XBTUSD,3788.5,667260,3789,83353,3788.75,3789
10147926,2019-01-06T08:00:13.552Z,19010608,XBTUSD,3788.5,663096,3789,77098,3788.75,3789
10147929,2019-01-06T08:00:13.715Z,19010608,XBTUSD,3788.5,662111,3789,78098,3788.75,3789
10147955,2019-01-06T08:00:14.457Z,19010608,XBTUSD,3788.5,662111,3789,68457,3788.75,3789
10147996,2019-01-06T08:00:16.219Z,19010608,XBTUSD,3788.5,657818,3789,68495,3788.75,3789
10148001,2019-01-06T08:00:16.465Z,19010608,XBTUSD,3788.5,669947,3789,68497,3788.75,3789
10148037,2019-01-06T08:00:17.102Z,19010608,XBTUSD,3788.5,666577,3789,74553,3788.75,3789
10148047,2019-01-06T08:00:17.779Z,19010608,XBTUSD,3788.5,624851,3789,73757,3788.75,3789
10148084,2019-01-06T08:00:18.398Z,19010608,XBTUSD,3788.5,635929,3789,73757,3788.75,3789
10148092,2019-01-06T08:00:18.870Z,19010608,XBTUSD,3788.5,623654,3789,73738,3788.75,3789
10148123,2019-01-06T08:00:19.402Z,19010608,XBTUSD,3788.5,582879,3789,73567,3788.75,3789
10148126,2019-01-06T08:00:19.682Z,19010608,XBTUSD,3788.5,602879,3789,73569,3788.75,3789
10148154,2019-01-06T08:00:20.419Z,19010608,XBTUSD,3788.5,604145,3789,73069,3788.75,3789
10148160,2019-01-06T08:00:20.711Z,19010608,XBTUSD,3788.5,604898,3789,63071,3788.75,3789
10148211,2019-01-06T08:00:22.396Z,19010608,XBTUSD,3788.5,592824,3789,56075,3788.75,3789
10148222,2019-01-06T08:00:22.995Z,19010608,XBTUSD,3788.5,580073,3789,60077,3788.75,3789
10148239,2019-01-06T08:00:23.322Z,19010608,XBTUSD,3788.5,589105,3789,60079,3788.75,3789
10148249,2019-01-06T08:00:23.600Z,19010608,XBTUSD,3788.5,587289,3789,12653,3788.75,3789
10148280,2019-01-06T08:00:24.313Z,19010608,XBTUSD,3788.5,598963,3789,12889,3788.75,3789
10148294,2019-01-06T08:00:25.693Z,19010608,XBTUSD,3788.5,610851,3789,10643,3788.75,3789
10148305,2019-01-06T08:00:26.261Z,19010608,XBTUSD,3788.5,612533,3789,10646,3788.75,3789
10148337,2019-01-06T08:00:27.461Z,19010608,XBTUSD,3788.5,525356,3789,9999,3788.75,3789
10148349,2019-01-06T08:00:28.623Z,19010608,XBTUSD,3788.5,526286,3789,10001,3788.75,3789
10148359,2019-01-06T08:00:29.831Z,19010608,XBTUSD,3788.5,525985,3789,9811,3788.75,3789
10148370,2019-01-06T08:00:30.305Z,19010608,XBTUSD,3788.5,525985,3789,15813,3788.75,3789
10148392,2019-01-06T08:00:31.491Z,19010608,XBTUSD,3788.5,480675,3789,148116,3788.75,3789
10148397,2019-01-06T08:00:31.859Z,19010608,XBTUSD,3788.5,575619,3789,148118,3788.75,3789
10148412,2019-01-06T08:00:32.559Z,19010608,XBTUSD,3788.5,585186,3789,138120,3788.75,3789
10148429,2019-01-06T08:00:33.508Z,19010608,XBTUSD,3788.5,577518,3789,138082,3788.75,3789
10148449,2019-01-06T08:00:34.108Z,19010608,XBTUSD,3788.5,476874,3789,138084,3788.75,3789
10148461,2019-01-06T08:00:34.859Z,19010608,XBTUSD,3788.5,484839,3789,88096,3788.75,3789
10148489,2019-01-06T08:00:36.064Z,19010608,XBTUSD,3788.5,486216,3789,83771,3788.75,3789
10147732,2019-01-06T08:00:08.325Z,19010608,XBTUSD,3788.5,504639,3789,34606,3788.75,3789
10147747,2019-01-06T08:00:08.706Z,19010608,XBTUSD,3788.5,625013,3789,34333,3788.75,3789
10147752,2019-01-06T08:00:08.826Z,19010608,XBTUSD,3788.5,639633,3789,33933,3788.75,3789
10147767,2019-01-06T08:00:09.239Z,19010608,XBTUSD,3788.5,725421,3789,16101,3788.75,3789
10147776,2019-01-06T08:00:09.808Z,19010608,XBTUSD,3788.5,766779,3789,15873,3788.75,3789
10147823,2019-01-06T08:00:10.805Z,19010608,XBTUSD,3788.5,695732,3789,18886,3788.75,3789
10147827,2019-01-06T08:00:10.890Z,19010608,XBTUSD,3788.5,660732,3789,18907,3788.75,3789
10147839,2019-01-06T08:00:11.535Z,19010608,XBTUSD,3788.5,657491,3789,45498,3788.75,3789
10147923,2019-01-06T08:00:13.468Z,19010608,XBTUSD,3788.5,658096,3789,73098,3788.75,3789
10147933,2019-01-06T08:00:13.962Z,19010608,XBTUSD,3788.5,662111,3789,88998,3788.75,3789
10147951,2019-01-06T08:00:14.139Z,19010608,XBTUSD,3788.5,662111,3789,78250,3788.75,3789
10147961,2019-01-06T08:00:14.881Z,19010608,XBTUSD,3788.5,646857,3789,79349,3788.75,3789
10147987,2019-01-06T08:00:15.812Z,19010608,XBTUSD,3788.5,646862,3789,79351,3788.75,3789
10147997,2019-01-06T08:00:16.263Z,19010608,XBTUSD,3788.5,659318,3789,68495,3788.75,3789
10147999,2019-01-06T08:00:16.376Z,19010608,XBTUSD,3788.5,669947,3789,68495,3788.75,3789
10148035,2019-01-06T08:00:17.062Z,19010608,XBTUSD,3788.5,666348,3789,74553,3788.75,3789
10148046,2019-01-06T08:00:17.777Z,19010608,XBTUSD,3788.5,624851,3789,73756,3788.75,3789
10148086,2019-01-06T08:00:18.414Z,19010608,XBTUSD,3788.5,633596,3789,73757,3788.75,3789
10148178,2019-01-06T08:00:21.475Z,19010608,XBTUSD,3788.5,606342,3789,56073,3788.75,3789
10148210,2019-01-06T08:00:22.293Z,19010608,XBTUSD,3788.5,591974,3789,56075,3788.75,3789
10148224,2019-01-06T08:00:23.012Z,19010608,XBTUSD,3788.5,578723,3789,60077,3788.75,3789
10148236,2019-01-06T08:00:23.306Z,19010608,XBTUSD,3788.5,578877,3789,60078,3788.75,3789
10148252,2019-01-06T08:00:23.907Z,19010608,XBTUSD,3788.5,597267,3789,12654,3788.75,3789
10148283,2019-01-06T08:00:24.503Z,19010608,XBTUSD,3788.5,599588,3789,10640,3788.75,3789
10148289,2019-01-06T08:00:25.032Z,19010608,XBTUSD,3788.5,610851,3789,10641,3788.75,3789
10148295,2019-01-06T08:00:25.699Z,19010608,XBTUSD,3788.5,610819,3789,10643,3788.75,3789
10148309,2019-01-06T08:00:26.446Z,19010608,XBTUSD,3788.5,524246,3789,10647,3788.75,3789
10148334,2019-01-06T08:00:27.284Z,19010608,XBTUSD,3788.5,525356,3789,10847,3788.75,3789
10148345,2019-01-06T08:00:28.319Z,19010608,XBTUSD,3788.5,526233,3789,10001,3788.75,3789
10148354,2019-01-06T08:00:29.215Z,19010608,XBTUSD,3788.5,526286,3789,10002,3788.75,3789
10148367,2019-01-06T08:00:30.188Z,19010608,XBTUSD,3788.5,525985,3789,11762,3788.75,3789
10148395,2019-01-06T08:00:31.609Z,19010608,XBTUSD,3788.5,484685,3789,148118,3788.75,3789
10148405,2019-01-06T08:00:32.092Z,19010608,XBTUSD,3788.5,575619,3789,138118,3788.75,3789
10148415,2019-01-06T08:00:32.612Z,19010608,XBTUSD,3788.5,578551,3789,138120,3788.75,3789
10148434,2019-01-06T08:00:33.988Z,19010608,XBTUSD,3788.5,476874,3789,138082,3788.75,3789
10148450,2019-01-06T08:00:34.138Z,19010608,XBTUSD,3788.5,476874,3789,88084,3788.75,3789
10148460,2019-01-06T08:00:34.822Z,19010608,XBTUSD,3788.5,484879,3789,88096,3788.75,3789
10148479,2019-01-06T08:00:35.654Z,19010608,XBTUSD,3788.5,479849,3789,88471,3788.75,3789
10148483,2019-01-06T08:00:35.686Z,19010608,XBTUSD,3788.5,481864,3789,88471,3788.75,3789
10148497,2019-01-06T08:00:36.771Z,19010608,XBTUSD,3788.5,471612,3789,83773,3788.75,3789
10148504,2019-01-06T08:00:36.948Z,19010608,XBTUSD,3788.5,563161,3789,83975,3788.75,3789
10148518,2019-01-06T08:00:37.338Z,19010608,XBTUSD,3788.5,533821,3789,83275,3788.75,3789
10147816,2019-01-06T08:00:10.625Z,19010608,XBTUSD,3788.5,771107,3789,17873,3788.75,3789
10147826,2019-01-06T08:00:10.961Z,19010608,XBTUSD,3788.5,662732,3789,18907,3788.75,3789
10147838,2019-01-06T08:00:11.482Z,19010608,XBTUSD,3788.5,657491,3789,95498,3788.75,3789
10147876,2019-01-06T08:00:12.109Z,19010608,XBTUSD,3788.5,642728,3789,72498,3788.75,3789
10147919,2019-01-06T08:00:13.019Z,19010608,XBTUSD,3788.5,657260,3789,83453,3788.75,3789
10147930,2019-01-06T08:00:13.728Z,19010608,XBTUSD,3788.5,662111,3789,88954,3788.75,3789
10147957,2019-01-06T08:00:14.605Z,19010608,XBTUSD,3788.5,662167,3789,79314,3788.75,3789
10147991,2019-01-06T08:00:15.892Z,19010608,XBTUSD,3788.5,679946,3789,68494,3788.75,3789
10148029,2019-01-06T08:00:16.761Z,19010608,XBTUSD,3788.5,666084,3789,63997,3788.75,3789
10148039,2019-01-06T08:00:17.177Z,19010608,XBTUSD,3788.5,666577,3789,74555,3788.75,3789
10148049,2019-01-06T08:00:17.810Z,19010608,XBTUSD,3788.5,627133,3789,73757,3788.75,3789
10148052,2019-01-06T08:00:17.913Z,19010608,XBTUSD,3788.5,628917,3789,73757,3788.75,3789
10148082,2019-01-06T08:00:18.319Z,19010608,XBTUSD,3788.5,628302,3789,73757,3788.75,3789
10148094,2019-01-06T08:00:18.904Z,19010608,XBTUSD,3788.5,628043,3789,73738,3788.75,3789
10148124,2019-01-06T08:00:19.534Z,19010608,XBTUSD,3788.5,602879,3789,73567,3788.75,3789
10148161,2019-01-06T08:00:20.926Z,19010608,XBTUSD,3788.5,606698,3789,63071,3788.75,3789
10148176,2019-01-06T08:00:21.306Z,19010608,XBTUSD,3788.5,607192,3789,59073,3788.75,3789
10148208,2019-01-06T08:00:22.209Z,19010608,XBTUSD,3788.5,604352,3789,56074,3788.75,3789
10148218,2019-01-06T08:00:22.708Z,19010608,XBTUSD,3788.5,585449,3789,60076,3788.75,3789
10148242,2019-01-06T08:00:23.486Z,19010608,XBTUSD,3788.5,587289,3789,10079,3788.75,3789
10148248,2019-01-06T08:00:23.575Z,19010608,XBTUSD,3788.5,587289,3789,12153,3788.75,3789
10148281,2019-01-06T08:00:24.386Z,19010608,XBTUSD,3788.5,598963,3789,10639,3788.75,3789
10148293,2019-01-06T08:00:25.690Z,19010608,XBTUSD,3788.5,610851,3789,10642,3788.75,3789
10148311,2019-01-06T08:00:26.738Z,19010608,XBTUSD,3788.5,525496,3789,10647,3788.75,3789
10148313,2019-01-06T08:00:26.894Z,19010608,XBTUSD,3788.5,525536,3789,10847,3788.75,3789
10148356,2019-01-06T08:00:29.377Z,19010608,XBTUSD,3788.5,526286,3789,9810,3788.75,3789
10148376,2019-01-06T08:00:31.013Z,19010608,XBTUSD,3788.5,521975,3789,19016,3788.75,3789
10148378,2019-01-06T08:00:31.027Z,19010608,XBTUSD,3788.5,493975,3789,19016,3788.75,3789
10148393,2019-01-06T08:00:31.541Z,19010608,XBTUSD,3788.5,484685,3789,148116,3788.75,3789
10148399,2019-01-06T08:00:31.880Z,19010608,XBTUSD,3788.5,585619,3789,138118,3788.75,3789
10148406,2019-01-06T08:00:32.119Z,19010608,XBTUSD,3788.5,585619,3789,138118,3788.75,3789
10148419,2019-01-06T08:00:32.897Z,19010608,XBTUSD,3788.5,574748,3789,138101,3788.75,3789
10148426,2019-01-06T08:00:33.158Z,19010608,XBTUSD,3788.5,577508,3789,138101,3788.75,3789
10148457,2019-01-06T08:00:34.588Z,19010608,XBTUSD,3788.5,486884,3789,88094,3788.75,3789
10148459,2019-01-06T08:00:34.708Z,19010608,XBTUSD,3788.5,486884,3789,88096,3788.75,3789
10148490,2019-01-06T08:00:36.164Z,19010608,XBTUSD,3788.5,486226,3789,83771,3788.75,3789
10148493,2019-01-06T08:00:36.319Z,19010608,XBTUSD,3788.5,476226,3789,85573,3788.75,3789
10148503,2019-01-06T08:00:36.933Z,19010608,XBTUSD,3788.5,563161,3789,83974,3788.75,3789
10148519,2019-01-06T08:00:37.347Z,19010608,XBTUSD,3788.5,538821,3789,83275,3788.75,3789
10148524,2019-01-06T08:00:37.373Z,19010608,XBTUSD,3788.5,501361,3789,83275,3788.75,3789
10148545,2019-01-06T08:00:38.188Z,19010608,XBTUSD,3788.5,505255,3789,83279,3788.75,3789
10148556,2019-01-06T08:00:38.972Z,19010608,XBTUSD,3788.5,506001,3789,86081,3788.75,3789
10147924,2019-01-06T08:00:13.492Z,19010608,XBTUSD,3788.5,663096,3789,73098,3788.75,3789
10147936,2019-01-06T08:00:14.076Z,19010608,XBTUSD,3788.5,662111,3789,88250,3788.75,3789
10147959,2019-01-06T08:00:14.638Z,19010608,XBTUSD,3788.5,662167,3789,79349,3788.75,3789
10147962,2019-01-06T08:00:14.890Z,19010608,XBTUSD,3788.5,646837,3789,79349,3788.75,3789
10147993,2019-01-06T08:00:15.925Z,19010608,XBTUSD,3788.5,657214,3789,68495,3788.75,3789
10148033,2019-01-06T08:00:16.983Z,19010608,XBTUSD,3788.5,668158,3789,74553,3788.75,3789
10148045,2019-01-06T08:00:17.619Z,19010608,XBTUSD,3788.5,624851,3789,73755,3788.75,3789
10148085,2019-01-06T08:00:18.401Z,19010608,XBTUSD,3788.5,634429,3789,73757,3788.75,3789
10148093,2019-01-06T08:00:18.876Z,19010608,XBTUSD,3788.5,621854,3789,73738,3788.75,3789
10148125,2019-01-06T08:00:19.598Z,19010608,XBTUSD,3788.5,602879,3789,73568,3788.75,3789
10148156,2019-01-06T08:00:20.572Z,19010608,XBTUSD,3788.5,605220,3789,73069,3788.75,3789
10148164,2019-01-06T08:00:20.948Z,19010608,XBTUSD,3788.5,607292,3789,59071,3788.75,3789
10148212,2019-01-06T08:00:22.422Z,19010608,XBTUSD,3788.5,592199,3789,56075,3788.75,3789
10148221,2019-01-06T08:00:22.992Z,19010608,XBTUSD,3788.5,580698,3789,60077,3788.75,3789
10148243,2019-01-06T08:00:23.546Z,19010608,XBTUSD,3788.5,587289,3789,12329,3788.75,3789
10148247,2019-01-06T08:00:23.564Z,19010608,XBTUSD,3788.5,587289,3789,16179,3788.75,3789
10148277,2019-01-06T08:00:24.211Z,19010608,XBTUSD,3788.5,598863,3789,16939,3788.75,3789
10148287,2019-01-06T08:00:25.020Z,19010608,XBTUSD,3788.5,612013,3789,10641,3788.75,3789
10148298,2019-01-06T08:00:25.724Z,19010608,XBTUSD,3788.5,610280,3789,10643,3788.75,3789
10148306,2019-01-06T08:00:26.265Z,19010608,XBTUSD,3788.5,613670,3789,10646,3788.75,3789
10148315,2019-01-06T08:00:27.005Z,19010608,XBTUSD,3788.5,525346,3789,10847,3788.75,3789
10148338,2019-01-06T08:00:27.685Z,19010608,XBTUSD,3788.5,527356,3789,9999,3788.75,3789
10148347,2019-01-06T08:00:28.438Z,19010608,XBTUSD,3788.5,526271,3789,10001,3788.75,3789
10148372,2019-01-06T08:00:30.370Z,19010608,XBTUSD,3788.5,525985,3789,19814,3788.75,3789
10148388,2019-01-06T08:00:31.422Z,19010608,XBTUSD,3788.5,483975,3789,138016,3788.75,3789
10148414,2019-01-06T08:00:32.610Z,19010608,XBTUSD,3788.5,582561,3789,138120,3788.75,3789
10148416,2019-01-06T08:00:32.771Z,19010608,XBTUSD,3788.5,578537,3789,138120,3788.75,3789
10148433,2019-01-06T08:00:33.809Z,19010608,XBTUSD,3788.5,476594,3789,138082,3788.75,3789
10148455,2019-01-06T08:00:34.278Z,19010608,XBTUSD,3788.5,486874,3789,88084,3788.75,3789
10148487,2019-01-06T08:00:35.911Z,19010608,XBTUSD,3788.5,486204,3789,88471,3788.75,3789
10148500,2019-01-06T08:00:36.812Z,19010608,XBTUSD,3788.5,562908,3789,83773,3788.75,3789
10148506,2019-01-06T08:00:37.007Z,19010608,XBTUSD,3788.5,558171,3789,83975,3788.75,3789
10148517,2019-01-06T08:00:37.278Z,19010608,XBTUSD,3788.5,531821,3789,83275,3788.75,3789
10148523,2019-01-06T08:00:37.364Z,19010608,XBTUSD,3788.5,592285,3789,83275,3788.75,3789
10148551,2019-01-06T08:00:38.710Z,19010608,XBTUSD,3788.5,503965,3789,86081,3788.75,3789
10148598,2019-01-06T08:00:41.758Z,19010608,XBTUSD,3789,200,3789.5,71336,3789.25,3789.5
10148608,2019-01-06T08:00:41.792Z,19010608,XBTUSD,3789,75714,3789.5,71336,3789.25,3789.5
10148619,2019-01-06T08:00:41.817Z,19010608,XBTUSD,3789,168719,3789.5,73336,3789.25,3789.5
10148629,2019-01-06T08:00:41.855Z,19010608,XBTUSD,3789,222165,3789.5,87397,3789.25,3789.5
10148641,2019-01-06T08:00:41.933Z,19010608,XBTUSD,3789,313462,3789.5,87548,3789.25,3789.5
10148658,2019-01-06T08:00:41.981Z,19010608,XBTUSD,3789,297276,3789.5,77548,3789.25,3789.5
10148671,2019-01-06T08:00:42.084Z,19010608,XBTUSD,3789,324662,3789.5,88305,3789.25,3789.5
10148679,2019-01-06T08:00:42.129Z,19010608,XBTUSD,3789,287346,3789.5,100305,3789.25,3789.5
10148694,2019-01-06T08:00:42.722Z,19010608,XBTUSD,3789,272079,3789.5,119113,3789.25,3789.5
10147988,2019-01-06T08:00:15.829Z,19010608,XBTUSD,3788.5,684062,3789,79351,3788.75,3789
10147998,2019-01-06T08:00:16.362Z,19010608,XBTUSD,3788.5,659818,3789,68495,3788.75,3789
10148034,2019-01-06T08:00:17.038Z,19010608,XBTUSD,3788.5,666095,3789,74553,3788.75,3789
10148048,2019-01-06T08:00:17.797Z,19010608,XBTUSD,3788.5,625276,3789,73757,3788.75,3789
10148091,2019-01-06T08:00:18.745Z,19010608,XBTUSD,3788.5,624279,3789,73738,3788.75,3789
10148121,2019-01-06T08:00:19.092Z,19010608,XBTUSD,3788.5,604043,3789,73567,3788.75,3789
10148157,2019-01-06T08:00:20.584Z,19010608,XBTUSD,3788.5,605220,3789,73070,3788.75,3789
10148174,2019-01-06T08:00:21.302Z,19010608,XBTUSD,3788.5,607192,3789,59072,3788.75,3789
10148209,2019-01-06T08:00:22.213Z,19010608,XBTUSD,3788.5,604352,3789,56075,3788.75,3789
10148220,2019-01-06T08:00:22.733Z,19010608,XBTUSD,3788.5,581323,3789,60077,3788.75,3789
10148240,2019-01-06T08:00:23.356Z,19010608,XBTUSD,3788.5,587100,3789,60079,3788.75,3789
10148251,2019-01-06T08:00:23.879Z,19010608,XBTUSD,3788.5,597267,3789,12653,3788.75,3789
10148284,2019-01-06T08:00:24.507Z,19010608,XBTUSD,3788.5,599588,3789,10641,3788.75,3789
10148288,2019-01-06T08:00:25.021Z,19010608,XBTUSD,3788.5,612638,3789,10641,3788.75,3789
10148296,2019-01-06T08:00:25.712Z,19010608,XBTUSD,3788.5,610779,3789,10643,3788.75,3789
10148308,2019-01-06T08:00:26.327Z,19010608,XBTUSD,3788.5,522746,3789,10647,3788.75,3789
10148339,2019-01-06T08:00:27.771Z,19010608,XBTUSD,3788.5,527370,3789,9999,3788.75,3789
10148346,2019-01-06T08:00:28.371Z,19010608,XBTUSD,3788.5,526257,3789,10001,3788.75,3789
10148362,2019-01-06T08:00:30.009Z,19010608,XBTUSD,3788.5,525985,3789,9512,3788.75,3789
10148375,2019-01-06T08:00:31.009Z,19010608,XBTUSD,3788.5,521975,3789,19015,3788.75,3789
10148389,2019-01-06T08:00:31.426Z,19010608,XBTUSD,3788.5,483975,3789,138116,3788.75,3789
10148411,2019-01-06T08:00:32.502Z,19010608,XBTUSD,3788.5,585811,3789,138120,3788.75,3789
10148427,2019-01-06T08:00:33.481Z,19010608,XBTUSD,3788.5,577518,3789,138101,3788.75,3789
10148448,2019-01-06T08:00:34.103Z,19010608,XBTUSD,3788.5,476874,3789,138083,3788.75,3789
10148458,2019-01-06T08:00:34.703Z,19010608,XBTUSD,3788.5,486884,3789,88095,3788.75,3789
10148488,2019-01-06T08:00:36.055Z,19010608,XBTUSD,3788.5,486216,3789,88471,3788.75,3789
10148496,2019-01-06T08:00:36.763Z,19010608,XBTUSD,3788.5,481741,3789,83773,3788.75,3789
10148522,2019-01-06T08:00:37.358Z,19010608,XBTUSD,3788.5,569553,3789,83275,3788.75,3789
10148549,2019-01-06T08:00:38.659Z,19010608,XBTUSD,3788.5,503465,3789,86080,3788.75,3789
10148553,2019-01-06T08:00:38.812Z,19010608,XBTUSD,3788.5,594842,3789,86081,3788.75,3789
10148580,2019-01-06T08:00:39.717Z,19010608,XBTUSD,3788.5,512759,3789,56283,3788.75,3789
10148586,2019-01-06T08:00:40.620Z,19010608,XBTUSD,3788.5,512976,3789,56283,3788.75,3789
10148595,2019-01-06T08:00:41.731Z,19010608,XBTUSD,3788.5,513711,3789,2285,3788.75,3789
10148612,2019-01-06T08:00:41.802Z,19010608,XBTUSD,3789,105928,3789.5,71336,3789.25,3789.5
10148617,2019-01-06T08:00:41.812Z,19010608,XBTUSD,3789,166719,3789.5,71336,3789.25,3789.5
10148632,2019-01-06T08:00:41.875Z,19010608,XBTUSD,3789,285699,3789.5,87397,3789.25,3789.5
10148644,2019-01-06T08:00:41.939Z,19010608,XBTUSD,3789,297351,3789.5,87548,3789.25,3789.5
10148664,2019-01-06T08:00:42.035Z,19010608,XBTUSD,3789,294533,3789.5,78305,3789.25,3789.5
10148666,2019-01-06T08:00:42.057Z,19010608,XBTUSD,3789,309533,3789.5,78305,3789.25,3789.5
10148676,2019-01-06T08:00:42.105Z,19010608,XBTUSD,3789,286346,3789.5,89305,3789.25,3789.5
10148686,2019-01-06T08:00:42.306Z,19010608,XBTUSD,3789,269782,3789.5,110306,3789.25,3789.5
10148693,2019-01-06T08:00:42.714Z,19010608,XBTUSD,3789,271989,3789.5,119113,3789.25,3789.5
10148700,2019-01-06T08:00:42.903Z,19010608,XBTUSD,3789,275204,3789.5,119114,3789.25,3789.5
10148717,2019-01-06T08:00:43.089Z,19010608,XBTUSD,3789,275829,3789.5,118969,3789.25,3789.5
10148727,2019-01-06T08:00:43.702Z,19010608,XBTUSD,3789,279171,3789.5,118939,3789.25,3789.5
10148744,2019-01-06T08:00:44.807Z,19010608,XBTUSD,3789,285705,3789.5,118797,3789.25,3789.5
10148762,2019-01-06T08:00:47.635Z,19010608,XBTUSD,3789,283337,3789.5,113797,3789.25,3789.5
10148772,2019-01-06T08:00:47.834Z,19010608,XBTUSD,3789,279322,3789.5,62232,3789.25,3789.5
10148783,2019-01-06T08:00:47.961Z,19010608,XBTUSD,3789,328914,3789.5,63085,3789.25,3789.5
10148158,2019-01-06T08:00:20.610Z,19010608,XBTUSD,3788.5,605220,3789,73071,3788.75,3789
10148207,2019-01-06T08:00:22.181Z,19010608,XBTUSD,3788.5,604352,3789,56073,3788.75,3789
10148217,2019-01-06T08:00:22.684Z,19010608,XBTUSD,3788.5,585449,3789,60075,3788.75,3789
10148237,2019-01-06T08:00:23.309Z,19010608,XBTUSD,3788.5,578877,3789,60079,3788.75,3789
10148246,2019-01-06T08:00:23.556Z,19010608,XBTUSD,3788.5,587289,3789,14379,3788.75,3789
10148257,2019-01-06T08:00:23.994Z,19010608,XBTUSD,3788.5,599272,3789,16939,3788.75,3789
10148282,2019-01-06T08:00:24.442Z,19010608,XBTUSD,3788.5,599588,3789,10639,3788.75,3789
10148297,2019-01-06T08:00:25.719Z,19010608,XBTUSD,3788.5,610279,3789,10643,3788.75,3789
10148307,2019-01-06T08:00:26.268Z,19010608,XBTUSD,3788.5,613670,3789,10647,3788.75,3789
10148344,2019-01-06T08:00:28.256Z,19010608,XBTUSD,3788.5,527370,3789,10001,3788.75,3789
10148358,2019-01-06T08:00:29.751Z,19010608,XBTUSD,3788.5,525985,3789,9810,3788.75,3789
10148369,2019-01-06T08:00:30.216Z,19010608,XBTUSD,3788.5,525985,3789,15812,3788.75,3789
10148387,2019-01-06T08:00:31.366Z,19010608,XBTUSD,3788.5,493975,3789,138016,3788.75,3789
10148408,2019-01-06T08:00:32.284Z,19010608,XBTUSD,3788.5,585742,3789,138118,3788.75,3789
10148420,2019-01-06T08:00:32.979Z,19010608,XBTUSD,3788.5,574123,3789,138101,3788.75,3789
10148430,2019-01-06T08:00:33.584Z,19010608,XBTUSD,3788.5,486594,3789,138082,3788.75,3789
10148454,2019-01-06T08:00:34.264Z,19010608,XBTUSD,3788.5,476874,3789,88084,3788.75,3789
10148464,2019-01-06T08:00:35.026Z,19010608,XBTUSD,3788.5,484849,3789,88471,3788.75,3789
10148491,2019-01-06T08:00:36.237Z,19010608,XBTUSD,3788.5,486226,3789,83772,3788.75,3789
10148501,2019-01-06T08:00:36.849Z,19010608,XBTUSD,3788.5,563161,3789,83773,3788.75,3789
10148521,2019-01-06T08:00:37.356Z,19010608,XBTUSD,3788.5,564553,3789,83275,3788.75,3789
10148552,2019-01-06T08:00:38.724Z,19010608,XBTUSD,3788.5,594889,3789,86081,3788.75,3789
10148578,2019-01-06T08:00:39.616Z,19010608,XBTUSD,3788.5,513193,3789,56282,3788.75,3789
10148601,2019-01-06T08:00:41.769Z,19010608,XBTUSD,3789,29106,3789.5,71336,3789.25,3789.5
10148605,2019-01-06T08:00:41.782Z,19010608,XBTUSD,3789,47494,3789.5,71336,3789.25,3789.5
10148616,2019-01-06T08:00:41.811Z,19010608,XBTUSD,3789,164719,3789.5,71336,3789.25,3789.5
10148625,2019-01-06T08:00:41.839Z,19010608,XBTUSD,3789,199017,3789.5,77367,3789.25,3789.5
10148636,2019-01-06T08:00:41.896Z,19010608,XBTUSD,3789,309056,3789.5,87397,3789.25,3789.5
10148647,2019-01-06T08:00:41.952Z,19010608,XBTUSD,3789,280226,3789.5,87548,3789.25,3789.5
10148656,2019-01-06T08:00:41.973Z,19010608,XBTUSD,3789,307276,3789.5,87548,3789.25,3789.5
10148665,2019-01-06T08:00:42.057Z,19010608,XBTUSD,3789,299533,3789.5,78305,3789.25,3789.5
10148675,2019-01-06T08:00:42.103Z,19010608,XBTUSD,3789,285846,3789.5,89305,3789.25,3789.5
10148683,2019-01-06T08:00:42.222Z,19010608,XBTUSD,3789,269146,3789.5,110305,3789.25,3789.5
10148696,2019-01-06T08:00:42.858Z,19010608,XBTUSD,3789,273329,3789.5,119113,3789.25,3789.5
10148719,2019-01-06T08:00:43.217Z,19010608,XBTUSD,3789,276018,3789.5,118937,3789.25,3789.5
10148741,2019-01-06T08:00:44.712Z,19010608,XBTUSD,3789,285695,3789.5,118795,3789.25,3789.5
10148759,2019-01-06T08:00:47.596Z,19010608,XBTUSD,3789,285762,3789.5,118797,3789.25,3789.5
10148773,2019-01-06T08:00:47.860Z,19010608,XBTUSD,3789,339946,3789.5,62232,3789.25,3789.5
10148790,2019-01-06T08:00:47.982Z,19010608,XBTUSD,3789,328914,3789.5,63275,3789.25,3789.5
10148803,2019-01-06T08:00:48.373Z,19010608,XBTUSD,3789,328614,3789.5,54634,3789.25,3789.5
10148823,2019-01-06T08:00:49.567Z,19010608,XBTUSD,3789,329964,3789.5,45249,3789.25,3789.5
10148832,2019-01-06T08:00:49.907Z,19010608,XBTUSD,3789,311896,3789.5,58915,3789.25,3789.5
10148847,2019-01-06T08:00:51.270Z,19010608,XBTUSD,3789,309396,3789.5,43770,3789.25,3789.5
10148860,2019-01-06T08:00:52.028Z,19010608,XBTUSD,3789,304383,3789.5,38067,3789.25,3789.5
10148881,2019-01-06T08:00:52.704Z,19010608,XBTUSD,3789,306456,3789.5,38923,3789.25,3789.5
10148889,2019-01-06T08:00:53.437Z,19010608,XBTUSD,3789,308456,3789.5,48975,3789.25,3789.5
10148910,2019-01-06T08:00:54.277Z,19010608,XBTUSD,3789,323014,3789.5,43831,3789.25,3789.5
10148285,2019-01-06T08:00:24.776Z,19010608,XBTUSD,3788.5,609588,3789,10641,3788.75,3789
10148303,2019-01-06T08:00:25.786Z,19010608,XBTUSD,3788.5,612280,3789,10645,3788.75,3789
10148314,2019-01-06T08:00:26.900Z,19010608,XBTUSD,3788.5,525546,3789,10847,3788.75,3789
10148335,2019-01-06T08:00:27.346Z,19010608,XBTUSD,3788.5,525356,3789,9997,3788.75,3789
10148343,2019-01-06T08:00:28.229Z,19010608,XBTUSD,3788.5,527370,3789,10000,3788.75,3789
10148355,2019-01-06T08:00:29.245Z,19010608,XBTUSD,3788.5,526286,3789,10003,3788.75,3789
10148374,2019-01-06T08:00:30.972Z,19010608,XBTUSD,3788.5,521975,3789,19014,3788.75,3789
10148390,2019-01-06T08:00:31.443Z,19010608,XBTUSD,3788.5,483975,3789,148116,3788.75,3789
10148409,2019-01-06T08:00:32.304Z,19010608,XBTUSD,3788.5,585742,3789,138119,3788.75,3789
10148418,2019-01-06T08:00:32.810Z,19010608,XBTUSD,3788.5,578537,3789,138101,3788.75,3789
10148431,2019-01-06T08:00:33.776Z,19010608,XBTUSD,3788.5,476594,3789,138082,3788.75,3789
10148451,2019-01-06T08:00:34.219Z,19010608,XBTUSD,3788.5,486874,3789,88084,3788.75,3789
10148462,2019-01-06T08:00:34.916Z,19010608,XBTUSD,3788.5,484839,3789,88596,3788.75,3789
10148485,2019-01-06T08:00:35.732Z,19010608,XBTUSD,3788.5,484664,3789,88471,3788.75,3789
10148498,2019-01-06T08:00:36.785Z,19010608,XBTUSD,3788.5,472237,3789,83773,3788.75,3789
10148507,2019-01-06T08:00:37.065Z,19010608,XBTUSD,3788.5,558796,3789,83975,3788.75,3789
10148516,2019-01-06T08:00:37.258Z,19010608,XBTUSD,3788.5,531196,3789,83275,3788.75,3789
10148548,2019-01-06T08:00:38.450Z,19010608,XBTUSD,3788.5,503465,3789,86079,3788.75,3789
10148559,2019-01-06T08:00:39.086Z,19010608,XBTUSD,3788.5,513201,3789,56281,3788.75,3789
10148576,2019-01-06T08:00:39.491Z,19010608,XBTUSD,3788.5,513198,3789,56281,3788.75,3789
10148587,2019-01-06T08:00:40.711Z,19010608,XBTUSD,3788.5,512976,3789,56284,3788.75,3789
10148602,2019-01-06T08:00:41.770Z,19010608,XBTUSD,3789,29196,3789.5,71336,3789.25,3789.5
10148607,2019-01-06T08:00:41.789Z,19010608,XBTUSD,3789,65714,3789.5,71336,3789.25,3789.5
10148620,2019-01-06T08:00:41.822Z,19010608,XBTUSD,3789,173719,3789.5,73336,3789.25,3789.5
10148631,2019-01-06T08:00:41.862Z,19010608,XBTUSD,3789,235699,3789.5,87397,3789.25,3789.5
10148642,2019-01-06T08:00:41.935Z,19010608,XBTUSD,3789,295323,3789.5,87548,3789.25,3789.5
10148659,2019-01-06T08:00:41.986Z,19010608,XBTUSD,3789,297433,3789.5,77548,3789.25,3789.5
10148673,2019-01-06T08:00:42.096Z,19010608,XBTUSD,3789,295846,3789.5,88305,3789.25,3789.5
10148682,2019-01-06T08:00:42.205Z,19010608,XBTUSD,3789,267346,3789.5,110305,3789.25,3789.5
10148692,2019-01-06T08:00:42.565Z,19010608,XBTUSD,3789,271905,3789.5,119113,3789.25,3789.5
10148701,2019-01-06T08:00:42.920Z,19010608,XBTUSD,3789,275204,3789.5,119115,3789.25,3789.5
10148726,2019-01-06T08:00:43.507Z,19010608,XBTUSD,3789,277671,3789.5,118939,3789.25,3789.5
10148743,2019-01-06T08:00:44.804Z,19010608,XBTUSD,3789,285705,3789.5,118796,3789.25,3789.5
10148764,2019-01-06T08:00:47.638Z,19010608,XBTUSD,3789,282712,3789.5,63797,3789.25,3789.5
10148769,2019-01-06T08:00:47.714Z,19010608,XBTUSD,3789,287212,3789.5,62032,3789.25,3789.5
10148780,2019-01-06T08:00:47.938Z,19010608,XBTUSD,3789,328914,3789.5,72485,3789.25,3789.5
10148792,2019-01-06T08:00:48.015Z,19010608,XBTUSD,3789,328914,3789.5,67365,3789.25,3789.5
10148807,2019-01-06T08:00:48.833Z,19010608,XBTUSD,3789,322624,3789.5,55634,3789.25,3789.5
10148816,2019-01-06T08:00:49.143Z,19010608,XBTUSD,3789,333444,3789.5,55247,3789.25,3789.5
10148828,2019-01-06T08:00:49.657Z,19010608,XBTUSD,3789,313896,3789.5,55249,3789.25,3789.5
10148850,2019-01-06T08:00:51.308Z,19010608,XBTUSD,3789,309396,3789.5,35065,3789.25,3789.5
10148857,2019-01-06T08:00:51.797Z,19010608,XBTUSD,3789,302220,3789.5,30067,3789.25,3789.5
10148879,2019-01-06T08:00:52.525Z,19010608,XBTUSD,3789,306456,3789.5,38921,3789.25,3789.5
10148895,2019-01-06T08:00:53.995Z,19010608,XBTUSD,3789,320643,3789.5,48976,3789.25,3789.5
10148912,2019-01-06T08:00:54.414Z,19010608,XBTUSD,3789,323014,3789.5,27693,3789.25,3789.5
10148936,2019-01-06T08:00:55.767Z,19010608,XBTUSD,3789,316167,3789.5,26372,3789.25,3789.5
10148952,2019-01-06T08:00:56.808Z,19010608,XBTUSD,3789,313556,3789.5,25953,3789.25,3789.5
10148961,2019-01-06T08:00:57.286Z,19010608,XBTUSD,3789,302682,3789.5,26154,3789.25,3789.5
10148975,2019-01-06T08:00:58.332Z,19010608,XBTUSD,3789,317782,3789.5,19972,3789.25,3789.5
10148989,2019-01-06T08:00:58.915Z,19010608,XBTUSD,3789,297163,3789.5,42074,3789.25,3789.5
10148998,2019-01-06T08:00:59.100Z,19010608,XBTUSD,3789,297163,3789.5,41975,3789.25,3789.5
10149017,2019-01-06T08:01:00.905Z,19010608,XBTUSD,3789,294063,3789.5,37915,3789.25,3789.5
10149033,2019-01-06T08:01:01.677Z,19010608,XBTUSD,3789,271073,3789.5,36223,3789.25,3789.5
10149037,2019-01-06T08:01:01.843Z,19010608,XBTUSD,3789,271073,3789.5,49455,3789.25,3789.5
10149067,2019-01-06T08:01:02.311Z,19010608,XBTUSD,3789,217878,3789.5,118418,3789.25,3789.5
10149078,2019-01-06T08:01:02.489Z,19010608,XBTUSD,3789,225589,3789.5,133732,3789.25,3789.5
10148336,2019-01-06T08:00:27.453Z,19010608,XBTUSD,3788.5,525356,3789,9998,3788.75,3789
10148348,2019-01-06T08:00:28.537Z,19010608,XBTUSD,3788.5,526275,3789,10001,3788.75,3789
10148360,2019-01-06T08:00:29.859Z,19010608,XBTUSD,3788.5,525985,3789,9812,3788.75,3789
10148373,2019-01-06T08:00:30.528Z,19010608,XBTUSD,3788.5,525985,3789,19014,3788.75,3789
10148391,2019-01-06T08:00:31.482Z,19010608,XBTUSD,3788.5,482175,3789,148116,3788.75,3789
10148410,2019-01-06T08:00:32.308Z,19010608,XBTUSD,3788.5,585742,3789,138120,3788.75,3789
10148417,2019-01-06T08:00:32.806Z,19010608,XBTUSD,3788.5,578537,3789,138121,3788.75,3789
10148428,2019-01-06T08:00:33.505Z,19010608,XBTUSD,3788.5,577518,3789,138081,3788.75,3789
10148453,2019-01-06T08:00:34.248Z,19010608,XBTUSD,3788.5,486874,3789,88084,3788.75,3789
10148482,2019-01-06T08:00:35.675Z,19010608,XBTUSD,3788.5,481854,3789,88471,3788.75,3789
10148492,2019-01-06T08:00:36.246Z,19010608,XBTUSD,3788.5,486226,3789,83773,3788.75,3789
10148502,2019-01-06T08:00:36.877Z,19010608,XBTUSD,3788.5,563161,3789,83973,3788.75,3789
10148505,2019-01-06T08:00:36.987Z,19010608,XBTUSD,3788.5,563171,3789,83975,3788.75,3789
10148527,2019-01-06T08:00:37.765Z,19010608,XBTUSD,3788.5,503255,3789,83277,3788.75,3789
10148547,2019-01-06T08:00:38.428Z,19010608,XBTUSD,3788.5,505265,3789,76279,3788.75,3789
10148554,2019-01-06T08:00:38.833Z,19010608,XBTUSD,3788.5,596092,3789,86081,3788.75,3789
10148579,2019-01-06T08:00:39.619Z,19010608,XBTUSD,3788.5,513193,3789,56283,3788.75,3789
10148588,2019-01-06T08:00:40.724Z,19010608,XBTUSD,3788.5,512976,3789,56285,3788.75,3789
10148600,2019-01-06T08:00:41.763Z,19010608,XBTUSD,3789,19106,3789.5,71336,3789.25,3789.5
10148606,2019-01-06T08:00:41.786Z,19010608,XBTUSD,3789,47584,3789.5,71336,3789.25,3789.5
10148615,2019-01-06T08:00:41.810Z,19010608,XBTUSD,3789,145601,3789.5,71336,3789.25,3789.5
10148626,2019-01-06T08:00:41.847Z,19010608,XBTUSD,3789,199017,3789.5,87367,3789.25,3789.5
10148635,2019-01-06T08:00:41.889Z,19010608,XBTUSD,3789,299056,3789.5,87397,3789.25,3789.5
10148646,2019-01-06T08:00:41.949Z,19010608,XBTUSD,3789,280215,3789.5,87548,3789.25,3789.5
10148655,2019-01-06T08:00:41.971Z,19010608,XBTUSD,3789,287226,3789.5,87548,3789.25,3789.5
10148667,2019-01-06T08:00:42.057Z,19010608,XBTUSD,3789,319533,3789.5,78305,3789.25,3789.5
10148677,2019-01-06T08:00:42.122Z,19010608,XBTUSD,3789,286346,3789.5,99305,3789.25,3789.5
10148688,2019-01-06T08:00:42.321Z,19010608,XBTUSD,3789,269785,3789.5,110307,3789.25,3789.5
10148698,2019-01-06T08:00:42.860Z,19010608,XBTUSD,3789,274579,3789.5,119113,3789.25,3789.5
10148725,2019-01-06T08:00:43.505Z,19010608,XBTUSD,3789,277671,3789.5,118938,3789.25,3789.5
10148738,2019-01-06T08:00:44.202Z,19010608,XBTUSD,3789,279171,3789.5,118794,3789.25,3789.5
10148757,2019-01-06T08:00:47.592Z,19010608,XBTUSD,3789,285753,3789.5,118797,3789.25,3789.5
10148774,2019-01-06T08:00:47.862Z,19010608,XBTUSD,3789,339946,3789.5,62132,3789.25,3789.5
10148781,2019-01-06T08:00:47.943Z,19010608,XBTUSD,3789,328914,3789.5,72585,3789.25,3789.5
10148793,2019-01-06T08:00:48.030Z,19010608,XBTUSD,3789,328914,3789.5,70365,3789.25,3789.5
10148806,2019-01-06T08:00:48.443Z,19010608,XBTUSD,3789,322156,3789.5,55634,3789.25,3789.5
10148818,2019-01-06T08:00:49.353Z,19010608,XBTUSD,3789,333944,3789.5,45247,3789.25,3789.5
10148830,2019-01-06T08:00:49.775Z,19010608,XBTUSD,3789,311896,3789.5,63935,3789.25,3789.5
10148844,2019-01-06T08:00:50.675Z,19010608,XBTUSD,3789,311896,3789.5,58770,3789.25,3789.5
10148854,2019-01-06T08:00:51.678Z,19010608,XBTUSD,3789,302845,3789.5,30065,3789.25,3789.5
10148890,2019-01-06T08:00:53.498Z,19010608,XBTUSD,3789,306393,3789.5,48975,3789.25,3789.5
10148913,2019-01-06T08:00:54.509Z,19010608,XBTUSD,3789,323014,3789.5,27694,3789.25,3789.5
10148938,2019-01-06T08:00:55.826Z,19010608,XBTUSD,3789,316167,3789.5,26383,3789.25,3789.5
10148945,2019-01-06T08:00:56.103Z,19010608,XBTUSD,3789,316167,3789.5,26584,3789.25,3789.5
10148964,2019-01-06T08:00:57.404Z,19010608,XBTUSD,3789,307682,3789.5,25155,3789.25,3789.5
10148973,2019-01-06T08:00:58.315Z,19010608,XBTUSD,3789,312782,3789.5,19972,3789.25,3789.5
10148984,2019-01-06T08:00:58.435Z,19010608,XBTUSD,3789,302782,3789.5,41973,3789.25,3789.5
10149003,2019-01-06T08:00:59.564Z,19010608,XBTUSD,3789,298626,3789.5,36377,3789.25,3789.5
10149025,2019-01-06T08:01:01.206Z,19010608,XBTUSD,3789,278078,3789.5,33451,3789.25,3789.5
10149035,2019-01-06T08:01:01.769Z,19010608,XBTUSD,3789,271073,3789.5,40619,3789.25,3789.5
10149043,2019-01-06T08:01:02.013Z,19010608,XBTUSD,3789,216273,3789.5,106075,3789.25,3789.5
10149065,2019-01-06T08:01:02.273Z,19010608,XBTUSD,3789,216323,3789.5,111418,3789.25,3789.5
10149076,2019-01-06T08:01:02.416Z,19010608,XBTUSD,3789,225552,3789.5,123768,3789.25,3789.5
10148357,2019-01-06T08:00:29.418Z,19010608,XBTUSD,3788.5,525986,3789,9810,3788.75,3789
10148371,2019-01-06T08:00:30.308Z,19010608,XBTUSD,3788.5,525985,3789,15814,3788.75,3789
10148396,2019-01-06T08:00:31.625Z,19010608,XBTUSD,3788.5,484695,3789,148118,3788.75,3789
10148413,2019-01-06T08:00:32.588Z,19010608,XBTUSD,3788.5,583186,3789,138120,3788.75,3789
10148425,2019-01-06T08:00:33.138Z,19010608,XBTUSD,3788.5,578133,3789,138101,3788.75,3789
10148456,2019-01-06T08:00:34.449Z,19010608,XBTUSD,3788.5,486884,3789,88084,3788.75,3789
10148484,2019-01-06T08:00:35.704Z,19010608,XBTUSD,3788.5,482864,3789,88471,3788.75,3789
10148494,2019-01-06T08:00:36.480Z,19010608,XBTUSD,3788.5,471716,3789,85573,3788.75,3789
10148515,2019-01-06T08:00:37.220Z,19010608,XBTUSD,3788.5,538796,3789,83275,3788.75,3789
10148544,2019-01-06T08:00:38.149Z,19010608,XBTUSD,3788.5,505255,3789,83278,3788.75,3789
10148558,2019-01-06T08:00:39.048Z,19010608,XBTUSD,3788.5,511001,3789,66081,3788.75,3789
10148597,2019-01-06T08:00:41.755Z,19010608,XBTUSD,3789,100,3789.5,71336,3789.25,3789.5
10148604,2019-01-06T08:00:41.779Z,19010608,XBTUSD,3789,47344,3789.5,71336,3789.25,3789.5
10148614,2019-01-06T08:00:41.809Z,19010608,XBTUSD,3789,136109,3789.5,71336,3789.25,3789.5
10148624,2019-01-06T08:00:41.837Z,19010608,XBTUSD,3789,199017,3789.5,73367,3789.25,3789.5
10148633,2019-01-06T08:00:41.878Z,19010608,XBTUSD,3789,285808,3789.5,87397,3789.25,3789.5
10148639,2019-01-06T08:00:41.914Z,19010608,XBTUSD,3789,331579,3789.5,87548,3789.25,3789.5
10148660,2019-01-06T08:00:41.987Z,19010608,XBTUSD,3789,297533,3789.5,77548,3789.25,3789.5
10148669,2019-01-06T08:00:42.057Z,19010608,XBTUSD,3789,324538,3789.5,78305,3789.25,3789.5
10148680,2019-01-06T08:00:42.132Z,19010608,XBTUSD,3789,287346,3789.5,110305,3789.25,3789.5
10148690,2019-01-06T08:00:42.489Z,19010608,XBTUSD,3789,271785,3789.5,118993,3789.25,3789.5
10148724,2019-01-06T08:00:43.465Z,19010608,XBTUSD,3789,277671,3789.5,118937,3789.25,3789.5
10148756,2019-01-06T08:00:47.584Z,19010608,XBTUSD,3789,285766,3789.5,118797,3789.25,3789.5
10148765,2019-01-06T08:00:47.656Z,19010608,XBTUSD,3789,282712,3789.5,64332,3789.25,3789.5
10148775,2019-01-06T08:00:47.882Z,19010608,XBTUSD,3789,329914,3789.5,62482,3789.25,3789.5
10148777,2019-01-06T08:00:47.901Z,19010608,XBTUSD,3789,328914,3789.5,72482,3789.25,3789.5
10148791,2019-01-06T08:00:47.986Z,19010608,XBTUSD,3789,328914,3789.5,63365,3789.25,3789.5
10148808,2019-01-06T08:00:48.873Z,19010608,XBTUSD,3789,322624,3789.5,55595,3789.25,3789.5
10148822,2019-01-06T08:00:49.499Z,19010608,XBTUSD,3789,329954,3789.5,45249,3789.25,3789.5
10148831,2019-01-06T08:00:49.837Z,19010608,XBTUSD,3789,311896,3789.5,58935,3789.25,3789.5
10148852,2019-01-06T08:00:51.540Z,19010608,XBTUSD,3789,305270,3789.5,30065,3789.25,3789.5
10148878,2019-01-06T08:00:52.512Z,19010608,XBTUSD,3789,304393,3789.5,38921,3789.25,3789.5
10148909,2019-01-06T08:00:54.200Z,19010608,XBTUSD,3789,323014,3789.5,43977,3789.25,3789.5
10148919,2019-01-06T08:00:55.036Z,19010608,XBTUSD,3789,322914,3789.5,34583,3789.25,3789.5
10148930,2019-01-06T08:00:55.226Z,19010608,XBTUSD,3789,322914,3789.5,26471,3789.25,3789.5
10148946,2019-01-06T08:00:56.128Z,19010608,XBTUSD,3789,316167,3789.5,25977,3789.25,3789.5
10148968,2019-01-06T08:00:57.903Z,19010608,XBTUSD,3789,312682,3789.5,25118,3789.25,3789.5
10148976,2019-01-06T08:00:58.406Z,19010608,XBTUSD,3789,317782,3789.5,19973,3789.25,3789.5
10148987,2019-01-06T08:00:58.631Z,19010608,XBTUSD,3789,301267,3789.5,42074,3789.25,3789.5
10148999,2019-01-06T08:00:59.106Z,19010608,XBTUSD,3789,297163,3789.5,41976,3789.25,3789.5
10149008,2019-01-06T08:00:59.902Z,19010608,XBTUSD,3789,296751,3789.5,36913,3789.25,3789.5
10149022,2019-01-06T08:01:01.096Z,19010608,XBTUSD,3789,284063,3789.5,33451,3789.25,3789.5
10149027,2019-01-06T08:01:01.267Z,19010608,XBTUSD,3789,273078,3789.5,35251,3789.25,3789.5
10149042,2019-01-06T08:01:01.987Z,19010608,XBTUSD,3789,216273,3789.5,54075,3789.25,3789.5
10149064,2019-01-06T08:01:02.101Z,19010608,XBTUSD,3789,216323,3789.5,110320,3789.25,3789.5
10149075,2019-01-06T08:01:02.413Z,19010608,XBTUSD,3789,225552,3789.5,128768,3789.25,3789.5
10149123,2019-01-06T08:01:03.215Z,19010608,XBTUSD,3789,207381,3789.5,293549,3789.25,3789.5
10149134,2019-01-06T08:01:03.734Z,19010608,XBTUSD,3789,215410,3789.5,323745,3789.25,3789.5
10148398,2019-01-06T08:00:31.879Z,19010608,XBTUSD,3788.5,575619,3789,138118,3788.75,3789
10148407,2019-01-06T08:00:32.233Z,19010608,XBTUSD,3788.5,585656,3789,138118,3788.75,3789
10148432,2019-01-06T08:00:33.790Z,19010608,XBTUSD,3788.5,476594,3789,148082,3788.75,3789
10148452,2019-01-06T08:00:34.234Z,19010608,XBTUSD,3788.5,476874,3789,88084,3788.75,3789
10148463,2019-01-06T08:00:34.942Z,19010608,XBTUSD,3788.5,484839,3789,88471,3788.75,3789
10148486,2019-01-06T08:00:35.741Z,19010608,XBTUSD,3788.5,486164,3789,88471,3788.75,3789
10148495,2019-01-06T08:00:36.575Z,19010608,XBTUSD,3788.5,481116,3789,83773,3788.75,3789
10148514,2019-01-06T08:00:37.155Z,19010608,XBTUSD,3788.5,538796,3789,83975,3788.75,3789
10148526,2019-01-06T08:00:37.614Z,19010608,XBTUSD,3788.5,501361,3789,83277,3788.75,3789
10148543,2019-01-06T08:00:38.146Z,19010608,XBTUSD,3788.5,505255,3789,83277,3788.75,3789
10148555,2019-01-06T08:00:38.843Z,19010608,XBTUSD,3788.5,596925,3789,86081,3788.75,3789
10148594,2019-01-06T08:00:41.144Z,19010608,XBTUSD,3788.5,513711,3789,52285,3788.75,3789
10148609,2019-01-06T08:00:41.794Z,19010608,XBTUSD,3789,85714,3789.5,71336,3789.25,3789.5
10148618,2019-01-06T08:00:41.816Z,19010608,XBTUSD,3789,166719,3789.5,73336,3789.25,3789.5
10148630,2019-01-06T08:00:41.857Z,19010608,XBTUSD,3789,232165,3789.5,87397,3789.25,3789.5
10148643,2019-01-06T08:00:41.937Z,19010608,XBTUSD,3789,295351,3789.5,87548,3789.25,3789.5
10148662,2019-01-06T08:00:42.006Z,19010608,XBTUSD,3789,304533,3789.5,77548,3789.25,3789.5
10148668,2019-01-06T08:00:42.057Z,19010608,XBTUSD,3789,324533,3789.5,78305,3789.25,3789.5
10148681,2019-01-06T08:00:42.200Z,19010608,XBTUSD,3789,277346,3789.5,110305,3789.25,3789.5
10148695,2019-01-06T08:00:42.856Z,19010608,XBTUSD,3789,272704,3789.5,119113,3789.25,3789.5
10148699,2019-01-06T08:00:42.862Z,19010608,XBTUSD,3789,275204,3789.5,119113,3789.25,3789.5
10148723,2019-01-06T08:00:43.413Z,19010608,XBTUSD,3789,277646,3789.5,118937,3789.25,3789.5
10148745,2019-01-06T08:00:45.025Z,19010608,XBTUSD,3789,285738,3789.5,118797,3789.25,3789.5
10148760,2019-01-06T08:00:47.608Z,19010608,XBTUSD,3789,285762,3789.5,113797,3789.25,3789.5
10148771,2019-01-06T08:00:47.802Z,19010608,XBTUSD,3789,284322,3789.5,62232,3789.25,3789.5
10148794,2019-01-06T08:00:48.204Z,19010608,XBTUSD,3789,328914,3789.5,61679,3789.25,3789.5
10148805,2019-01-06T08:00:48.417Z,19010608,XBTUSD,3789,321556,3789.5,55634,3789.25,3789.5
10148820,2019-01-06T08:00:49.408Z,19010608,XBTUSD,3789,333944,3789.5,45249,3789.25,3789.5
10148833,2019-01-06T08:00:49.910Z,19010608,XBTUSD,3789,311896,3789.5,58916,3789.25,3789.5
10148849,2019-01-06T08:00:51.281Z,19010608,XBTUSD,3789,309396,3789.5,43751,3789.25,3789.5
10148858,2019-01-06T08:00:51.983Z,19010608,XBTUSD,3789,302220,3789.5,38067,3789.25,3789.5
10148882,2019-01-06T08:00:52.725Z,19010608,XBTUSD,3789,306456,3789.5,38973,3789.25,3789.5
10148888,2019-01-06T08:00:53.424Z,19010608,XBTUSD,3789,308456,3789.5,48974,3789.25,3789.5
10148894,2019-01-06T08:00:53.776Z,19010608,XBTUSD,3789,320643,3789.5,48975,3789.25,3789.5
10148911,2019-01-06T08:00:54.314Z,19010608,XBTUSD,3789,323014,3789.5,27793,3789.25,3789.5
10148932,2019-01-06T08:00:55.397Z,19010608,XBTUSD,3789,318167,3789.5,26471,3789.25,3789.5
10148950,2019-01-06T08:00:56.579Z,19010608,XBTUSD,3789,317682,3789.5,25952,3789.25,3789.5
10148960,2019-01-06T08:00:57.203Z,19010608,XBTUSD,3789,298556,3789.5,26154,3789.25,3789.5
10148969,2019-01-06T08:00:57.995Z,19010608,XBTUSD,3789,312782,3789.5,25118,3789.25,3789.5
10148972,2019-01-06T08:00:58.234Z,19010608,XBTUSD,3789,312782,3789.5,20118,3789.25,3789.5
10148986,2019-01-06T08:00:58.589Z,19010608,XBTUSD,3789,301267,3789.5,41974,3789.25,3789.5
10149000,2019-01-06T08:00:59.159Z,19010608,XBTUSD,3789,296563,3789.5,41376,3789.25,3789.5
10149016,2019-01-06T08:01:00.859Z,19010608,XBTUSD,3789,294063,3789.5,37914,3789.25,3789.5
10149029,2019-01-06T08:01:01.437Z,19010608,XBTUSD,3789,273078,3789.5,36321,3789.25,3789.5
10149038,2019-01-06T08:01:01.870Z,19010608,XBTUSD,3789,216073,3789.5,49455,3789.25,3789.5
10149063,2019-01-06T08:01:02.074Z,19010608,XBTUSD,3789,216323,3789.5,108470,3789.25,3789.5
10149073,2019-01-06T08:01:02.399Z,19010608,XBTUSD,3789,225552,3789.5,124268,3789.25,3789.5
10149083,2019-01-06T08:01:02.824Z,19010608,XBTUSD,3789,213269,3789.5,160533,3789.25,3789.5
10149125,2019-01-06T08:01:03.293Z,19010608,XBTUSD,3789,213512,3789.5,293549,3789.25,3789.5
10149137,2019-01-06T08:01:03.837Z,19010608,XBTUSD,3789,215468,3789.5,323746,3789.25,3789.5
10149161,2019-01-06T08:01:04.366Z,19010608,XBTUSD,3789,214471,3789.5,396976,3789.25,3789.5
10149170,2019-01-06T08:01:05.002Z,19010608,XBTUSD,3789,216484,3789.5,437855,3789.25,3789.5
10149190,2019-01-06T08:01:05.607Z,19010608,XBTUSD,3789,216522,3789.5,487755,3789.25,3789.5
10149215,2019-01-06T08:01:06.883Z,19010608,XBTUSD,3789,213837,3789.5,497947,3789.25,3789.5
10148499,2019-01-06T08:00:36.809Z,19010608,XBTUSD,3788.5,563161,3789,83773,3788.75,3789
10148520,2019-01-06T08:00:37.352Z,19010608,XBTUSD,3788.5,541821,3789,83275,3788.75,3789
10148550,2019-01-06T08:00:38.673Z,19010608,XBTUSD,3788.5,503965,3789,86080,3788.75,3789
10148577,2019-01-06T08:00:39.609Z,19010608,XBTUSD,3788.5,513193,3789,56281,3788.75,3789
10148596,2019-01-06T08:00:41.739Z,19010608,XBTUSD,3788.5,513711,3789.5,71336,3789,3789.5
10148611,2019-01-06T08:00:41.799Z,19010608,XBTUSD,3789,103928,3789.5,71336,3789.25,3789.5
10148621,2019-01-06T08:00:41.828Z,19010608,XBTUSD,3789,174719,3789.5,73336,3789.25,3789.5
10148628,2019-01-06T08:00:41.852Z,19010608,XBTUSD,3789,219165,3789.5,87397,3789.25,3789.5
10148638,2019-01-06T08:00:41.912Z,19010608,XBTUSD,3789,310949,3789.5,87548,3789.25,3789.5
10148648,2019-01-06T08:00:41.954Z,19010608,XBTUSD,3789,285226,3789.5,87548,3789.25,3789.5
10148661,2019-01-06T08:00:41.988Z,19010608,XBTUSD,3789,299533,3789.5,77548,3789.25,3789.5
10148674,2019-01-06T08:00:42.098Z,19010608,XBTUSD,3789,295846,3789.5,89305,3789.25,3789.5
10148678,2019-01-06T08:00:42.125Z,19010608,XBTUSD,3789,287346,3789.5,99305,3789.25,3789.5
10148687,2019-01-06T08:00:42.311Z,19010608,XBTUSD,3789,269782,3789.5,110307,3789.25,3789.5
10148697,2019-01-06T08:00:42.859Z,19010608,XBTUSD,3789,273954,3789.5,119113,3789.25,3789.5
10148722,2019-01-06T08:00:43.412Z,19010608,XBTUSD,3789,277021,3789.5,118937,3789.25,3789.5
10148737,2019-01-06T08:00:44.116Z,19010608,XBTUSD,3789,279171,3789.5,118793,3789.25,3789.5
10148763,2019-01-06T08:00:47.637Z,19010608,XBTUSD,3789,282712,3789.5,113797,3789.25,3789.5
10148768,2019-01-06T08:00:47.713Z,19010608,XBTUSD,3789,287212,3789.5,64032,3789.25,3789.5
10148778,2019-01-06T08:00:47.905Z,19010608,XBTUSD,3789,328914,3789.5,72483,3789.25,3789.5
10148798,2019-01-06T08:00:48.255Z,19010608,XBTUSD,3789,328614,3789.5,51632,3789.25,3789.5
10148801,2019-01-06T08:00:48.328Z,19010608,XBTUSD,3789,328614,3789.5,47634,3789.25,3789.5
10148815,2019-01-06T08:00:49.118Z,19010608,XBTUSD,3789,322644,3789.5,55597,3789.25,3789.5
10148825,2019-01-06T08:00:49.589Z,19010608,XBTUSD,3789,311471,3789.5,45249,3789.25,3789.5
10148848,2019-01-06T08:00:51.272Z,19010608,XBTUSD,3789,309396,3789.5,43750,3789.25,3789.5
10148876,2019-01-06T08:00:52.134Z,19010608,XBTUSD,3789,304383,3789.5,37921,3789.25,3789.5
10148887,2019-01-06T08:00:53.135Z,19010608,XBTUSD,3789,308456,3789.5,48973,3789.25,3789.5
10148906,2019-01-06T08:00:54.091Z,19010608,XBTUSD,3789,320643,3789.5,43977,3789.25,3789.5
10148916,2019-01-06T08:00:54.806Z,19010608,XBTUSD,3789,323014,3789.5,32795,3789.25,3789.5
10148939,2019-01-06T08:00:56.069Z,19010608,XBTUSD,3789,316167,3789.5,26083,3789.25,3789.5
10148953,2019-01-06T08:00:56.877Z,19010608,XBTUSD,3789,313556,3789.5,26153,3789.25,3789.5
10148963,2019-01-06T08:00:57.378Z,19010608,XBTUSD,3789,307682,3789.5,25154,3789.25,3789.5
10148979,2019-01-06T08:00:58.418Z,19010608,XBTUSD,3789,307782,3789.5,19973,3789.25,3789.5
10148985,2019-01-06T08:00:58.504Z,19010608,XBTUSD,3789,302782,3789.5,41974,3789.25,3789.5
10149005,2019-01-06T08:00:59.877Z,19010608,XBTUSD,3789,298001,3789.5,36378,3789.25,3789.5
10149023,2019-01-06T08:01:01.125Z,19010608,XBTUSD,3789,282058,3789.5,33451,3789.25,3789.5
10149032,2019-01-06T08:01:01.657Z,19010608,XBTUSD,3789,273078,3789.5,36223,3789.25,3789.5
10149045,2019-01-06T08:01:02.042Z,19010608,XBTUSD,3789,216273,3789.5,106620,3789.25,3789.5
10149069,2019-01-06T08:01:02.374Z,19010608,XBTUSD,3789,225592,3789.5,118418,3789.25,3789.5
10149081,2019-01-06T08:01:02.732Z,19010608,XBTUSD,3789,215274,3789.5,135533,3789.25,3789.5
10149126,2019-01-06T08:01:03.422Z,19010608,XBTUSD,3789,213552,3789.5,293549,3789.25,3789.5
10149129,2019-01-06T08:01:03.483Z,19010608,XBTUSD,3789,215409,3789.5,293670,3789.25,3789.5
10149139,2019-01-06T08:01:04.039Z,19010608,XBTUSD,3789,214843,3789.5,298746,3789.25,3789.5
10149159,2019-01-06T08:01:04.330Z,19010608,XBTUSD,3789,214471,3789.5,386946,3789.25,3789.5
10149191,2019-01-06T08:01:05.708Z,19010608,XBTUSD,3789,216522,3789.5,487756,3789.25,3789.5
10149210,2019-01-06T08:01:06.423Z,19010608,XBTUSD,3789,212455,3789.5,497746,3789.25,3789.5
10149236,2019-01-06T08:01:07.603Z,19010608,XBTUSD,3789,230704,3789.5,501960,3789.25,3789.5
10149266,2019-01-06T08:01:08.617Z,19010608,XBTUSD,3789,252749,3789.5,441980,3789.25,3789.5
10149285,2019-01-06T08:01:10.004Z,19010608,XBTUSD,3789,253243,3789.5,501983,3789.25,3789.5
10149302,2019-01-06T08:01:11.020Z,19010608,XBTUSD,3789,257217,3789.5,505756,3789.25,3789.5
10149312,2019-01-06T08:01:11.330Z,19010608,XBTUSD,3789,253386,3789.5,502717,3789.25,3789.5
10149352,2019-01-06T08:01:12.605Z,19010608,XBTUSD,3789,241828,3789.5,495769,3789.25,3789.5
10148525,2019-01-06T08:00:37.584Z,19010608,XBTUSD,3788.5,501361,3789,83276,3788.75,3789
10148546,2019-01-06T08:00:38.230Z,19010608,XBTUSD,3788.5,505265,3789,83279,3788.75,3789
10148557,2019-01-06T08:00:39.030Z,19010608,XBTUSD,3788.5,511001,3789,86081,3788.75,3789
10148589,2019-01-06T08:00:40.943Z,19010608,XBTUSD,3788.5,513711,3789,56285,3788.75,3789
10148599,2019-01-06T08:00:41.762Z,19010608,XBTUSD,3789,19016,3789.5,71336,3789.25,3789.5
10148610,2019-01-06T08:00:41.796Z,19010608,XBTUSD,3789,85789,3789.5,71336,3789.25,3789.5
10148623,2019-01-06T08:00:41.835Z,19010608,XBTUSD,3789,188839,3789.5,73367,3789.25,3789.5
10148627,2019-01-06T08:00:41.849Z,19010608,XBTUSD,3789,209133,3789.5,87397,3789.25,3789.5
10148637,2019-01-06T08:00:41.908Z,19010608,XBTUSD,3789,309056,3789.5,87548,3789.25,3789.5
10148645,2019-01-06T08:00:41.941Z,19010608,XBTUSD,3789,279215,3789.5,87548,3789.25,3789.5
10148663,2019-01-06T08:00:42.023Z,19010608,XBTUSD,3789,304533,3789.5,78305,3789.25,3789.5
10148672,2019-01-06T08:00:42.092Z,19010608,XBTUSD,3789,314662,3789.5,88305,3789.25,3789.5
10148684,2019-01-06T08:00:42.294Z,19010608,XBTUSD,3789,269658,3789.5,110305,3789.25,3789.5
10148689,2019-01-06T08:00:42.326Z,19010608,XBTUSD,3789,269785,3789.5,118993,3789.25,3789.5
10148702,2019-01-06T08:00:42.925Z,19010608,XBTUSD,3789,275204,3789.5,118969,3789.25,3789.5
10148718,2019-01-06T08:00:43.170Z,19010608,XBTUSD,3789,276018,3789.5,118969,3789.25,3789.5
10148740,2019-01-06T08:00:44.351Z,19010608,XBTUSD,3789,285395,3789.5,118795,3789.25,3789.5
10148758,2019-01-06T08:00:47.593Z,19010608,XBTUSD,3789,285763,3789.5,118797,3789.25,3789.5
10148767,2019-01-06T08:00:47.701Z,19010608,XBTUSD,3789,286712,3789.5,64032,3789.25,3789.5
10148779,2019-01-06T08:00:47.936Z,19010608,XBTUSD,3789,328914,3789.5,72484,3789.25,3789.5
10148796,2019-01-06T08:00:48.214Z,19010608,XBTUSD,3789,328614,3789.5,61533,3789.25,3789.5
10148800,2019-01-06T08:00:48.313Z,19010608,XBTUSD,3789,328614,3789.5,47633,3789.25,3789.5
10148810,2019-01-06T08:00:48.905Z,19010608,XBTUSD,3789,322624,3789.5,55597,3789.25,3789.5
10148819,2019-01-06T08:00:49.404Z,19010608,XBTUSD,3789,333944,3789.5,45248,3789.25,3789.5
10148851,2019-01-06T08:00:51.446Z,19010608,XBTUSD,3789,305270,3789.5,35065,3789.25,3789.5
10148891,2019-01-06T08:00:53.552Z,19010608,XBTUSD,3789,321393,3789.5,48975,3789.25,3789.5
10148893,2019-01-06T08:00:53.730Z,19010608,XBTUSD,3789,320018,3789.5,48975,3789.25,3789.5
10148907,2019-01-06T08:00:54.110Z,19010608,XBTUSD,3789,322706,3789.5,43977,3789.25,3789.5
10148917,2019-01-06T08:00:54.970Z,19010608,XBTUSD,3789,322914,3789.5,32795,3789.25,3789.5
10148931,2019-01-06T08:00:55.296Z,19010608,XBTUSD,3789,323167,3789.5,26471,3789.25,3789.5
10148944,2019-01-06T08:00:56.097Z,19010608,XBTUSD,3789,316167,3789.5,26583,3789.25,3789.5
10148959,2019-01-06T08:00:57.102Z,19010608,XBTUSD,3789,298556,3789.5,26153,3789.25,3789.5
10148978,2019-01-06T08:00:58.409Z,19010608,XBTUSD,3789,310782,3789.5,19973,3789.25,3789.5
10148990,2019-01-06T08:00:58.980Z,19010608,XBTUSD,3789,297163,3789.5,32074,3789.25,3789.5
10149004,2019-01-06T08:00:59.629Z,19010608,XBTUSD,3789,298626,3789.5,36378,3789.25,3789.5
10149020,2019-01-06T08:01:01.072Z,19010608,XBTUSD,3789,289063,3789.5,33450,3789.25,3789.5
10149031,2019-01-06T08:01:01.602Z,19010608,XBTUSD,3789,273078,3789.5,36323,3789.25,3789.5
10149039,2019-01-06T08:01:01.883Z,19010608,XBTUSD,3789,216273,3789.5,49455,3789.25,3789.5
10149066,2019-01-06T08:01:02.295Z,19010608,XBTUSD,3789,228678,3789.5,111418,3789.25,3789.5
10149079,2019-01-06T08:01:02.614Z,19010608,XBTUSD,3789,225589,3789.5,133733,3789.25,3789.5
10149085,2019-01-06T08:01:02.990Z,19010608,XBTUSD,3789,211269,3789.5,158533,3789.25,3789.5
10149124,2019-01-06T08:01:03.249Z,19010608,XBTUSD,3789,211507,3789.5,293549,3789.25,3789.5
10149131,2019-01-06T08:01:03.537Z,19010608,XBTUSD,3789,215409,3789.5,313670,3789.25,3789.5
10149158,2019-01-06T08:01:04.111Z,19010608,XBTUSD,3789,214471,3789.5,298746,3789.25,3789.5
10149168,2019-01-06T08:01:04.869Z,19010608,XBTUSD,3789,212472,3789.5,437875,3789.25,3789.5
10149193,2019-01-06T08:01:05.822Z,19010608,XBTUSD,3789,216523,3789.5,497756,3789.25,3789.5
10149231,2019-01-06T08:01:07.346Z,19010608,XBTUSD,3789,229576,3789.5,501959,3789.25,3789.5
10149256,2019-01-06T08:01:08.145Z,19010608,XBTUSD,3789,222713,3789.5,502079,3789.25,3789.5
10149269,2019-01-06T08:01:08.836Z,19010608,XBTUSD,3789,248738,3789.5,441981,3789.25,3789.5
10149281,2019-01-06T08:01:09.547Z,19010608,XBTUSD,3789,253343,3789.5,441982,3789.25,3789.5
10149295,2019-01-06T08:01:10.611Z,19010608,XBTUSD,3789,251238,3789.5,505755,3789.25,3789.5
10149311,2019-01-06T08:01:11.289Z,19010608,XBTUSD,3789,253386,3789.5,506729,3789.25,3789.5
10148590,2019-01-06T08:00:41.071Z,19010608,XBTUSD,3788.5,604635,3789,56285,3788.75,3789
10148593,2019-01-06T08:00:41.123Z,19010608,XBTUSD,3788.5,604635,3789,52285,3788.75,3789
10148603,2019-01-06T08:00:41.775Z,19010608,XBTUSD,3789,47329,3789.5,71336,3789.25,3789.5
10148613,2019-01-06T08:00:41.806Z,19010608,XBTUSD,3789,124064,3789.5,71336,3789.25,3789.5
10148622,2019-01-06T08:00:41.829Z,19010608,XBTUSD,3789,184839,3789.5,73367,3789.25,3789.5
10148634,2019-01-06T08:00:41.885Z,19010608,XBTUSD,3789,292866,3789.5,87397,3789.25,3789.5
10148640,2019-01-06T08:00:41.926Z,19010608,XBTUSD,3789,313449,3789.5,87548,3789.25,3789.5
10148657,2019-01-06T08:00:41.980Z,19010608,XBTUSD,3789,307276,3789.5,77548,3789.25,3789.5
10148670,2019-01-06T08:00:42.082Z,19010608,XBTUSD,3789,324662,3789.5,78305,3789.25,3789.5
10148685,2019-01-06T08:00:42.299Z,19010608,XBTUSD,3789,269782,3789.5,110305,3789.25,3789.5
10148691,2019-01-06T08:00:42.495Z,19010608,XBTUSD,3789,271785,3789.5,119113,3789.25,3789.5
10148720,2019-01-06T08:00:43.404Z,19010608,XBTUSD,3789,276207,3789.5,118937,3789.25,3789.5
10148742,2019-01-06T08:00:44.716Z,19010608,XBTUSD,3789,285705,3789.5,118795,3789.25,3789.5
10148755,2019-01-06T08:00:47.583Z,19010608,XBTUSD,3789,285739,3789.5,118797,3789.25,3789.5
10148766,2019-01-06T08:00:47.662Z,19010608,XBTUSD,3789,282712,3789.5,64032,3789.25,3789.5
10148776,2019-01-06T08:00:47.898Z,19010608,XBTUSD,3789,328914,3789.5,62482,3789.25,3789.5
10148797,2019-01-06T08:00:48.234Z,19010608,XBTUSD,3789,328614,3789.5,61632,3789.25,3789.5
10148802,2019-01-06T08:00:48.335Z,19010608,XBTUSD,3789,328614,3789.5,44634,3789.25,3789.5
10148817,2019-01-06T08:00:49.265Z,19010608,XBTUSD,3789,333444,3789.5,45247,3789.25,3789.5
10148827,2019-01-06T08:00:49.592Z,19010608,XBTUSD,3789,313896,3789.5,45249,3789.25,3789.5
10148853,2019-01-06T08:00:51.659Z,19010608,XBTUSD,3789,304645,3789.5,30065,3789.25,3789.5
10148856,2019-01-06T08:00:51.772Z,19010608,XBTUSD,3789,302220,3789.5,30066,3789.25,3789.5
10148880,2019-01-06T08:00:52.622Z,19010608,XBTUSD,3789,306456,3789.5,38922,3789.25,3789.5
10148896,2019-01-06T08:00:54.034Z,19010608,XBTUSD,3789,320643,3789.5,48977,3789.25,3789.5
10148908,2019-01-06T08:00:54.146Z,19010608,XBTUSD,3789,322746,3789.5,43977,3789.25,3789.5
10148918,2019-01-06T08:00:55.008Z,19010608,XBTUSD,3789,322914,3789.5,32796,3789.25,3789.5
10148937,2019-01-06T08:00:55.803Z,19010608,XBTUSD,3789,316167,3789.5,26373,3789.25,3789.5
10148951,2019-01-06T08:00:56.773Z,19010608,XBTUSD,3789,313556,3789.5,25952,3789.25,3789.5
10148962,2019-01-06T08:00:57.318Z,19010608,XBTUSD,3789,302682,3789.5,25154,3789.25,3789.5
10148974,2019-01-06T08:00:58.322Z,19010608,XBTUSD,3789,314782,3789.5,19972,3789.25,3789.5
10148988,2019-01-06T08:00:58.901Z,19010608,XBTUSD,3789,297141,3789.5,42074,3789.25,3789.5
10149007,2019-01-06T08:00:59.885Z,19010608,XBTUSD,3789,296751,3789.5,36378,3789.25,3789.5
10149019,2019-01-06T08:01:00.970Z,19010608,XBTUSD,3789,289063,3789.5,32915,3789.25,3789.5
10149026,2019-01-06T08:01:01.255Z,19010608,XBTUSD,3789,273078,3789.5,33451,3789.25,3789.5
10149036,2019-01-06T08:01:01.834Z,19010608,XBTUSD,3789,271073,3789.5,49305,3789.25,3789.5
10149046,2019-01-06T08:01:02.063Z,19010608,XBTUSD,3789,216273,3789.5,108420,3789.25,3789.5
10149072,2019-01-06T08:01:02.392Z,19010608,XBTUSD,3789,225552,3789.5,122018,3789.25,3789.5
10149077,2019-01-06T08:01:02.485Z,19010608,XBTUSD,3789,225552,3789.5,123732,3789.25,3789.5
10149120,2019-01-06T08:01:03.187Z,19010608,XBTUSD,3789,209413,3789.5,293534,3789.25,3789.5
10149135,2019-01-06T08:01:03.769Z,19010608,XBTUSD,3789,215410,3789.5,323746,3789.25,3789.5
10149160,2019-01-06T08:01:04.346Z,19010608,XBTUSD,3789,214471,3789.5,396946,3789.25,3789.5
10149211,2019-01-06T08:01:06.465Z,19010608,XBTUSD,3789,211830,3789.5,497746,3789.25,3789.5
10149234,2019-01-06T08:01:07.592Z,19010608,XBTUSD,3789,228639,3789.5,501960,3789.25,3789.5
10149240,2019-01-06T08:01:07.874Z,19010608,XBTUSD,3789,222703,3789.5,501579,3789.25,3789.5
10149260,2019-01-06T08:01:08.227Z,19010608,XBTUSD,3789,253732,3789.5,502080,3789.25,3789.5
10149278,2019-01-06T08:01:09.347Z,19010608,XBTUSD,3789,252744,3789.5,441982,3789.25,3789.5
10149294,2019-01-06T08:01:10.332Z,19010608,XBTUSD,3789,251238,3789.5,503769,3789.25,3789.5
10149319,2019-01-06T08:01:11.504Z,19010608,XBTUSD,3789,250142,3789.5,495728,3789.25,3789.5
10149350,2019-01-06T08:01:12.522Z,19010608,XBTUSD,3789,241828,3789.5,495728,3789.25,3789.5
10149367,2019-01-06T08:01:13.376Z,19010608,XBTUSD,3789,256189,3789.5,502670,3789.25,3789.5
10149397,2019-01-06T08:01:14.704Z,19010608,XBTUSD,3789,256397,3789.5,502702,3789.25,3789.5
10148721,2019-01-06T08:00:43.409Z,19010608,XBTUSD,3789,276396,3789.5,118937,3789.25,3789.5
10148739,2019-01-06T08:00:44.206Z,19010608,XBTUSD,3789,279171,3789.5,118795,3789.25,3789.5
10148761,2019-01-06T08:00:47.632Z,19010608,XBTUSD,3789,285137,3789.5,113797,3789.25,3789.5
10148770,2019-01-06T08:00:47.746Z,19010608,XBTUSD,3789,284322,3789.5,62032,3789.25,3789.5
10148782,2019-01-06T08:00:47.951Z,19010608,XBTUSD,3789,328914,3789.5,73085,3789.25,3789.5
10148795,2019-01-06T08:00:48.211Z,19010608,XBTUSD,3789,328614,3789.5,61679,3789.25,3789.5
10148804,2019-01-06T08:00:48.375Z,19010608,XBTUSD,3789,321556,3789.5,54634,3789.25,3789.5
10148824,2019-01-06T08:00:49.583Z,19010608,XBTUSD,3789,310846,3789.5,45249,3789.25,3789.5
10148826,2019-01-06T08:00:49.591Z,19010608,XBTUSD,3789,312096,3789.5,45249,3789.25,3789.5
10148845,2019-01-06T08:00:50.759Z,19010608,XBTUSD,3789,311896,3789.5,53770,3789.25,3789.5
10148859,2019-01-06T08:00:52.006Z,19010608,XBTUSD,3789,304283,3789.5,38067,3789.25,3789.5
10148883,2019-01-06T08:00:52.855Z,19010608,XBTUSD,3789,306456,3789.5,48973,3789.25,3789.5
10148914,2019-01-06T08:00:54.608Z,19010608,XBTUSD,3789,323014,3789.5,27695,3789.25,3789.5
10148934,2019-01-06T08:00:55.413Z,19010608,XBTUSD,3789,318167,3789.5,26372,3789.25,3789.5
10148949,2019-01-06T08:00:56.421Z,19010608,XBTUSD,3789,316167,3789.5,25952,3789.25,3789.5
10148967,2019-01-06T08:00:57.805Z,19010608,XBTUSD,3789,312682,3789.5,25117,3789.25,3789.5
10148980,2019-01-06T08:00:58.419Z,19010608,XBTUSD,3789,307782,3789.5,22973,3789.25,3789.5
10148983,2019-01-06T08:00:58.429Z,19010608,XBTUSD,3789,302782,3789.5,31973,3789.25,3789.5
10149006,2019-01-06T08:00:59.884Z,19010608,XBTUSD,3789,297376,3789.5,36378,3789.25,3789.5
10149010,2019-01-06T08:00:59.988Z,19010608,XBTUSD,3789,294063,3789.5,36913,3789.25,3789.5
10149021,2019-01-06T08:01:01.079Z,19010608,XBTUSD,3789,289063,3789.5,33451,3789.25,3789.5
10149028,2019-01-06T08:01:01.413Z,19010608,XBTUSD,3789,273078,3789.5,35786,3789.25,3789.5
10149044,2019-01-06T08:01:02.018Z,19010608,XBTUSD,3789,216273,3789.5,106610,3789.25,3789.5
10149068,2019-01-06T08:01:02.347Z,19010608,XBTUSD,3789,227597,3789.5,118418,3789.25,3789.5
10149080,2019-01-06T08:01:02.620Z,19010608,XBTUSD,3789,225589,3789.5,135533,3789.25,3789.5
10149119,2019-01-06T08:01:03.177Z,19010608,XBTUSD,3789,211270,3789.5,293534,3789.25,3789.5
10149132,2019-01-06T08:01:03.589Z,19010608,XBTUSD,3789,215409,3789.5,323670,3789.25,3789.5
10149164,2019-01-06T08:01:04.467Z,19010608,XBTUSD,3789,214472,3789.5,396975,3789.25,3789.5
10149194,2019-01-06T08:01:05.908Z,19010608,XBTUSD,3789,217091,3789.5,497756,3789.25,3789.5
10149230,2019-01-06T08:01:07.332Z,19010608,XBTUSD,3789,229576,3789.5,497947,3789.25,3789.5
10149264,2019-01-06T08:01:08.439Z,19010608,XBTUSD,3789,254249,3789.5,451980,3789.25,3789.5
10149277,2019-01-06T08:01:09.304Z,19010608,XBTUSD,3789,250744,3789.5,441982,3789.25,3789.5
10149301,2019-01-06T08:01:10.875Z,19010608,XBTUSD,3789,257187,3789.5,505756,3789.25,3789.5
10149314,2019-01-06T08:01:11.414Z,19010608,XBTUSD,3789,253399,3789.5,502727,3789.25,3789.5
10149355,2019-01-06T08:01:12.647Z,19010608,XBTUSD,3789,241456,3789.5,495769,3789.25,3789.5
10149370,2019-01-06T08:01:13.557Z,19010608,XBTUSD,3789,253314,3789.5,502670,3789.25,3789.5
10149394,2019-01-06T08:01:14.405Z,19010608,XBTUSD,3789,263461,3789.5,502701,3789.25,3789.5
10149426,2019-01-06T08:01:16.369Z,19010608,XBTUSD,3789,252387,3789.5,502706,3789.25,3789.5
10149460,2019-01-06T08:01:18.996Z,19010608,XBTUSD,3789,252390,3789.5,531669,3789.25,3789.5
10149469,2019-01-06T08:01:19.516Z,19010608,XBTUSD,3789,246315,3789.5,532205,3789.25,3789.5
10149492,2019-01-06T08:01:20.617Z,19010608,XBTUSD,3789,258561,3789.5,482818,3789.25,3789.5
10149494,2019-01-06T08:01:20.711Z,19010608,XBTUSD,3789,258541,3789.5,482798,3789.25,3789.5
10149509,2019-01-06T08:01:21.651Z,19010608,XBTUSD,3789,265118,3789.5,482649,3789.25,3789.5
10149514,2019-01-06T08:01:21.849Z,19010608,XBTUSD,3789,265618,3789.5,472689,3789.25,3789.5
10149549,2019-01-06T08:01:23.608Z,19010608,XBTUSD,3789,263776,3789.5,472668,3789.25,3789.5
10149552,2019-01-06T08:01:23.852Z,19010608,XBTUSD,3789,262576,3789.5,472668,3789.25,3789.5
10148789,2019-01-06T08:00:47.978Z,19010608,XBTUSD,3789,328914,3789.5,63175,3789.25,3789.5
10148799,2019-01-06T08:00:48.294Z,19010608,XBTUSD,3789,328614,3789.5,47632,3789.25,3789.5
10148809,2019-01-06T08:00:48.902Z,19010608,XBTUSD,3789,322624,3789.5,55596,3789.25,3789.5
10148821,2019-01-06T08:00:49.427Z,19010608,XBTUSD,3789,329944,3789.5,45249,3789.25,3789.5
10148829,2019-01-06T08:00:49.670Z,19010608,XBTUSD,3789,311896,3789.5,55249,3789.25,3789.5
10148846,2019-01-06T08:00:50.798Z,19010608,XBTUSD,3789,309396,3789.5,53770,3789.25,3789.5
10148855,2019-01-06T08:00:51.730Z,19010608,XBTUSD,3789,302220,3789.5,30065,3789.25,3789.5
10148877,2019-01-06T08:00:52.377Z,19010608,XBTUSD,3789,304383,3789.5,38921,3789.25,3789.5
10148892,2019-01-06T08:00:53.691Z,19010608,XBTUSD,3789,322018,3789.5,48975,3789.25,3789.5
10148915,2019-01-06T08:00:54.728Z,19010608,XBTUSD,3789,323014,3789.5,32695,3789.25,3789.5
10148933,2019-01-06T08:00:55.408Z,19010608,XBTUSD,3789,318167,3789.5,26472,3789.25,3789.5
10148948,2019-01-06T08:00:56.407Z,19010608,XBTUSD,3789,316167,3789.5,25951,3789.25,3789.5
10148965,2019-01-06T08:00:57.465Z,19010608,XBTUSD,3789,312682,3789.5,25155,3789.25,3789.5
10148977,2019-01-06T08:00:58.408Z,19010608,XBTUSD,3789,315782,3789.5,19973,3789.25,3789.5
10148982,2019-01-06T08:00:58.423Z,19010608,XBTUSD,3789,302782,3789.5,26973,3789.25,3789.5
10148992,2019-01-06T08:00:59.033Z,19010608,XBTUSD,3789,297163,3789.5,31975,3789.25,3789.5
10149001,2019-01-06T08:00:59.447Z,19010608,XBTUSD,3789,298626,3789.5,41376,3789.25,3789.5
10149009,2019-01-06T08:00:59.950Z,19010608,XBTUSD,3789,296126,3789.5,36913,3789.25,3789.5
10149018,2019-01-06T08:01:00.950Z,19010608,XBTUSD,3789,294063,3789.5,32915,3789.25,3789.5
10149030,2019-01-06T08:01:01.594Z,19010608,XBTUSD,3789,273078,3789.5,36322,3789.25,3789.5
10149041,2019-01-06T08:01:01.970Z,19010608,XBTUSD,3789,216273,3789.5,51825,3789.25,3789.5
10149070,2019-01-06T08:01:02.383Z,19010608,XBTUSD,3789,225552,3789.5,118418,3789.25,3789.5
10149082,2019-01-06T08:01:02.754Z,19010608,XBTUSD,3789,215274,3789.5,160533,3789.25,3789.5
10149086,2019-01-06T08:01:03.013Z,19010608,XBTUSD,3789,211269,3789.5,293533,3789.25,3789.5
10149118,2019-01-06T08:01:03.172Z,19010608,XBTUSD,3789,211270,3789.5,293533,3789.25,3789.5
10149128,2019-01-06T08:01:03.451Z,19010608,XBTUSD,3789,215409,3789.5,293580,3789.25,3789.5
10149138,2019-01-06T08:01:03.888Z,19010608,XBTUSD,3789,215468,3789.5,298746,3789.25,3789.5
10149163,2019-01-06T08:01:04.465Z,19010608,XBTUSD,3789,214471,3789.5,396975,3789.25,3789.5
10149171,2019-01-06T08:01:05.005Z,19010608,XBTUSD,3789,216464,3789.5,437855,3789.25,3789.5
10149192,2019-01-06T08:01:05.737Z,19010608,XBTUSD,3789,216522,3789.5,497756,3789.25,3789.5
10149235,2019-01-06T08:01:07.600Z,19010608,XBTUSD,3789,228640,3789.5,501960,3789.25,3789.5
10149238,2019-01-06T08:01:07.729Z,19010608,XBTUSD,3789,222683,3789.5,501579,3789.25,3789.5
10149267,2019-01-06T08:01:08.758Z,19010608,XBTUSD,3789,252749,3789.5,441981,3789.25,3789.5
10149284,2019-01-06T08:01:09.985Z,19010608,XBTUSD,3789,253243,3789.5,501982,3789.25,3789.5
10149298,2019-01-06T08:01:10.708Z,19010608,XBTUSD,3789,251139,3789.5,505756,3789.25,3789.5
10149315,2019-01-06T08:01:11.443Z,19010608,XBTUSD,3789,253400,3789.5,502727,3789.25,3789.5
10149358,2019-01-06T08:01:12.678Z,19010608,XBTUSD,3789,248187,3789.5,488769,3789.25,3789.5
10149360,2019-01-06T08:01:12.755Z,19010608,XBTUSD,3789,248185,3789.5,498769,3789.25,3789.5
10149363,2019-01-06T08:01:13.128Z,19010608,XBTUSD,3789,256441,3789.5,504655,3789.25,3789.5
10149398,2019-01-06T08:01:14.710Z,19010608,XBTUSD,3789,248373,3789.5,502702,3789.25,3789.5
10149425,2019-01-06T08:01:16.275Z,19010608,XBTUSD,3789,250381,3789.5,502706,3789.25,3789.5
10149439,2019-01-06T08:01:17.465Z,19010608,XBTUSD,3789,250382,3789.5,502737,3789.25,3789.5
10149471,2019-01-06T08:01:19.615Z,19010608,XBTUSD,3789,246316,3789.5,532740,3789.25,3789.5
10149485,2019-01-06T08:01:20.119Z,19010608,XBTUSD,3789,254514,3789.5,482741,3789.25,3789.5
10149504,2019-01-06T08:01:21.310Z,19010608,XBTUSD,3789,263111,3789.5,484798,3789.25,3789.5
10149515,2019-01-06T08:01:21.879Z,19010608,XBTUSD,3789,261606,3789.5,472689,3789.25,3789.5
10149539,2019-01-06T08:01:22.654Z,19010608,XBTUSD,3789,267044,3789.5,462690,3789.25,3789.5
10149541,2019-01-06T08:01:23.091Z,19010608,XBTUSD,3789,262067,3789.5,472690,3789.25,3789.5
10148935,2019-01-06T08:00:55.718Z,19010608,XBTUSD,3789,319167,3789.5,26372,3789.25,3789.5
10148947,2019-01-06T08:00:56.317Z,19010608,XBTUSD,3789,316167,3789.5,25831,3789.25,3789.5
10148966,2019-01-06T08:00:57.765Z,19010608,XBTUSD,3789,312682,3789.5,25116,3789.25,3789.5
10148981,2019-01-06T08:00:58.421Z,19010608,XBTUSD,3789,302782,3789.5,22973,3789.25,3789.5
10148991,2019-01-06T08:00:59.008Z,19010608,XBTUSD,3789,297163,3789.5,32075,3789.25,3789.5
10149002,2019-01-06T08:00:59.555Z,19010608,XBTUSD,3789,298626,3789.5,41377,3789.25,3789.5
10149011,2019-01-06T08:01:00.004Z,19010608,XBTUSD,3789,294063,3789.5,36914,3789.25,3789.5
10149024,2019-01-06T08:01:01.153Z,19010608,XBTUSD,3789,282078,3789.5,33451,3789.25,3789.5
10149034,2019-01-06T08:01:01.716Z,19010608,XBTUSD,3789,271073,3789.5,36723,3789.25,3789.5
10149040,2019-01-06T08:01:01.926Z,19010608,XBTUSD,3789,216273,3789.5,49575,3789.25,3789.5
10149071,2019-01-06T08:01:02.389Z,19010608,XBTUSD,3789,225552,3789.5,120218,3789.25,3789.5
10149074,2019-01-06T08:01:02.411Z,19010608,XBTUSD,3789,225552,3789.5,126518,3789.25,3789.5
10149084,2019-01-06T08:01:02.847Z,19010608,XBTUSD,3789,211269,3789.5,160533,3789.25,3789.5
10149121,2019-01-06T08:01:03.189Z,19010608,XBTUSD,3789,207350,3789.5,293534,3789.25,3789.5
10149133,2019-01-06T08:01:03.709Z,19010608,XBTUSD,3789,215409,3789.5,323745,3789.25,3789.5
10149166,2019-01-06T08:01:04.824Z,19010608,XBTUSD,3789,214472,3789.5,427875,3789.25,3789.5
10149169,2019-01-06T08:01:04.920Z,19010608,XBTUSD,3789,216484,3789.5,437875,3789.25,3789.5
10149187,2019-01-06T08:01:05.141Z,19010608,XBTUSD,3789,216464,3789.5,487855,3789.25,3789.5
10149196,2019-01-06T08:01:06.005Z,19010608,XBTUSD,3789,212455,3789.5,497756,3789.25,3789.5
10149213,2019-01-06T08:01:06.825Z,19010608,XBTUSD,3789,213837,3789.5,497746,3789.25,3789.5
10149227,2019-01-06T08:01:07.013Z,19010608,XBTUSD,3789,222637,3789.5,497947,3789.25,3789.5
10149237,2019-01-06T08:01:07.645Z,19010608,XBTUSD,3789,222683,3789.5,501960,3789.25,3789.5
10149259,2019-01-06T08:01:08.209Z,19010608,XBTUSD,3789,228732,3789.5,502080,3789.25,3789.5
10149268,2019-01-06T08:01:08.833Z,19010608,XBTUSD,3789,252750,3789.5,441981,3789.25,3789.5
10149283,2019-01-06T08:01:09.968Z,19010608,XBTUSD,3789,253243,3789.5,491982,3789.25,3789.5
10149287,2019-01-06T08:01:10.072Z,19010608,XBTUSD,3789,253244,3789.5,503770,3789.25,3789.5
10149296,2019-01-06T08:01:10.659Z,19010608,XBTUSD,3789,251138,3789.5,505755,3789.25,3789.5
10149310,2019-01-06T08:01:11.236Z,19010608,XBTUSD,3789,255324,3789.5,505756,3789.25,3789.5
10149357,2019-01-06T08:01:12.668Z,19010608,XBTUSD,3789,238656,3789.5,488769,3789.25,3789.5
10149369,2019-01-06T08:01:13.506Z,19010608,XBTUSD,3789,257442,3789.5,502670,3789.25,3789.5
10149390,2019-01-06T08:01:14.091Z,19010608,XBTUSD,3789,257442,3789.5,502670,3789.25,3789.5
10149414,2019-01-06T08:01:16.038Z,19010608,XBTUSD,3789,248316,3789.5,502703,3789.25,3789.5
10149455,2019-01-06T08:01:18.534Z,19010608,XBTUSD,3789,252389,3789.5,502738,3789.25,3789.5
10149467,2019-01-06T08:01:19.112Z,19010608,XBTUSD,3789,248379,3789.5,532740,3789.25,3789.5
10149491,2019-01-06T08:01:20.572Z,19010608,XBTUSD,3789,258561,3789.5,482858,3789.25,3789.5
10149505,2019-01-06T08:01:21.329Z,19010608,XBTUSD,3789,265117,3789.5,484798,3789.25,3789.5
10149536,2019-01-06T08:01:22.435Z,19010608,XBTUSD,3789,266244,3789.5,462690,3789.25,3789.5
10149544,2019-01-06T08:01:23.475Z,19010608,XBTUSD,3789,264074,3789.5,472668,3789.25,3789.5
10149554,2019-01-06T08:01:24.013Z,19010608,XBTUSD,3789,262726,3789.5,472668,3789.25,3789.5
10149572,2019-01-06T08:01:24.588Z,19010608,XBTUSD,3789,261928,3789.5,473168,3789.25,3789.5
10149589,2019-01-06T08:01:25.643Z,19010608,XBTUSD,3789,306622,3789.5,493599,3789.25,3789.5
10149606,2019-01-06T08:01:26.789Z,19010608,XBTUSD,3789,356245,3789.5,483599,3789.25,3789.5
10149634,2019-01-06T08:01:27.565Z,19010608,XBTUSD,3789,369241,3789.5,382032,3789.25,3789.5
10149668,2019-01-06T08:01:29.741Z,19010608,XBTUSD,3789,368347,3789.5,447028,3789.25,3789.5
10149684,2019-01-06T08:01:30.816Z,19010608,XBTUSD,3789,372462,3789.5,447068,3789.25,3789.5
10149699,2019-01-06T08:01:31.476Z,19010608,XBTUSD,3789,370478,3789.5,536868,3789.25,3789.5
10149712,2019-01-06T08:01:32.081Z,19010608,XBTUSD,3789,372488,3789.5,596868,3789.25,3789.5
10149127,2019-01-06T08:01:03.449Z,19010608,XBTUSD,3789,213552,3789.5,293580,3789.25,3789.5
10149136,2019-01-06T08:01:03.794Z,19010608,XBTUSD,3789,217473,3789.5,323746,3789.25,3789.5
10149167,2019-01-06T08:01:04.866Z,19010608,XBTUSD,3789,214472,3789.5,437875,3789.25,3789.5
10149189,2019-01-06T08:01:05.459Z,19010608,XBTUSD,3789,216522,3789.5,487855,3789.25,3789.5
10149214,2019-01-06T08:01:06.831Z,19010608,XBTUSD,3789,213837,3789.5,497747,3789.25,3789.5
10149232,2019-01-06T08:01:07.575Z,19010608,XBTUSD,3789,229576,3789.5,501960,3789.25,3789.5
10149257,2019-01-06T08:01:08.176Z,19010608,XBTUSD,3789,228731,3789.5,502079,3789.25,3789.5
10149265,2019-01-06T08:01:08.461Z,19010608,XBTUSD,3789,254249,3789.5,441980,3789.25,3789.5
10149279,2019-01-06T08:01:09.452Z,19010608,XBTUSD,3789,252745,3789.5,441982,3789.25,3789.5
10149300,2019-01-06T08:01:10.849Z,19010608,XBTUSD,3789,251169,3789.5,505756,3789.25,3789.5
10149313,2019-01-06T08:01:11.378Z,19010608,XBTUSD,3789,253386,3789.5,502727,3789.25,3789.5
10149351,2019-01-06T08:01:12.540Z,19010608,XBTUSD,3789,241828,3789.5,495768,3789.25,3789.5
10149361,2019-01-06T08:01:13.020Z,19010608,XBTUSD,3789,256441,3789.5,498769,3789.25,3789.5
10149365,2019-01-06T08:01:13.214Z,19010608,XBTUSD,3789,256442,3789.5,504656,3789.25,3789.5
10149396,2019-01-06T08:01:14.628Z,19010608,XBTUSD,3789,256397,3789.5,502701,3789.25,3789.5
10149411,2019-01-06T08:01:15.568Z,19010608,XBTUSD,3789,242182,3789.5,502702,3789.25,3789.5
10149423,2019-01-06T08:01:16.041Z,19010608,XBTUSD,3789,248317,3789.5,502703,3789.25,3789.5
10149442,2019-01-06T08:01:17.996Z,19010608,XBTUSD,3789,254511,3789.5,502737,3789.25,3789.5
10149454,2019-01-06T08:01:18.440Z,19010608,XBTUSD,3789,250383,3789.5,502738,3789.25,3789.5
10149474,2019-01-06T08:01:20.027Z,19010608,XBTUSD,3789,248322,3789.5,532206,3789.25,3789.5
10149484,2019-01-06T08:01:20.104Z,19010608,XBTUSD,3789,254514,3789.5,532741,3789.25,3789.5
