id,timestamp,hour,symbol,side,size,price,tickDirection,trdMatchID,volTime,tickTime
2879479,2019-01-06T08:00:03.488Z,19010608,XBTUSD,Buy,74,3788.5,ZeroPlusTick,e46c830f-9678-4185-c8d0-69409e0f3cc6,74,1
2879489,2019-01-06T08:00:03.488Z,19010608,XBTUSD,Buy,550,3788.5,ZeroPlusTick,83e6e7fd-a7f9-0a8f-7fed-54da4136241d,624,2
2879490,2019-01-06T08:00:03.525Z,19010608,XBTUSD,Sell,100,3788,MinusTick,9af888f9-ace8-51f3-0702-fbe818cc3448,724,3
2879480,2019-01-06T08:00:03.488Z,19010608,XBTUSD,Buy,28,3788.5,ZeroPlusTick,b84ef132-caed-ace4-bea0-48a7af70869d,752,4
2879523,2019-01-06T08:00:05.487Z,19010608,XBTUSD,Buy,212,3788.5,ZeroPlusTick,1b7e6bc8-77d0-7bad-d2d1-81c8e136c52e,964,5
2879484,2019-01-06T08:00:03.488Z,19010608,XBTUSD,Buy,200,3788.5,ZeroPlusTick,5ce5b8fa-1d08-2676-0fb6-0463ea004a1f,1164,6
2879481,2019-01-06T08:00:03.488Z,19010608,XBTUSD,Buy,11,3788.5,ZeroPlusTick,d63c535a-d3a5-e714-a594-b3b51bbf3542,1175,7
2879519,2019-01-06T08:00:05.487Z,19010608,XBTUSD,Buy,9024,3788.5,ZeroPlusTick,5736be37-c6f3-7a24-cc60-7cb5b44a6f44,10199,8
2879529,2019-01-06T08:00:05.487Z,19010608,XBTUSD,Buy,10,3788.5,ZeroPlusTick,606ee31d-86fe-e747-304c-9b7ee8342246,10209,9
2879539,2019-01-06T08:00:05.487Z,19010608,XBTUSD,Buy,28,3789,ZeroPlusTick,c8088064-0b9b-2962-d977-828b65f4b18f,10237,10
2879562,2019-01-06T08:00:08.668Z,19010608,XBTUSD,Buy,200,3789,PlusTick,68b255d5-7340-dbb8-f0c6-2a7ab3dc8123,10437,11
2879563,2019-01-06T08:00:09.150Z,19010608,XBTUSD,Buy,2421,3789,ZeroPlusTick,e616f847-f020-1c2b-4af1-15972baceedf,12858,12
2879572,2019-01-06T08:00:09.808Z,19010608,XBTUSD,Buy,228,3789,ZeroPlusTick,5071c0d0-727f-15dd-bf1e-5ef3b1f8442e,13086,13
2879588,2019-01-06T08:00:11.535Z,19010608,XBTUSD,Buy,3,3789,ZeroPlusTick,c5f9a5b0-0202-6495-3a71-a9e9ad3e963a,13089,14
2879602,2019-01-06T08:00:11.535Z,19010608,XBTUSD,Buy,34502,3789,ZeroPlusTick,2d18829a-d8e8-c6cb-23da-5e4be3fc813c,47591,15
2879609,2019-01-06T08:00:14.006Z,19010608,XBTUSD,Buy,1000,3789,ZeroPlusTick,81f3763c-ba64-1833-0199-f396fa317db6,48591,16
2879632,2019-01-06T08:00:20.276Z,19010608,XBTUSD,Buy,500,3789,ZeroPlusTick,dcd386e6-507d-0406-3043-ae396b41c38b,49091,17
2879485,2019-01-06T08:00:03.488Z,19010608,XBTUSD,Buy,37,3788.5,ZeroPlusTick,217735ad-9040-63ec-b8ad-4f063babc08b,49128,18
2879524,2019-01-06T08:00:05.487Z,19010608,XBTUSD,Buy,189,3788.5,ZeroPlusTick,f1e5e86f-62d0-8a80-c729-ba976cb1cc23,49317,19
2879537,2019-01-06T08:00:05.487Z,19010608,XBTUSD,Buy,100,3789,ZeroPlusTick,6c27d783-e9e9-442e-a3d9-43842ed59409,49417,20
2879557,2019-01-06T08:00:07.577Z,19010608,XBTUSD,Sell,67,3788.5,ZeroMinusTick,b5d369a9-32e5-9cc7-c585-8cfe83ea0598,49484,21
2879568,2019-01-06T08:00:09.150Z,19010608,XBTUSD,Buy,15,3789,ZeroPlusTick,3d21e395-4642-d98f-01e3-8e648348636f,49499,22
2879592,2019-01-06T08:00:11.535Z,19010608,XBTUSD,Buy,2000,3789,ZeroPlusTick,e4fe94ed-a92b-6eeb-d220-22f69eb9c098,51499,23
2879601,2019-01-06T08:00:11.535Z,19010608,XBTUSD,Buy,591,3789,ZeroPlusTick,bddc4fa8-7bd1-9be3-1055-84e9892e8887,52090,24
2879638,2019-01-06T08:00:23.486Z,19010608,XBTUSD,Buy,5000,3789,ZeroPlusTick,65ae38b8-0456-8f13-2629-92dd8057ea0b,57090,25
2879668,2019-01-06T08:00:34.138Z,19010608,XBTUSD,Buy,200,3789,ZeroPlusTick,b8759b76-ab5a-1958-c537-29757764834f,57290,26
2879673,2019-01-06T08:00:34.138Z,19010608,XBTUSD,Buy,31059,3789,ZeroPlusTick,038c1c34-a8a9-3966-f41a-c61ad952e094,88349,27
2879675,2019-01-06T08:00:34.942Z,19010608,XBTUSD,Buy,125,3789,ZeroPlusTick,27b2a8bd-6074-708f-eece-ec3f56deb648,88474,28
2879691,2019-01-06T08:00:41.739Z,19010608,XBTUSD,Buy,10,3789,ZeroPlusTick,d6985e4c-e671-5a73-daa5-fe1a688f4033,88484,29
2879705,2019-01-06T08:00:41.739Z,19010608,XBTUSD,Buy,5000,3789.5,ZeroPlusTick,db93384c-c04c-7be9-9ca4-711ed42d0e90,93484,30
2879734,2019-01-06T08:00:47.638Z,19010608,XBTUSD,Buy,100,3789.5,ZeroPlusTick,08dd9da9-4752-bafb-e55c-f73e29bc4f51,93584,31
2879742,2019-01-06T08:00:47.638Z,19010608,XBTUSD,Buy,100,3789.5,ZeroPlusTick,761e6d67-17d3-ea08-8d49-52820ac4a998,93684,32
2879761,2019-01-06T08:00:48.873Z,19010608,XBTUSD,Buy,39,3789.5,ZeroPlusTick,9a225ccf-990d-4949-511f-ea930cf35174,93723,33
2879771,2019-01-06T08:00:50.759Z,19010608,XBTUSD,Buy,5000,3789.5,ZeroPlusTick,f2fab4c3-33a6-8be2-dc26-6889667a735b,98723,34
2879486,2019-01-06T08:00:03.488Z,19010608,XBTUSD,Buy,50,3788.5,ZeroPlusTick,26d44f55-e7de-3cbc-740c-bb2479d9e2aa,98773,35
2879525,2019-01-06T08:00:05.487Z,19010608,XBTUSD,Buy,189,3788.5,ZeroPlusTick,390543c4-8b68-ac43-dfae-42f066bc3ed1,98962,36
2879531,2019-01-06T08:00:05.487Z,19010608,XBTUSD,Buy,50,3788.5,ZeroPlusTick,4a861648-bd3c-566f-f2cd-f0324e983e23,99012,37
2879542,2019-01-06T08:00:05.487Z,19010608,XBTUSD,Buy,30,3789,ZeroPlusTick,4dba35da-2467-e054-6b46-f74ac45f30df,99042,38
2879545,2019-01-06T08:00:05.921Z,19010608,XBTUSD,Sell,200,3788.5,MinusTick,313fcc30-5333-f333-4bcd-321a88b7d0fb,99242,39
2879567,2019-01-06T08:00:09.150Z,19010608,XBTUSD,Buy,31,3789,ZeroPlusTick,2728812d-bd7b-6374-1764-46862cb35db4,99273,40
2879582,2019-01-06T08:00:11.292Z,19010608,XBTUSD,Sell,8700,3788.5,ZeroMinusTick,8bd09695-6a33-fafb-6746-eb4d4f3887b3,107973,41
2879583,2019-01-06T08:00:11.535Z,19010608,XBTUSD,Buy,2268,3789,PlusTick,b36dbfdb-9867-f4ff-a10d-09b7c46413b3,110241,42
2879593,2019-01-06T08:00:11.535Z,19010608,XBTUSD,Buy,4,3789,ZeroPlusTick,633e9831-ebc3-832d-928c-b5766f0fe999,110245,43
2879629,2019-01-06T08:00:19.003Z,19010608,XBTUSD,Buy,152,3789,PlusTick,23c64491-98ab-41eb-eb65-9a5f914adf5a,110397,44
2879643,2019-01-06T08:00:23.486Z,19010608,XBTUSD,Buy,1000,3789,ZeroPlusTick,fdcff8f3-bb47-5ec1-90c5-2db9b33089b0,111397,45
2879647,2019-01-06T08:00:23.486Z,19010608,XBTUSD,Buy,62,3789,ZeroPlusTick,2140234c-961e-9867-7da4-4b28769d33f1,111459,46
2879665,2019-01-06T08:00:34.138Z,19010608,XBTUSD,Buy,500,3789,ZeroPlusTick,29b54c84-59fd-a970-91b3-f28fe508cf69,111959,47
2879677,2019-01-06T08:00:36.064Z,19010608,XBTUSD,Buy,4700,3789,PlusTick,71937cb3-8d35-4c63-8f72-6bdf65f5e60a,116659,48
2879693,2019-01-06T08:00:41.739Z,19010608,XBTUSD,Buy,200,3789,ZeroPlusTick,5c1b7d9c-e9ed-9adb-5316-700a48edd1c3,116859,49
2879733,2019-01-06T08:00:47.638Z,19010608,XBTUSD,Buy,100,3789.5,ZeroPlusTick,86f74b7b-d23c-153d-9cb1-2a237439af2e,116959,50
2879747,2019-01-06T08:00:47.638Z,19010608,XBTUSD,Buy,50,3789.5,ZeroPlusTick,9583658e-4eee-54a6-83f0-c7c8633c72a7,117009,51
2879764,2019-01-06T08:00:49.837Z,19010608,XBTUSD,Buy,3417,3789.5,ZeroPlusTick,576d09e9-2c27-ca2e-c863-4f5442e9cc1e,120426,52
2879786,2019-01-06T08:00:54.091Z,19010608,XBTUSD,Buy,724,3789.5,ZeroPlusTick,c2d37f4a-174d-865e-599b-fc4efcf6ae5a,121150,53
2879791,2019-01-06T08:00:54.314Z,19010608,XBTUSD,Buy,9887,3789.5,ZeroPlusTick,f3cbf65d-773b-4d02-3457-96769588d204,131037,54
2879799,2019-01-06T08:00:55.226Z,19010608,XBTUSD,Buy,200,3789.5,ZeroPlusTick,e0357e29-251e-845f-5c98-8c8407cd4d53,131237,55
2879822,2019-01-06T08:00:59.564Z,19010608,XBTUSD,Buy,50,3789.5,ZeroPlusTick,a7a87070-f36e-8a4b-424c-07db19ff7bf0,131287,56
2879829,2019-01-06T08:01:00.950Z,19010608,XBTUSD,Buy,500,3789.5,ZeroPlusTick,a81c19e3-a6f3-8149-be8f-04364b221b91,131787,57
2879483,2019-01-06T08:00:03.488Z,19010608,XBTUSD,Buy,100,3788.5,ZeroPlusTick,e5b9e9dc-e1d1-120e-5e4f-006205bbf039,131887,58
2879526,2019-01-06T08:00:05.487Z,19010608,XBTUSD,Buy,500,3788.5,ZeroPlusTick,e7f3f539-ee95-860b-5d31-a83a3e046895,132387,59
2879536,2019-01-06T08:00:05.487Z,19010608,XBTUSD,Buy,100,3789,ZeroPlusTick,8a233144-84e2-7bc5-02eb-ea55d63a604c,132487,60
2879556,2019-01-06T08:00:07.139Z,19010608,XBTUSD,Sell,200,3788.5,ZeroMinusTick,a5df9f0c-8c21-eec7-2d01-bce747b5e33c,132687,61
2879570,2019-01-06T08:00:09.150Z,19010608,XBTUSD,Buy,7503,3789,ZeroPlusTick,6d7cf676-f9ee-7c31-fce5-f74e6208396f,140190,62
2879587,2019-01-06T08:00:11.535Z,19010608,XBTUSD,Buy,100,3789,ZeroPlusTick,3c0aa598-fcd6-73d1-8f19-46eebc51dc90,140290,63
2879599,2019-01-06T08:00:11.535Z,19010608,XBTUSD,Buy,20,3789,ZeroPlusTick,7fd5b751-4876-58be-23e1-30c06c0d0f3f,140310,64
2879641,2019-01-06T08:00:23.486Z,19010608,XBTUSD,Buy,2000,3789,ZeroPlusTick,c94137ca-388a-9021-9193-223646e9e166,142310,65
2879661,2019-01-06T08:00:30.528Z,19010608,XBTUSD,Buy,800,3789,ZeroPlusTick,6fbf54c8-7858-6ae2-14aa-7bee8cb62b80,143110,66
2879666,2019-01-06T08:00:34.138Z,19010608,XBTUSD,Buy,6074,3789,ZeroPlusTick,e2961a27-11f5-5ae5-c064-f8c74f3f1806,149184,67
2879678,2019-01-06T08:00:36.480Z,19010608,XBTUSD,Sell,4510,3788.5,MinusTick,439377ba-8b74-c1f7-e295-5897a2c2da1e,153694,68
2879680,2019-01-06T08:00:37.007Z,19010608,XBTUSD,Sell,5000,3788.5,ZeroMinusTick,c97a8a72-2665-d521-9921-faf098719f89,158694,69
2879697,2019-01-06T08:00:41.739Z,19010608,XBTUSD,Buy,100,3789.5,ZeroPlusTick,d54c1728-dc83-fcc6-da71-f97357546011,158794,70
2879702,2019-01-06T08:00:41.739Z,19010608,XBTUSD,Buy,20,3789.5,ZeroPlusTick,ce7259ff-0537-a129-18af-14339c56b04a,158814,71
2879729,2019-01-06T08:00:47.638Z,19010608,XBTUSD,Buy,100,3789.5,ZeroPlusTick,e228a1cf-f5c0-3c26-ca55-bce31f40ad3d,158914,72
2879746,2019-01-06T08:00:47.638Z,19010608,XBTUSD,Buy,516,3789.5,ZeroPlusTick,0cf7784d-4d9e-f356-eac9-5e859a409ac4,159430,73
2879754,2019-01-06T08:00:47.746Z,19010608,XBTUSD,Sell,90,3789,ZeroMinusTick,eef49373-a9af-0a6e-155e-4c03cf543f58,159520,74
2879756,2019-01-06T08:00:47.834Z,19010608,XBTUSD,Sell,5000,3789,ZeroMinusTick,e0a56ee8-6a17-943a-af7a-d1c91e37c477,164520,75
2879757,2019-01-06T08:00:47.862Z,19010608,XBTUSD,Buy,100,3789.5,PlusTick,7f912049-1450-722a-36a6-02b2decac33a,164620,76
2879482,2019-01-06T08:00:03.488Z,19010608,XBTUSD,Buy,11,3788.5,ZeroPlusTick,43433c5e-6d8b-f58b-8972-a56c1b67a0ae,164631,77
2879520,2019-01-06T08:00:05.487Z,19010608,XBTUSD,Buy,2000,3788.5,ZeroPlusTick,d6aae7e7-64fb-5934-2b16-520b7cf42ae2,166631,78
2879534,2019-01-06T08:00:05.487Z,19010608,XBTUSD,Buy,100,3789,PlusTick,4c97bbeb-c725-a90d-be61-4b2fc089789d,166731,79
2879560,2019-01-06T08:00:08.240Z,19010608,XBTUSD,Sell,324,3788.5,ZeroMinusTick,73a6d61d-cfb2-dafe-67a8-3e384cfb3181,167055,80
2879564,2019-01-06T08:00:09.150Z,19010608,XBTUSD,Buy,1000,3789,ZeroPlusTick,b5d1d70d-d935-811b-6963-b8df9ad5fb51,168055,81
2879580,2019-01-06T08:00:11.120Z,19010608,XBTUSD,Sell,41,3788.5,ZeroMinusTick,ff0dbad4-4a41-9458-f8a6-b40c6e0fcca7,168096,82
2879584,2019-01-06T08:00:11.535Z,19010608,XBTUSD,Buy,8500,3789,ZeroPlusTick,fe180b8a-0d5f-8733-ed48-3e602bb27f76,176596,83
2879597,2019-01-06T08:00:11.535Z,19010608,XBTUSD,Buy,29,3789,ZeroPlusTick,e38bc45e-afdb-f72f-1ba7-c4d1c6d67264,176625,84
2879633,2019-01-06T08:00:20.612Z,19010608,XBTUSD,Sell,322,3788.5,MinusTick,83855d41-3da8-ba4f-bb65-2978a51aca85,176947,85
2879645,2019-01-06T08:00:23.486Z,19010608,XBTUSD,Buy,253,3789,ZeroPlusTick,ec49d9d4-22cd-7861-ed7a-49f26770eca6,177200,86
2879669,2019-01-06T08:00:34.138Z,19010608,XBTUSD,Buy,2250,3789,ZeroPlusTick,81fed28e-e7e9-fce0-1688-ec571ecbb64e,179450,87
2879676,2019-01-06T08:00:35.654Z,19010608,XBTUSD,Sell,5000,3788.5,MinusTick,8381a9ed-5e84-3ca3-f234-ac39fbdba1c3,184450,88
2879687,2019-01-06T08:00:41.123Z,19010608,XBTUSD,Buy,4000,3789,PlusTick,1f182c9b-ea2f-2bd4-c0fb-2b8d2839528e,188450,89
2879688,2019-01-06T08:00:41.731Z,19010608,XBTUSD,Buy,50000,3789,ZeroPlusTick,d4eb3589-e2b9-5f60-6523-5d449ee08290,238450,90
2879689,2019-01-06T08:00:41.739Z,19010608,XBTUSD,Buy,1416,3789,ZeroPlusTick,cd796b33-6256-8c9a-14ec-6d40f955e313,239866,91
2879699,2019-01-06T08:00:41.739Z,19010608,XBTUSD,Buy,28,3789.5,ZeroPlusTick,beaff41b-5212-2101-e555-4e16987aa106,239894,92
2879710,2019-01-06T08:00:42.925Z,19010608,XBTUSD,Buy,146,3789.5,ZeroPlusTick,5c0c3660-8937-2e44-35d4-240dd0dd3aca,240040,93
2879732,2019-01-06T08:00:47.638Z,19010608,XBTUSD,Buy,33,3789.5,ZeroPlusTick,348e015b-fceb-4c02-cecd-82e430e59dda,240073,94
2879745,2019-01-06T08:00:47.638Z,19010608,XBTUSD,Buy,500,3789.5,ZeroPlusTick,eaaa9546-cd8f-abe4-012d-f321cf7da91d,240573,95
2879753,2019-01-06T08:00:47.746Z,19010608,XBTUSD,Sell,90,3789,ZeroMinusTick,600e2909-fcd7-4248-b26a-3dc8f23ec799,240663,96
2879772,2019-01-06T08:00:50.798Z,19010608,XBTUSD,Sell,2500,3789,MinusTick,7b0af430-4af8-f254-00d6-df123124625d,243163,97
2879775,2019-01-06T08:00:51.540Z,19010608,XBTUSD,Buy,1729,3789.5,ZeroPlusTick,eaedd5cd-4e69-4d6f-b87d-b16a6cb66291,244892,98
2879779,2019-01-06T08:00:52.134Z,19010608,XBTUSD,Buy,146,3789.5,ZeroPlusTick,ff6faa6e-0bbc-165c-32e4-7363452f1dae,245038,99
2879793,2019-01-06T08:00:54.314Z,19010608,XBTUSD,Buy,1000,3789.5,ZeroPlusTick,3db5f9c3-7379-a08f-b797-2c578b9411d2,246038,100
2879803,2019-01-06T08:00:55.226Z,19010608,XBTUSD,Buy,90,3789.5,ZeroPlusTick,be4bc9dc-e2e4-28d8-6d67-f3a4ed5e9ad1,246128,101
2879851,2019-01-06T08:01:01.870Z,19010608,XBTUSD,Sell,7891,3789,ZeroMinusTick,33a639eb-e904-e9dc-766c-4130392a47d7,254019,102
2879488,2019-01-06T08:00:03.488Z,19010608,XBTUSD,Buy,171,3788.5,ZeroPlusTick,af01e526-e08d-8736-7696-5063d76f92da,254190,103
2879528,2019-01-06T08:00:05.487Z,19010608,XBTUSD,Buy,1000,3788.5,ZeroPlusTick,8460dd15-a442-bca9-c2c5-716aedea1898,255190,104
2879533,2019-01-06T08:00:05.487Z,19010608,XBTUSD,Buy,22,3788.5,ZeroPlusTick,6cb4c132-142b-30ae-ce1f-518e35507b51,255212,105
2879544,2019-01-06T08:00:05.487Z,19010608,XBTUSD,Buy,9379,3789,ZeroPlusTick,9a77bd15-60b3-863d-d96e-39a8142b1532,264591,106
2879589,2019-01-06T08:00:11.535Z,19010608,XBTUSD,Buy,500,3789,ZeroPlusTick,290355eb-0744-e976-0e2d-515a0ffb4dde,265091,107
2879596,2019-01-06T08:00:11.535Z,19010608,XBTUSD,Buy,166,3789,ZeroPlusTick,cda4679c-b4d0-d721-839d-69294244281f,265257,108
2879608,2019-01-06T08:00:13.983Z,19010608,XBTUSD,Buy,1,3789,ZeroPlusTick,9a24034b-dbcf-f4eb-7de0-6431268e1e07,265258,109
2879622,2019-01-06T08:00:17.305Z,19010608,XBTUSD,Buy,600,3789,ZeroPlusTick,3226bb21-6fb0-7d19-2d87-4cd785bc8c1c,265858,110
2879623,2019-01-06T08:00:17.600Z,19010608,XBTUSD,Buy,200,3789,ZeroPlusTick,5f4d66a6-2a4d-b725-60ae-edc531d37b93,266058,111
2879624,2019-01-06T08:00:17.619Z,19010608,XBTUSD,Sell,6,3788.5,MinusTick,71056763-01be-9dc8-cea7-77d08ff8f9e1,266064,112
2879625,2019-01-06T08:00:17.913Z,19010608,XBTUSD,Sell,379,3788.5,ZeroMinusTick,5e40b8d4-f111-6e3d-fe92-1d8a4d688c18,266443,113
2879628,2019-01-06T08:00:18.745Z,19010608,XBTUSD,Sell,8367,3788.5,ZeroMinusTick,a3f2dd4b-eb7d-80d6-14de-4b25d500c3f4,274810,114
2879640,2019-01-06T08:00:23.486Z,19010608,XBTUSD,Buy,500,3789,ZeroPlusTick,f805523d-7eb1-1ca2-03ed-1360af133d73,275310,115
2879672,2019-01-06T08:00:34.138Z,19010608,XBTUSD,Buy,4000,3789,ZeroPlusTick,f28dbfff-dfc0-a4a0-ac66-88b3b952667d,279310,116
2879692,2019-01-06T08:00:41.739Z,19010608,XBTUSD,Buy,500,3789,ZeroPlusTick,0d6e7a14-7319-f322-2a84-38111dd0afa3,279810,117
2879703,2019-01-06T08:00:41.739Z,19010608,XBTUSD,Buy,1000,3789.5,ZeroPlusTick,d7e800bf-f9a4-2181-c3e3-47f23facf697,280810,118
2879726,2019-01-06T08:00:47.596Z,19010608,XBTUSD,Sell,1,3789,MinusTick,febd3932-aef9-101c-8ece-e59ef3a4c10b,280811,119
2879735,2019-01-06T08:00:47.638Z,19010608,XBTUSD,Buy,116,3789.5,ZeroPlusTick,531cecec-9ebf-a91a-271d-f784d1fa5988,280927,120
2879744,2019-01-06T08:00:47.638Z,19010608,XBTUSD,Buy,5000,3789.5,ZeroPlusTick,1fe1ca3e-480a-ff8e-5524-023a639b7c3b,285927,121
2879765,2019-01-06T08:00:49.837Z,19010608,XBTUSD,Buy,1583,3789.5,ZeroPlusTick,070c3b91-41ec-92d2-9d9d-cecff36f4692,287510,122
2879795,2019-01-06T08:00:55.226Z,19010608,XBTUSD,Buy,5849,3789.5,ZeroPlusTick,b569ab25-87a2-640f-38d1-44a523de9211,293359,123
2879805,2019-01-06T08:00:55.226Z,19010608,XBTUSD,Buy,518,3789.5,ZeroPlusTick,b401ef14-43c0-7d3a-6767-1459feae32ea,293877,124
2879849,2019-01-06T08:01:01.870Z,19010608,XBTUSD,Sell,1000,3789,ZeroMinusTick,07e50f99-3689-465a-c7e3-0dbddfbd410d,294877,125
2879879,2019-01-06T08:01:06.423Z,19010608,XBTUSD,Buy,10,3789.5,ZeroPlusTick,d5fd2f50-b9a3-c283-8705-cd5728d1689d,294887,126
2879889,2019-01-06T08:01:11.289Z,19010608,XBTUSD,Sell,1938,3789,MinusTick,4ca86a85-f88e-1f7d-b9ab-f90c1467b6a8,296825,127
2879977,2019-01-06T08:02:00.690Z,19010608,XBTUSD,Sell,619,3789,ZeroMinusTick,85e9e759-cf82-8f4a-d3ba-5e37dd379dbf,297444,128
2879487,2019-01-06T08:00:03.488Z,19010608,XBTUSD,Buy,268,3788.5,ZeroPlusTick,3b0f6a4b-2b20-dfee-9fd3-019485a428cb,297712,129
2879527,2019-01-06T08:00:05.487Z,19010608,XBTUSD,Buy,189,3788.5,ZeroPlusTick,ef54bee8-dae5-35aa-7387-07231105e3ad,297901,130
2879532,2019-01-06T08:00:05.487Z,19010608,XBTUSD,Buy,21,3788.5,ZeroPlusTick,f0242a71-d554-1b1e-b5ca-e9c8dced8c88,297922,131
2879571,2019-01-06T08:00:09.368Z,19010608,XBTUSD,Buy,1,3789,ZeroPlusTick,121c0541-9cde-16aa-7540-b347b45f5d78,297923,132
2879573,2019-01-06T08:00:10.613Z,19010608,XBTUSD,Sell,190,3788.5,MinusTick,25a80aac-c6dc-4d34-0e50-a12403158ab3,298113,133
2879586,2019-01-06T08:00:11.535Z,19010608,XBTUSD,Buy,1000,3789,ZeroPlusTick,e653dd40-9327-4748-fba6-b6b94edb6bb4,299113,134
2879600,2019-01-06T08:00:11.535Z,19010608,XBTUSD,Buy,30,3789,ZeroPlusTick,96f791b9-8f66-0bd0-b06a-30ed2b930bbe,299143,135
2879642,2019-01-06T08:00:23.486Z,19010608,XBTUSD,Buy,2000,3789,ZeroPlusTick,6732d2e0-422a-2a90-784e-0c401b613f56,301143,136
2879664,2019-01-06T08:00:34.138Z,19010608,XBTUSD,Buy,1857,3789,ZeroPlusTick,ce9f1bd5-117e-ad1a-3437-2cb9e09a18c2,303000,137
2879681,2019-01-06T08:00:37.220Z,19010608,XBTUSD,Buy,700,3789,PlusTick,46ce3ddb-8ddb-9aca-b762-d6347d1f107e,303700,138
2879682,2019-01-06T08:00:38.428Z,19010608,XBTUSD,Buy,7000,3789,ZeroPlusTick,e215b5ec-b1d4-5c16-52e3-43710ab01831,310700,139
2879683,2019-01-06T08:00:39.048Z,19010608,XBTUSD,Buy,20000,3789,ZeroPlusTick,d3975784-265a-d659-93b9-6d83b248626a,330700,140
2879694,2019-01-06T08:00:41.739Z,19010608,XBTUSD,Buy,29,3789,ZeroPlusTick,a1dc9ce6-7b39-71c4-09d5-6fa499185750,330729,141
2879730,2019-01-06T08:00:47.638Z,19010608,XBTUSD,Buy,100,3789.5,ZeroPlusTick,409b6c1c-9c15-178b-6493-770c2f6d455b,330829,142
2879739,2019-01-06T08:00:47.638Z,19010608,XBTUSD,Buy,100,3789.5,ZeroPlusTick,eea3b966-8688-e463-e67a-76725f71bf8a,330929,143
2879749,2019-01-06T08:00:47.662Z,19010608,XBTUSD,Buy,300,3789.5,ZeroPlusTick,efa335d2-6b9b-b244-7600-96c3909346bf,331229,144
2879750,2019-01-06T08:00:47.714Z,19010608,XBTUSD,Buy,2000,3789.5,ZeroPlusTick,26e45a31-28b7-d963-296b-d81f1ee5ebc7,333229,145
2879751,2019-01-06T08:00:47.746Z,19010608,XBTUSD,Sell,99,3789,MinusTick,86a301fb-94c5-62a1-2963-c9de14697acb,333328,146
2879760,2019-01-06T08:00:48.214Z,19010608,XBTUSD,Buy,146,3789.5,ZeroPlusTick,be6aea46-9281-3213-f186-8327e6348fef,333474,147
2879768,2019-01-06T08:00:50.675Z,19010608,XBTUSD,Buy,146,3789.5,ZeroPlusTick,037282cf-6b73-11b7-c072-071bb37b246d,333620,148
2879801,2019-01-06T08:00:55.226Z,19010608,XBTUSD,Buy,90,3789.5,ZeroPlusTick,786a091e-c64f-0987-1e2f-a28349039e69,333710,149
2879806,2019-01-06T08:00:56.069Z,19010608,XBTUSD,Buy,300,3789.5,ZeroPlusTick,b515f681-1387-2312-e66d-ab69f9605e91,334010,150
2879815,2019-01-06T08:00:58.234Z,19010608,XBTUSD,Buy,5000,3789.5,ZeroPlusTick,b1bfcb64-555b-f39c-36fd-8648f5fd7f77,339010,151
2879817,2019-01-06T08:00:58.315Z,19010608,XBTUSD,Buy,146,3789.5,ZeroPlusTick,c33e70fd-c80e-4a74-bd5f-51e11f9dd23b,339156,152
2879818,2019-01-06T08:00:59.033Z,19010608,XBTUSD,Buy,100,3789.5,ZeroPlusTick,c43d748f-fffa-3775-a63a-7b54d0fc9218,339256,153
2879830,2019-01-06T08:01:00.950Z,19010608,XBTUSD,Buy,120,3789.5,ZeroPlusTick,eb608bd2-db94-dddc-0e81-695d4251a8dc,339376,154
2879836,2019-01-06T08:01:01.096Z,19010608,XBTUSD,Sell,150,3789,ZeroMinusTick,df4ded35-af89-5dbd-13f6-9019c03de2e6,339526,155
2879840,2019-01-06T08:01:01.657Z,19010608,XBTUSD,Buy,100,3789.5,PlusTick,75a275ab-77e3-545d-cecb-2ce8d942b12e,339626,156
2879842,2019-01-06T08:01:01.870Z,19010608,XBTUSD,Sell,8377,3789,MinusTick,2c55b6c5-e5ac-37b2-f4bc-1678bcf38e05,348003,157
2879857,2019-01-06T08:01:02.416Z,19010608,XBTUSD,Buy,2111,3789.5,PlusTick,abe50134-43cc-f03b-0466-c6b25a3105d5,350114,158
2879860,2019-01-06T08:01:02.990Z,19010608,XBTUSD,Buy,1111,3789.5,ZeroPlusTick,f54054dc-fc4e-f129-97a8-2340e10e0416,351225,159
2879882,2019-01-06T08:01:07.729Z,19010608,XBTUSD,Buy,381,3789.5,PlusTick,ca0f3ede-1c49-ad6c-1685-5360f4ae596f,351606,160
2879897,2019-01-06T08:01:12.647Z,19010608,XBTUSD,Sell,49,3789,ZeroMinusTick,ade9798d-4c8c-831b-eedf-8948e834b6df,351655,161
2879906,2019-01-06T08:01:14.575Z,19010608,XBTUSD,Sell,5000,3789,ZeroMinusTick,a5485cf5-7adb-3882-1306-60733854d59b,356655,162
2879930,2019-01-06T08:01:37.949Z,19010608,XBTUSD,Sell,5000,3789,MinusTick,9a9a705c-1d7f-2d47-86d1-9ab5c9405044,361655,163
2879938,2019-01-06T08:01:43.714Z,19010608,XBTUSD,Sell,800,3789,MinusTick,31c22d88-4b19-a42c-c69e-15dcd2c8cb2d,362455,164
2879491,2019-01-06T08:00:03.687Z,19010608,XBTUSD,Buy,400,3788.5,PlusTick,83032c10-cdff-38cc-06ff-174c219ca298,362855,165
2879495,2019-01-06T08:00:03.783Z,19010608,XBTUSD,Buy,26,3788.5,ZeroPlusTick,1b31da1d-e6e9-8a3c-5c09-7185fe547f6d,362881,166
2879521,2019-01-06T08:00:05.487Z,19010608,XBTUSD,Buy,164,3788.5,ZeroPlusTick,d6549c69-064a-9090-2ddd-a3866480673a,363045,167
2879530,2019-01-06T08:00:05.487Z,19010608,XBTUSD,Buy,600,3788.5,ZeroPlusTick,6d0d5d2b-980e-b540-3023-b3720223ebdf,363645,168
2879540,2019-01-06T08:00:05.487Z,19010608,XBTUSD,Buy,124,3789,ZeroPlusTick,7a1e4bce-4025-d11d-5f2c-183febe1aa71,363769,169
2879569,2019-01-06T08:00:09.150Z,19010608,XBTUSD,Buy,15,3789,ZeroPlusTick,49b95498-baf0-49f9-0349-dea40ee5ad0b,363784,170
2879585,2019-01-06T08:00:11.535Z,19010608,XBTUSD,Buy,25,3789,ZeroPlusTick,77836140-1fd0-a13a-cba7-5ac0992afca5,363809,171
2879594,2019-01-06T08:00:11.535Z,19010608,XBTUSD,Buy,189,3789,ZeroPlusTick,4c538773-fdd3-31a9-f083-4436391555e1,363998,172
2879610,2019-01-06T08:00:14.139Z,19010608,XBTUSD,Buy,10000,3789,ZeroPlusTick,00d953cb-2fd5-db3d-49b4-85015d877292,373998,173
2879611,2019-01-06T08:00:14.890Z,19010608,XBTUSD,Sell,20,3788.5,MinusTick,d56d1ae5-47b9-9ecb-5a6e-0ae5034bf603,374018,174
2879620,2019-01-06T08:00:16.761Z,19010608,XBTUSD,Buy,4500,3789,PlusTick,74fc1b9f-94d1-fa76-963b-4ac670dc7737,378518,175
2879621,2019-01-06T08:00:16.770Z,19010608,XBTUSD,Buy,300,3789,ZeroPlusTick,6ef8fc4f-bfe6-019b-eb99-8750d09acf4e,378818,176
2879637,2019-01-06T08:00:23.486Z,19010608,XBTUSD,Buy,5000,3789,ZeroPlusTick,42ce3894-e281-09b4-469b-4d3b8ccd2408,383818,177
2879648,2019-01-06T08:00:23.486Z,19010608,XBTUSD,Buy,4830,3789,ZeroPlusTick,0da6a5b4-4f9d-bc6f-4bf0-03faa4c4427a,388648,178
2879657,2019-01-06T08:00:29.377Z,19010608,XBTUSD,Buy,193,3789,ZeroPlusTick,b0d1763d-08b2-e122-170c-f50016422a48,388841,179
2879658,2019-01-06T08:00:29.751Z,19010608,XBTUSD,Sell,1,3788.5,MinusTick,7731d395-ad2a-b56e-a6b1-c18c98f39c89,388842,180
2879659,2019-01-06T08:00:29.969Z,19010608,XBTUSD,Buy,200,3789,PlusTick,2a0663c3-598d-7027-8183-289b2285a739,389042,181
2879660,2019-01-06T08:00:30.009Z,19010608,XBTUSD,Buy,100,3789,ZeroPlusTick,3b785c16-78c6-8173-85f6-86fc129e1d34,389142,182
2879695,2019-01-06T08:00:41.739Z,19010608,XBTUSD,Buy,30,3789,ZeroPlusTick,53c07140-b1d2-ab2b-2272-7d3d7e30e7a0,389172,183
2879704,2019-01-06T08:00:41.739Z,19010608,XBTUSD,Buy,350,3789.5,ZeroPlusTick,3e4c913c-aff6-32bd-a005-acdbc1c54544,389522,184
2879711,2019-01-06T08:00:43.217Z,19010608,XBTUSD,Buy,32,3789.5,ZeroPlusTick,09a8de33-4724-0971-57ee-f389264f6e84,389554,185
2879715,2019-01-06T08:00:44.116Z,19010608,XBTUSD,Buy,146,3789.5,ZeroPlusTick,14af3bfc-2b52-44a4-869f-2c2e7194b60c,389700,186
2879731,2019-01-06T08:00:47.638Z,19010608,XBTUSD,Buy,100,3789.5,ZeroPlusTick,2b215546-6d3d-59dc-2c09-2d989ff6c136,389800,187
2879740,2019-01-06T08:00:47.638Z,19010608,XBTUSD,Buy,10,3789.5,ZeroPlusTick,7189e898-73f8-6c85-af3b-8dcfedc418bc,389810,188
2879755,2019-01-06T08:00:47.746Z,19010608,XBTUSD,Sell,2511,3789,ZeroMinusTick,8734b3a3-7b6b-3206-dd46-da0695b0e972,392321,189
2879794,2019-01-06T08:00:54.314Z,19010608,XBTUSD,Buy,4151,3789.5,ZeroPlusTick,1b9725ea-3cc3-ac4f-4094-a1f19f09fad7,396472,190
2879800,2019-01-06T08:00:55.226Z,19010608,XBTUSD,Buy,500,3789.5,ZeroPlusTick,08265ac5-d04a-e7c0-724b-127e2cd43342,396972,191
2879811,2019-01-06T08:00:56.317Z,19010608,XBTUSD,Buy,146,3789.5,ZeroPlusTick,0277e602-95ec-0198-3fcd-0beaaa9e4184,397118,192
2879812,2019-01-06T08:00:57.318Z,19010608,XBTUSD,Buy,1000,3789.5,ZeroPlusTick,8a5a042e-e742-6066-0e2b-5517c05a9d9b,398118,193
2879813,2019-01-06T08:00:57.765Z,19010608,XBTUSD,Buy,39,3789.5,ZeroPlusTick,780f3bca-96d6-6586-1f17-8161a0eeb9d9,398157,194
2879831,2019-01-06T08:01:00.950Z,19010608,XBTUSD,Buy,200,3789.5,ZeroPlusTick,12949935-f147-3a88-fb89-069e32d44e7d,398357,195
2879838,2019-01-06T08:01:01.096Z,19010608,XBTUSD,Sell,1623,3789,ZeroMinusTick,e7ffa78e-113f-c278-99a1-0af8226738a0,399980,196
2879844,2019-01-06T08:01:01.870Z,19010608,XBTUSD,Sell,2000,3789,ZeroMinusTick,8cffd2e3-9b4f-3293-a088-0500dd871625,401980,197
2879862,2019-01-06T08:01:04.388Z,19010608,XBTUSD,Buy,2,3789.5,ZeroPlusTick,631b9f4a-f6e2-0724-6538-f7e0e67ba149,401982,198
2879919,2019-01-06T08:01:25.949Z,19010608,XBTUSD,Sell,4859,3789,ZeroMinusTick,7f7bc9e9-0e64-0e50-4b3a-9f39ebd4603f,406841,199
2879978,2019-01-06T08:02:00.690Z,19010608,XBTUSD,Sell,2063,3789,ZeroMinusTick,6016a006-584d-b723-a541-cc99ceb6d1e8,408904,200
2879984,2019-01-06T08:02:03.354Z,19010608,XBTUSD,Sell,94,3789,ZeroMinusTick,ef410a25-5722-a3f4-4c97-bf1b2e19575b,408998,201
2880004,2019-01-06T08:02:05.957Z,19010608,XBTUSD,Sell,2000,3789,ZeroMinusTick,edc547fa-0db0-bcd1-6cc8-4a531a5aaa3f,410998,202
2879522,2019-01-06T08:00:05.487Z,19010608,XBTUSD,Buy,347,3788.5,ZeroPlusTick,ffb33230-f31c-7405-60af-c497f3157782,411345,203
2879538,2019-01-06T08:00:05.487Z,19010608,XBTUSD,Buy,11,3789,ZeroPlusTick,266e5078-6d0a-375e-512e-6dd82da2da49,411356,204
2879541,2019-01-06T08:00:05.487Z,19010608,XBTUSD,Buy,11,3789,ZeroPlusTick,9fe75162-bc19-5723-5eb2-25a671781c09,411367,205
2879552,2019-01-06T08:00:06.565Z,19010608,XBTUSD,Sell,3713,3788.5,ZeroMinusTick,e6c3d47e-ea31-fbc5-eeca-7eab158c5ca6,415080,206
2879553,2019-01-06T08:00:06.612Z,19010608,XBTUSD,Sell,200,3788.5,ZeroMinusTick,919a7247-3204-9a9d-1426-776c675fb6c5,415280,207
2879554,2019-01-06T08:00:06.723Z,19010608,XBTUSD,Sell,4,3788.5,ZeroMinusTick,0abd2db0-87d4-e1c8-1b88-aa57cf240b06,415284,208
2879559,2019-01-06T08:00:08.129Z,19010608,XBTUSD,Sell,1,3788.5,ZeroMinusTick,b22d3d4c-9820-08ed-0dcc-49e3035ba6ce,415285,209
2879566,2019-01-06T08:00:09.150Z,19010608,XBTUSD,Buy,7000,3789,ZeroPlusTick,f7f94f33-ceec-ee09-0799-900f3afdaa67,422285,210
2879590,2019-01-06T08:00:11.535Z,19010608,XBTUSD,Buy,50,3789,ZeroPlusTick,0f9b87b0-a4d3-c5d4-d625-61780191cf67,422335,211
2879595,2019-01-06T08:00:11.535Z,19010608,XBTUSD,Buy,10,3789,ZeroPlusTick,0d5c795a-e457-bdaa-88e8-8e8aa3f28e14,422345,212
2879639,2019-01-06T08:00:23.486Z,19010608,XBTUSD,Buy,100,3789,ZeroPlusTick,4d63f7ff-182e-07f3-c612-422e890e2aa2,422445,213
2879654,2019-01-06T08:00:27.346Z,19010608,XBTUSD,Buy,850,3789,ZeroPlusTick,c26554a7-6ddf-c95a-02bc-d5aafd899314,423295,214
2879667,2019-01-06T08:00:34.138Z,19010608,XBTUSD,Buy,10,3789,ZeroPlusTick,5c7ea670-23b6-8697-a49f-81c546ed62e7,423305,215
2879685,2019-01-06T08:00:39.491Z,19010608,XBTUSD,Sell,3,3788.5,MinusTick,6855660d-d043-a912-7528-e0be30b56654,423308,216
2879686,2019-01-06T08:00:39.609Z,19010608,XBTUSD,Sell,5,3788.5,ZeroMinusTick,93823e7c-fc3a-c019-9d7a-d6d5434f4c23,423313,217
2879696,2019-01-06T08:00:41.739Z,19010608,XBTUSD,Buy,11,3789.5,PlusTick,b9ba6e11-21fd-e260-9853-87e606f505b4,423324,218
2879700,2019-01-06T08:00:41.739Z,19010608,XBTUSD,Buy,120,3789.5,ZeroPlusTick,17f79e54-dba2-8b98-4d0a-bef0cb72faf3,423444,219
2879737,2019-01-06T08:00:47.638Z,19010608,XBTUSD,Buy,30,3789.5,ZeroPlusTick,cc60240c-f508-c9a7-26e5-4ae85502ff44,423474,220
2879743,2019-01-06T08:00:47.638Z,19010608,XBTUSD,Buy,25,3789.5,ZeroPlusTick,5313d4f6-c8f1-11d3-ce43-35adc8c6cd51,423499,221
2879774,2019-01-06T08:00:51.540Z,19010608,XBTUSD,Buy,3271,3789.5,PlusTick,935bfde1-cdf9-8a06-3637-15ce7c494d5a,426770,222
2879783,2019-01-06T08:00:54.091Z,19010608,XBTUSD,Buy,125,3789.5,ZeroPlusTick,dc213a09-07be-d873-7c55-cc08f1d2059d,426895,223
2879796,2019-01-06T08:00:55.226Z,19010608,XBTUSD,Buy,120,3789.5,ZeroPlusTick,66361cb2-e320-65d7-e167-e58c58056e13,427015,224
2879808,2019-01-06T08:00:56.128Z,19010608,XBTUSD,Buy,425,3789.5,ZeroPlusTick,78b95c43-f709-24aa-21da-c32e0c33f53d,427440,225
2879833,2019-01-06T08:01:00.970Z,19010608,XBTUSD,Sell,5000,3789,MinusTick,09c42d1e-d8ec-c535-5749-d3ee3df6dfc2,432440,226
2879847,2019-01-06T08:01:01.870Z,19010608,XBTUSD,Sell,2000,3789,ZeroMinusTick,490ab3a8-2e4b-d403-3315-1e3196a67707,434440,227
2879877,2019-01-06T08:01:05.607Z,19010608,XBTUSD,Buy,100,3789.5,ZeroPlusTick,7b8b6468-6a75-e56d-6fd3-d01def8c4e78,434540,228
2879884,2019-01-06T08:01:09.554Z,19010608,XBTUSD,Sell,100,3789,MinusTick,aa16ca4c-749f-819c-7992-3aec9b0712dc,434640,229
2879913,2019-01-06T08:01:22.435Z,19010608,XBTUSD,Sell,800,3789,MinusTick,7af0bb8b-9fb1-d1b2-bc3d-8b3689e3e2f3,435440,230
2879914,2019-01-06T08:01:23.058Z,19010608,XBTUSD,Sell,2040,3789,ZeroMinusTick,7e50867f-d1b1-54cd-6bcd-63bf46a46ea3,437480,231
2879535,2019-01-06T08:00:05.487Z,19010608,XBTUSD,Buy,100,3789,ZeroPlusTick,d8a6e530-5559-c136-6356-be207929d16c,437580,232
2879543,2019-01-06T08:00:05.487Z,19010608,XBTUSD,Buy,500,3789,ZeroPlusTick,9798f9b4-7d13-07c8-f96e-f5602ac95305,438080,233
2879558,2019-01-06T08:00:07.953Z,19010608,XBTUSD,Sell,67,3788.5,ZeroMinusTick,739f5971-1a57-6617-eb7f-c7385c53d246,438147,234
2879565,2019-01-06T08:00:09.150Z,19010608,XBTUSD,Buy,15,3789,ZeroPlusTick,6df7264e-ba5a-d59b-157a-72e67bfda9fc,438162,235
2879591,2019-01-06T08:00:11.535Z,19010608,XBTUSD,Buy,2,3789,ZeroPlusTick,b4a0cf47-1398-761e-13e4-e806b4a15766,438164,236
2879598,2019-01-06T08:00:11.535Z,19010608,XBTUSD,Buy,11,3789,ZeroPlusTick,c56f16c9-8d06-af12-c3b8-368bbc10b083,438175,237
2879636,2019-01-06T08:00:23.486Z,19010608,XBTUSD,Buy,28245,3789,PlusTick,902b2ca3-1c05-50ee-b74c-db1a970442ba,466420,238
2879646,2019-01-06T08:00:23.486Z,19010608,XBTUSD,Buy,1000,3789,ZeroPlusTick,f36b78bf-cf4c-6166-56b8-cbf9f83303de,467420,239
2879649,2019-01-06T08:00:23.556Z,19010608,XBTUSD,Buy,2000,3789,ZeroPlusTick,65f75dd3-8321-2811-e38e-a30024c289fc,469420,240
2879670,2019-01-06T08:00:34.138Z,19010608,XBTUSD,Buy,1800,3789,ZeroPlusTick,c0d23fda-c993-3d20-b25e-2204376c22e4,471220,241
2879690,2019-01-06T08:00:41.739Z,19010608,XBTUSD,Buy,100,3789,ZeroPlusTick,a73473fc-cd35-6246-86ec-9a8ca69cde72,471320,242
2879701,2019-01-06T08:00:41.739Z,19010608,XBTUSD,Buy,20,3789.5,ZeroPlusTick,44645739-c70c-50fe-ba83-286fa209dda6,471340,243
2879727,2019-01-06T08:00:47.608Z,19010608,XBTUSD,Buy,5000,3789.5,PlusTick,50b0603e-29fe-871d-3cd3-8f2f8eb04f02,476340,244
2879728,2019-01-06T08:00:47.638Z,19010608,XBTUSD,Buy,28734,3789.5,ZeroPlusTick,45df725d-49b6-1792-222a-2510b1a896c1,505074,245
2879738,2019-01-06T08:00:47.638Z,19010608,XBTUSD,Buy,268,3789.5,ZeroPlusTick,8037a03f-a458-8c3f-7e9a-50f4b8d3a858,505342,246
2879748,2019-01-06T08:00:47.638Z,19010608,XBTUSD,Buy,13998,3789.5,ZeroPlusTick,ff32043f-46ba-1977-e167-cd0c792f44d3,519340,247
2879790,2019-01-06T08:00:54.277Z,19010608,XBTUSD,Buy,113,3789.5,ZeroPlusTick,aa65fe5f-394b-108b-bc33-b63f69a718d0,519453,248
2879798,2019-01-06T08:00:55.226Z,19010608,XBTUSD,Buy,535,3789.5,ZeroPlusTick,1144ac88-c103-a8f0-0205-0082a81dc1d9,519988,249
2879821,2019-01-06T08:00:59.564Z,19010608,XBTUSD,Buy,1000,3789.5,ZeroPlusTick,34bebdc1-dfc0-9ad0-ed73-739c093dd750,520988,250
2879826,2019-01-06T08:01:00.950Z,19010608,XBTUSD,Buy,1594,3789.5,ZeroPlusTick,36dcd132-47c9-2cd8-ab8c-b686b8ee971a,522582,251
2879850,2019-01-06T08:01:01.870Z,19010608,XBTUSD,Sell,10120,3789,ZeroMinusTick,3f8e4e6a-d6e1-7881-f13d-2fd6577f4f92,532702,252
2879898,2019-01-06T08:01:12.647Z,19010608,XBTUSD,Sell,2274,3789,ZeroMinusTick,0136904a-d834-4213-55a2-22301307cfe8,534976,253
2879899,2019-01-06T08:01:12.755Z,19010608,XBTUSD,Sell,2,3789,ZeroMinusTick,8ab85a9a-76a4-5ef9-8fdb-9f7edbe3e2eb,534978,254
2879951,2019-01-06T08:01:48.095Z,19010608,XBTUSD,Sell,1696,3789,ZeroMinusTick,0cffff02-402e-0cda-0d3a-9c30c4befc2a,536674,255
2879952,2019-01-06T08:01:48.480Z,19010608,XBTUSD,Buy,2000,3789.5,PlusTick,0ce6f639-de3a-14b0-8f58-e698dbd6a979,538674,256
2879953,2019-01-06T08:01:48.546Z,19010608,XBTUSD,Sell,1,3789,MinusTick,f615e5e6-5c65-51dc-c8da-786f562a80b4,538675,257
2879955,2019-01-06T08:01:50.845Z,19010608,XBTUSD,Sell,1108,3789,ZeroMinusTick,1218fbfc-e58d-9218-2cfc-97c2b8fccbcd,539783,258
2879967,2019-01-06T08:01:58.284Z,19010608,XBTUSD,Sell,528,3789,ZeroMinusTick,b80094f5-d090-c837-3221-90eb663387bd,540311,259
2880005,2019-01-06T08:02:05.957Z,19010608,XBTUSD,Sell,2488,3789,ZeroMinusTick,2c7bb6eb-7f9e-8f31-8463-9e48c85cc3c4,542799,260
2880055,2019-01-06T08:02:42.881Z,19010608,XBTUSD,Sell,124,3789,ZeroMinusTick,41a65eed-33c6-7955-990f-87a440ec969b,542923,261
2880068,2019-01-06T08:02:45.239Z,19010608,XBTUSD,Sell,10,3789,ZeroMinusTick,501d2f84-4728-ca28-3d08-6ba5204ce51f,542933,262
2880078,2019-01-06T08:02:45.239Z,19010608,XBTUSD,Sell,422,3789,ZeroMinusTick,048b8b92-9dcc-e083-3e05-8a6993cffe33,543355,263
2880083,2019-01-06T08:02:47.330Z,19010608,XBTUSD,Sell,568,3789,ZeroMinusTick,27ba0e6e-8a06-2c1b-41fa-21231bfcdd07,543923,264
2880091,2019-01-06T08:02:47.330Z,19010608,XBTUSD,Sell,116,3789,ZeroMinusTick,ba4124c4-5997-b2d6-ddb3-a69da1cc3282,544039,265
2880100,2019-01-06T08:02:48.229Z,19010608,XBTUSD,Sell,14,3789,ZeroMinusTick,0119dfc0-501d-47c7-de0f-eb186db1cdd8,544053,266
2879644,2019-01-06T08:00:23.486Z,19010608,XBTUSD,Buy,10,3789,ZeroPlusTick,3360a6e0-500f-abe7-6cc3-dcb3f49deb07,544063,267
2879671,2019-01-06T08:00:34.138Z,19010608,XBTUSD,Buy,2250,3789,ZeroPlusTick,32f546b4-5869-66d1-d83e-87a86fd07e85,546313,268
2879698,2019-01-06T08:00:41.739Z,19010608,XBTUSD,Buy,124,3789.5,ZeroPlusTick,7544cc61-ba79-79e6-edf8-cbce7eb94583,546437,269
2879706,2019-01-06T08:00:41.739Z,19010608,XBTUSD,Buy,15942,3789.5,ZeroPlusTick,7677ea06-76a5-3dc7-af19-eb0b220ec783,562379,270
2879736,2019-01-06T08:00:47.638Z,19010608,XBTUSD,Buy,10,3789.5,ZeroPlusTick,518f8247-3334-3cc1-4d69-f229660443c1,562389,271
2879741,2019-01-06T08:00:47.638Z,19010608,XBTUSD,Buy,10,3789.5,ZeroPlusTick,7468ec1a-5692-e734-905b-efb13125de88,562399,272
2879752,2019-01-06T08:00:47.746Z,19010608,XBTUSD,Sell,100,3789,ZeroMinusTick,7c69b692-9cfb-6eff-b865-e0f69b5ef6d1,562499,273
2879785,2019-01-06T08:00:54.091Z,19010608,XBTUSD,Buy,151,3789.5,ZeroPlusTick,2a5b83df-a613-ed7e-eaa0-4add854af3aa,562650,274
2879789,2019-01-06T08:00:54.277Z,19010608,XBTUSD,Buy,33,3789.5,ZeroPlusTick,a2110c53-93dc-f047-c724-49b0c5248586,562683,275
2879802,2019-01-06T08:00:55.226Z,19010608,XBTUSD,Buy,100,3789.5,ZeroPlusTick,c1090f7c-37d3-bb8d-dd0d-ae9713fd5166,562783,276
2879807,2019-01-06T08:00:56.128Z,19010608,XBTUSD,Buy,182,3789.5,ZeroPlusTick,52a7f728-5ec8-cee1-547f-999448f92182,562965,277
2879823,2019-01-06T08:00:59.564Z,19010608,XBTUSD,Buy,3406,3789.5,ZeroPlusTick,c1a2004e-60e8-a885-b30a-e87dc3898d6f,566371,278
2879828,2019-01-06T08:01:00.950Z,19010608,XBTUSD,Buy,10,3789.5,ZeroPlusTick,582ae78a-cf56-d072-51c6-ab652737e723,566381,279
2879837,2019-01-06T08:01:01.096Z,19010608,XBTUSD,Sell,90,3789,ZeroMinusTick,960f1de1-d6f3-2227-27bb-efab28691a0b,566471,280
2879843,2019-01-06T08:01:01.870Z,19010608,XBTUSD,Sell,75,3789,ZeroMinusTick,a5c6fc6a-8174-7ea4-dfe4-0794af9fa903,566546,281
2879887,2019-01-06T08:01:10.074Z,19010608,XBTUSD,Buy,1,3789.5,PlusTick,96fe256e-72ca-7d6f-8cb5-67485a3b23e1,566547,282
2879916,2019-01-06T08:01:25.262Z,19010608,XBTUSD,Sell,433,3789,ZeroMinusTick,3d783c32-0578-385b-9600-4e06d75373a9,566980,283
2879918,2019-01-06T08:01:25.949Z,19010608,XBTUSD,Sell,141,3789,ZeroMinusTick,3316cc42-1716-a76b-4937-2d3de1422fa4,567121,284
2879964,2019-01-06T08:01:57.583Z,19010608,XBTUSD,Sell,109,3789,ZeroMinusTick,ac7e6ebe-92a7-9472-6a6c-20aa260bc207,567230,285
2879972,2019-01-06T08:02:00.581Z,19010608,XBTUSD,Sell,619,3789,ZeroMinusTick,6c0303a9-dba2-2546-60c7-84f4babab5b1,567849,286
2880008,2019-01-06T08:02:11.688Z,19010608,XBTUSD,Sell,76,3789,ZeroMinusTick,949ad948-b5dd-5167-04f1-511924a6812c,567925,287
2880045,2019-01-06T08:02:36.515Z,19010608,XBTUSD,Sell,43,3789,ZeroMinusTick,69991263-93df-8c4d-123a-4fc6084f25f2,567968,288
2880057,2019-01-06T08:02:42.881Z,19010608,XBTUSD,Sell,120,3789,ZeroMinusTick,f8706841-705a-74b3-0702-79ff07a5db3d,568088,289
2880073,2019-01-06T08:02:45.239Z,19010608,XBTUSD,Sell,500,3789,ZeroMinusTick,8384f347-ae3e-7249-c54e-5868c78c8675,568588,290
2880082,2019-01-06T08:02:47.330Z,19010608,XBTUSD,Sell,31,3789,ZeroMinusTick,69e68708-4ff2-79d0-f891-70960db08929,568619,291
2880104,2019-01-06T08:02:48.229Z,19010608,XBTUSD,Sell,25,3789,ZeroMinusTick,090ac5ac-40a8-7c0a-c116-526e86108c65,568644,292
2880116,2019-01-06T08:02:48.229Z,19010608,XBTUSD,Sell,50,3789,ZeroMinusTick,291ea96a-22c3-12fd-e84e-8c28184e2ef0,568694,293
2880119,2019-01-06T08:02:48.229Z,19010608,XBTUSD,Sell,699,3789,ZeroMinusTick,3248bc90-2469-fb49-14c7-98d920cb13e9,569393,294
2880129,2019-01-06T08:02:48.446Z,19010608,XBTUSD,Sell,52,3789,ZeroMinusTick,f3a41eab-6a3e-1943-6eaa-c8f58467e174,569445,295
2880139,2019-01-06T08:02:48.446Z,19010608,XBTUSD,Sell,620,3789,ZeroMinusTick,411f411f-6ece-afc9-f59e-683a42e36de6,570065,296
2880147,2019-01-06T08:02:48.446Z,19010608,XBTUSD,Sell,2006,3789,ZeroMinusTick,8ae93d6a-5fbd-d958-d467-efbc439e2520,572071,297
2880160,2019-01-06T08:02:48.446Z,19010608,XBTUSD,Sell,253,3789,ZeroMinusTick,726d4536-de60-3c62-6f17-39294bc7cb2f,572324,298
2880164,2019-01-06T08:02:48.446Z,19010608,XBTUSD,Sell,156,3789,ZeroMinusTick,9348d1c1-deec-5f61-4ecd-4ccd6ebd192b,572480,299
2880168,2019-01-06T08:02:48.723Z,19010608,XBTUSD,Sell,3829,3789,ZeroMinusTick,c74f721a-2274-b806-89ac-6350b58065ac,576309,300
2880179,2019-01-06T08:02:50.657Z,19010608,XBTUSD,Sell,500,3789,ZeroMinusTick,591f000e-6037-11fe-9c96-deccf5c75f76,576809,301
2880186,2019-01-06T08:02:51.691Z,19010608,XBTUSD,Sell,172,3789,ZeroMinusTick,a8ff71d8-cdd7-3589-47c4-d59075fbc384,576981,302
2879804,2019-01-06T08:00:55.226Z,19010608,XBTUSD,Buy,100,3789.5,ZeroPlusTick,789436f5-924f-6269-67f2-85e30a00ff5c,577081,303
2879819,2019-01-06T08:00:59.159Z,19010608,XBTUSD,Buy,600,3789.5,ZeroPlusTick,34512481-f7c5-8bb0-7d7d-dce16f9bd2c6,577681,304
2879820,2019-01-06T08:00:59.564Z,19010608,XBTUSD,Buy,544,3789.5,ZeroPlusTick,6f2ea0b6-65eb-5f4b-503a-fcc0a759e011,578225,305
2879832,2019-01-06T08:01:00.950Z,19010608,XBTUSD,Buy,789,3789.5,ZeroPlusTick,8521229e-d811-a142-b5ac-3d3d767b9b93,579014,306
2879835,2019-01-06T08:01:01.096Z,19010608,XBTUSD,Sell,15,3789,ZeroMinusTick,61027ea3-c670-eb3d-8762-9df129d3528c,579029,307
2879845,2019-01-06T08:01:01.870Z,19010608,XBTUSD,Sell,12045,3789,ZeroMinusTick,96080996-31d8-9cae-abf7-9eb2d0624d85,591074,308
2879858,2019-01-06T08:01:02.416Z,19010608,XBTUSD,Buy,2889,3789.5,ZeroPlusTick,2524e593-1e77-17f1-4d77-dc25c7763ccf,593963,309
2879922,2019-01-06T08:01:27.618Z,19010608,XBTUSD,Buy,200,3789.5,ZeroPlusTick,681f30e7-a54e-6726-30ba-a9329964fbec,594163,310
2879934,2019-01-06T08:01:40.866Z,19010608,XBTUSD,Buy,412,3789.5,ZeroPlusTick,2badd2e2-370d-8f43-c05a-9aa5a1df46b2,594575,311
2879956,2019-01-06T08:01:52.043Z,19010608,XBTUSD,Sell,20000,3789,ZeroMinusTick,c85d873c-d810-0318-426d-60ab4035eb57,614575,312
2879979,2019-01-06T08:02:00.690Z,19010608,XBTUSD,Sell,1819,3789,ZeroMinusTick,67867a64-655c-5f59-7aa2-a550803b1716,616394,313
2879982,2019-01-06T08:02:03.354Z,19010608,XBTUSD,Sell,28,3789,ZeroMinusTick,5c1bc1cc-64cd-b3aa-c38e-eb265927ae86,616422,314
2880001,2019-01-06T08:02:05.352Z,19010608,XBTUSD,Buy,12,3789.5,ZeroPlusTick,83e2c974-b0dc-8503-3655-6e837da11aca,616434,315
2880046,2019-01-06T08:02:39.929Z,19010608,XBTUSD,Sell,200,3789,ZeroMinusTick,0535fa6e-e4f1-033d-cffd-d5f41f2dc75d,616634,316
2880053,2019-01-06T08:02:42.881Z,19010608,XBTUSD,Sell,500,3789,ZeroMinusTick,397578d7-ee75-5854-920e-a491049ad82b,617134,317
2880070,2019-01-06T08:02:45.239Z,19010608,XBTUSD,Sell,1,3789,ZeroMinusTick,f6d2e71d-bc6b-534f-b14c-e949e77a508d,617135,318
2880086,2019-01-06T08:02:47.330Z,19010608,XBTUSD,Sell,30,3789,ZeroMinusTick,42415e44-d8b2-d216-6c05-b3a2df6a4a78,617165,319
2880093,2019-01-06T08:02:47.330Z,19010608,XBTUSD,Sell,1633,3789,ZeroMinusTick,9f81b900-0721-6d69-ca5f-1d8e32345dd5,618798,320
2880103,2019-01-06T08:02:48.229Z,19010608,XBTUSD,Sell,21,3789,ZeroMinusTick,24832c3d-5802-d609-85ef-488b343814a6,618819,321
2880111,2019-01-06T08:02:48.229Z,19010608,XBTUSD,Sell,1000,3789,ZeroMinusTick,ee9ef452-5dd7-b546-b6e6-08ff06182a42,619819,322
2880125,2019-01-06T08:02:48.446Z,19010608,XBTUSD,Sell,2065,3789,ZeroMinusTick,1c07957b-9fed-b8e0-a3bd-2ef13316a14a,621884,323
2880133,2019-01-06T08:02:48.446Z,19010608,XBTUSD,Sell,2064,3789,ZeroMinusTick,bd062578-4e02-6885-3a0e-6e7bc24e5fcb,623948,324
2880149,2019-01-06T08:02:48.446Z,19010608,XBTUSD,Sell,4000,3789,ZeroMinusTick,9b510068-1f15-34b6-1a2a-fe35ed49f66b,627948,325
2880157,2019-01-06T08:02:48.446Z,19010608,XBTUSD,Sell,120,3789,ZeroMinusTick,5fb3029b-c321-e332-3410-8ce68651206c,628068,326
2880167,2019-01-06T08:02:48.446Z,19010608,XBTUSD,Sell,5203,3789,ZeroMinusTick,13e769ab-a0a0-9075-7731-c1984e2b7a79,633271,327
2880172,2019-01-06T08:02:50.657Z,19010608,XBTUSD,Sell,6551,3789,ZeroMinusTick,b3e7428f-ce89-160f-03a4-d6e0c93848a0,639822,328
2880182,2019-01-06T08:02:50.657Z,19010608,XBTUSD,Sell,189,3789,ZeroMinusTick,97ba088a-6abe-6357-5fb0-78d5fc4b833f,640011,329
2880187,2019-01-06T08:02:53.269Z,19010608,XBTUSD,Sell,2,3789,ZeroMinusTick,8e628be0-4bd9-26d1-8184-40a7fee93b0f,640013,330
2880207,2019-01-06T08:02:58.231Z,19010608,XBTUSD,Sell,200,3789,ZeroMinusTick,e007829e-abba-094e-9919-1b6b1509184a,640213,331
2880225,2019-01-06T08:02:59.886Z,19010608,XBTUSD,Sell,100,3788.5,ZeroMinusTick,5bc5e6de-0cd1-eff4-f4d1-c363aa8d2625,640313,332
2880238,2019-01-06T08:02:59.886Z,19010608,XBTUSD,Sell,10,3788.5,ZeroMinusTick,67a9f644-713d-c1c5-d747-0fd3104eb470,640323,333
2880250,2019-01-06T08:03:04.366Z,19010608,XBTUSD,Sell,1,3788.5,ZeroMinusTick,0e5bfa3e-bc6d-e8cd-c2cb-ae17c3d6850a,640324,334
2880268,2019-01-06T08:03:07.756Z,19010608,XBTUSD,Sell,11,3788.5,ZeroMinusTick,86a43b9e-093d-df95-00b6-b941c3f06c59,640335,335
2880286,2019-01-06T08:03:07.756Z,19010608,XBTUSD,Sell,25,3788.5,ZeroMinusTick,a9b18852-55ec-5c7b-5b49-4a87590ff062,640360,336
2880296,2019-01-06T08:03:07.756Z,19010608,XBTUSD,Sell,10,3788.5,ZeroMinusTick,b662f68b-7fba-d5de-cc1c-5084f9fa83c2,640370,337
2880307,2019-01-06T08:03:07.756Z,19010608,XBTUSD,Sell,69,3788.5,ZeroMinusTick,d9c89114-9347-3a57-1ac7-6472c867385c,640439,338
2880313,2019-01-06T08:03:07.756Z,19010608,XBTUSD,Sell,189,3788.5,ZeroMinusTick,fecc8f3b-aec9-ce64-add2-175a745b4c1c,640628,339
2880323,2019-01-06T08:03:07.756Z,19010608,XBTUSD,Sell,619,3788.5,ZeroMinusTick,eabd3697-da8a-939a-4934-976bf3722168,641247,340
2880337,2019-01-06T08:03:07.756Z,19010608,XBTUSD,Sell,200,3788.5,ZeroMinusTick,3b4ca5b9-d82f-5247-7018-5bc924508eee,641447,341
2879784,2019-01-06T08:00:54.091Z,19010608,XBTUSD,Buy,4000,3789.5,ZeroPlusTick,cae8033c-0f35-cea5-a0ee-58039260a03c,645447,342
2879792,2019-01-06T08:00:54.314Z,19010608,XBTUSD,Buy,1000,3789.5,ZeroPlusTick,8384075d-7360-971a-55ba-690c0d931136,646447,343
2879797,2019-01-06T08:00:55.226Z,19010608,XBTUSD,Buy,10,3789.5,ZeroPlusTick,08d89927-f7b3-b758-8502-6569fe58783c,646457,344
2879827,2019-01-06T08:01:00.950Z,19010608,XBTUSD,Buy,1787,3789.5,ZeroPlusTick,2210ed23-3198-351b-bef9-010d2c29c2f4,648244,345
2879848,2019-01-06T08:01:01.870Z,19010608,XBTUSD,Sell,2000,3789,ZeroMinusTick,b218841b-6191-5a8d-18fb-6fa96d2f433e,650244,346
2879861,2019-01-06T08:01:02.990Z,19010608,XBTUSD,Buy,889,3789.5,ZeroPlusTick,9e5ad26b-7689-8d65-c351-a733b104c858,651133,347
2879883,2019-01-06T08:01:08.328Z,19010608,XBTUSD,Buy,100,3789.5,ZeroPlusTick,95cdd577-0e23-9622-d700-1fd3d116391b,651233,348
2879911,2019-01-06T08:01:21.598Z,19010608,XBTUSD,Buy,150,3789.5,PlusTick,c7ef6956-f464-43c5-1b86-39c92a66a707,651383,349
2879915,2019-01-06T08:01:23.058Z,19010608,XBTUSD,Sell,2960,3789,ZeroMinusTick,4bb21454-8e66-6518-5811-db00ab979697,654343,350
2879976,2019-01-06T08:02:00.690Z,19010608,XBTUSD,Sell,619,3789,ZeroMinusTick,e48cacbc-6b8d-4327-229a-e934779db7d9,654962,351
2880056,2019-01-06T08:02:42.881Z,19010608,XBTUSD,Sell,3,3789,ZeroMinusTick,4858558d-6387-a11f-2f79-c3d8dfddd2a9,654965,352
2880064,2019-01-06T08:02:42.881Z,19010608,XBTUSD,Sell,3,3789,ZeroMinusTick,3ce2fef8-0b46-c53c-9323-42492d635a4e,654968,353
2880077,2019-01-06T08:02:45.239Z,19010608,XBTUSD,Sell,22,3789,ZeroMinusTick,d988ed59-e54d-8168-261b-a39f45f5ce64,654990,354
2880087,2019-01-06T08:02:47.330Z,19010608,XBTUSD,Sell,1950,3789,ZeroMinusTick,2d612152-6ac9-6483-d007-585252883690,656940,355
2880102,2019-01-06T08:02:48.229Z,19010608,XBTUSD,Sell,110,3789,ZeroMinusTick,468df3b2-ea80-ff3b-ed6b-897078ab095a,657050,356
2880114,2019-01-06T08:02:48.229Z,19010608,XBTUSD,Sell,20,3789,ZeroMinusTick,fe66a528-35b0-6da2-d9aa-a20535ea12cb,657070,357
2880126,2019-01-06T08:02:48.446Z,19010608,XBTUSD,Sell,2065,3789,ZeroMinusTick,061616b4-f98b-1f67-dcd9-4d213163c132,659135,358
2880135,2019-01-06T08:02:48.446Z,19010608,XBTUSD,Sell,2064,3789,ZeroMinusTick,fe3d8b12-dd12-532b-1764-817f5e9659f4,661199,359
2880143,2019-01-06T08:02:48.446Z,19010608,XBTUSD,Sell,620,3789,ZeroMinusTick,ce33e34e-848d-5a59-7a5f-6a72fe58e1bf,661819,360
2880156,2019-01-06T08:02:48.446Z,19010608,XBTUSD,Sell,189,3789,ZeroMinusTick,45e412b1-b142-8805-027c-ab28f15e42e1,662008,361
2880177,2019-01-06T08:02:50.657Z,19010608,XBTUSD,Sell,619,3789,ZeroMinusTick,2e91c40e-2af5-04a3-ff40-f824064dad05,662627,362
2880200,2019-01-06T08:02:55.593Z,19010608,XBTUSD,Sell,16,3789,ZeroMinusTick,c60766ea-56b7-8004-02d1-ba5cfa0ed4aa,662643,363
2880211,2019-01-06T08:02:58.231Z,19010608,XBTUSD,Sell,4000,3789,ZeroMinusTick,1c5171e1-0005-8467-47a6-50348f6135af,666643,364
2880216,2019-01-06T08:02:58.231Z,19010608,XBTUSD,Sell,32,3789,ZeroMinusTick,e2232eb7-2233-ae8b-7b50-b3917bd636c1,666675,365
2880227,2019-01-06T08:02:59.886Z,19010608,XBTUSD,Sell,10,3788.5,ZeroMinusTick,dc680015-63ef-ffa8-bcfd-6fcc7ff4dba8,666685,366
2880231,2019-01-06T08:02:59.886Z,19010608,XBTUSD,Sell,16,3788.5,ZeroMinusTick,77898693-9197-2141-1129-c199f1a4e6c4,666701,367
2880241,2019-01-06T08:02:59.886Z,19010608,XBTUSD,Sell,10,3788.5,ZeroMinusTick,582fd90d-9dec-9334-10ec-1b48fc65bbe0,666711,368
2880276,2019-01-06T08:03:07.756Z,19010608,XBTUSD,Sell,10,3788.5,ZeroMinusTick,4b6a71c6-88c2-765c-b117-57bcbe02d763,666721,369
2880278,2019-01-06T08:03:07.756Z,19010608,XBTUSD,Sell,21,3788.5,ZeroMinusTick,3e33de89-de33-7d9f-73f7-0a082ed41246,666742,370
2880288,2019-01-06T08:03:07.756Z,19010608,XBTUSD,Sell,30,3788.5,ZeroMinusTick,9bfcc050-db7b-502d-d1db-5dc354f9b48a,666772,371
2880298,2019-01-06T08:03:07.756Z,19010608,XBTUSD,Sell,10,3788.5,ZeroMinusTick,676d6f04-f480-bf43-4c22-d73b2ba366a1,666782,372
2880308,2019-01-06T08:03:07.756Z,19010608,XBTUSD,Sell,12,3788.5,ZeroMinusTick,2f557f93-3195-1c23-b51c-b0798a9ffefc,666794,373
2880316,2019-01-06T08:03:07.756Z,19010608,XBTUSD,Sell,10000,3788.5,ZeroMinusTick,ebcacd06-a9d2-f63b-8b42-bcfb4c07ee21,676794,374
2880327,2019-01-06T08:03:07.756Z,19010608,XBTUSD,Sell,619,3788.5,ZeroMinusTick,79dc976d-f321-a512-7e4a-7fb3b3c49b19,677413,375
2880335,2019-01-06T08:03:07.756Z,19010608,XBTUSD,Sell,2064,3788.5,ZeroMinusTick,911833ce-dc76-4948-7f53-422a55f2d99d,679477,376
2880370,2019-01-06T08:03:17.155Z,19010608,XBTUSD,Sell,1,3788,ZeroMinusTick,c61c4107-ed4b-8903-f78f-49870a9cef8e,679478,377
2880385,2019-01-06T08:03:17.155Z,19010608,XBTUSD,Sell,11,3788,ZeroMinusTick,531d9ad4-2cdf-0049-cdcd-ee685b9bcc12,679489,378
2880390,2019-01-06T08:03:17.155Z,19010608,XBTUSD,Sell,50,3788,ZeroMinusTick,66b113af-1668-abcf-99bb-e5bf669212fa,679539,379
2880400,2019-01-06T08:03:17.155Z,19010608,XBTUSD,Sell,6223,3788,ZeroMinusTick,96ef20fd-69fe-6a4b-9d78-441df0e46f6b,685762,380
2880408,2019-01-06T08:03:17.155Z,19010608,XBTUSD,Sell,619,3788,ZeroMinusTick,2095323b-4e8b-3af3-5505-2e84d30e12a0,686381,381
2880440,2019-01-06T08:03:40.236Z,19010608,XBTUSD,Sell,100,3788,ZeroMinusTick,b27645ae-80fb-7cd2-99b8-2a77e3caf6f6,686481,382
2880453,2019-01-06T08:03:40.236Z,19010608,XBTUSD,Sell,189,3788,ZeroMinusTick,99418d51-7c5b-9543-c490-1eb660ee6db8,686670,383
2879834,2019-01-06T08:01:01.096Z,19010608,XBTUSD,Sell,3122,3789,ZeroMinusTick,71648451-e070-05be-96a1-08eee0a1788c,689792,384
2879846,2019-01-06T08:01:01.870Z,19010608,XBTUSD,Sell,9492,3789,ZeroMinusTick,06055761-0451-e127-a16a-3222906e013d,699284,385
2879933,2019-01-06T08:01:38.256Z,19010608,XBTUSD,Buy,500,3789.5,PlusTick,188b3d6a-634d-b831-2467-66208128e2c5,699784,386
2879950,2019-01-06T08:01:47.346Z,19010608,XBTUSD,Sell,500,3789,ZeroMinusTick,f14b0b24-0da8-6322-eb26-f0de9899d583,700284,387
2879983,2019-01-06T08:02:03.354Z,19010608,XBTUSD,Sell,11,3789,ZeroMinusTick,06c95233-ae80-9b78-9601-86c438a6fe3e,700295,388
2879985,2019-01-06T08:02:04.578Z,19010608,XBTUSD,Buy,11,3789.5,PlusTick,4b47f29d-08cf-ff5d-14f6-b0561c9736c3,700306,389
2880000,2019-01-06T08:02:05.253Z,19010608,XBTUSD,Buy,5000,3789.5,ZeroPlusTick,6bc0c83f-368e-d4c0-b969-ee7adfc664b8,705306,390
2880022,2019-01-06T08:02:24.716Z,19010608,XBTUSD,Sell,480,3789,ZeroMinusTick,32d5393d-3e70-973f-ee41-782734cd17d4,705786,391
2880051,2019-01-06T08:02:42.881Z,19010608,XBTUSD,Sell,5,3789,ZeroMinusTick,1e71e75c-34ce-e76e-51c7-27a1f2a78e47,705791,392
2880067,2019-01-06T08:02:45.239Z,19010608,XBTUSD,Sell,6197,3789,ZeroMinusTick,df349cca-eaaf-93fc-a503-95bae17197e5,711988,393
2880085,2019-01-06T08:02:47.330Z,19010608,XBTUSD,Sell,10,3789,ZeroMinusTick,ccf2aa81-1ac6-f2dc-cf46-660819f1794e,711998,394
2880092,2019-01-06T08:02:47.330Z,19010608,XBTUSD,Sell,450,3789,ZeroMinusTick,b62970df-1405-61ee-b519-d3d3f5870318,712448,395
2880095,2019-01-06T08:02:48.229Z,19010608,XBTUSD,Sell,2120,3789,ZeroMinusTick,90b30dfe-5086-e6bf-510a-a5a43484edc3,714568,396
2880106,2019-01-06T08:02:48.229Z,19010608,XBTUSD,Sell,10,3789,ZeroMinusTick,99dec080-0895-31e5-a3ff-b9d9de9d2ade,714578,397
2880110,2019-01-06T08:02:48.229Z,19010608,XBTUSD,Sell,1900,3789,ZeroMinusTick,b9f5aad3-91a3-3ed3-cd06-d4fbfd5a1d01,716478,398
2880123,2019-01-06T08:02:48.446Z,19010608,XBTUSD,Sell,20,3789,ZeroMinusTick,d0a4a845-057c-1e8b-d44c-9916501c3ba3,716498,399
2880131,2019-01-06T08:02:48.446Z,19010608,XBTUSD,Sell,2064,3789,ZeroMinusTick,719c9a67-39ec-5945-c792-f2bb1189605d,718562,400
2880144,2019-01-06T08:02:48.446Z,19010608,XBTUSD,Sell,620,3789,ZeroMinusTick,995dd383-412e-c82d-0554-659144ac408c,719182,401
2880158,2019-01-06T08:02:48.446Z,19010608,XBTUSD,Sell,189,3789,ZeroMinusTick,53222ddb-5482-7372-adbb-ce1cdb170ef1,719371,402
2880171,2019-01-06T08:02:50.647Z,19010608,XBTUSD,Sell,4666,3789,ZeroMinusTick,f63b822f-f61e-1e07-5801-1be601841695,724037,403
2880175,2019-01-06T08:02:50.657Z,19010608,XBTUSD,Sell,619,3789,ZeroMinusTick,2b93e8d7-3005-4e51-6ce7-c9b22cdb4e92,724656,404
2880195,2019-01-06T08:02:53.541Z,19010608,XBTUSD,Sell,200,3789,ZeroMinusTick,6af78966-1658-f76a-d4ce-260971b2ed5c,724856,405
2880208,2019-01-06T08:02:58.231Z,19010608,XBTUSD,Sell,100,3789,ZeroMinusTick,989b4320-fe31-4715-1c3e-52bc7b1ea269,724956,406
2880215,2019-01-06T08:02:58.231Z,19010608,XBTUSD,Sell,1,3789,ZeroMinusTick,4cd49854-645e-9b32-8f11-4b219db04ff4,724957,407
2880224,2019-01-06T08:02:59.886Z,19010608,XBTUSD,Sell,10,3788.5,ZeroMinusTick,41ddd33e-ec27-e679-853e-c68287f2f947,724967,408
2880233,2019-01-06T08:02:59.886Z,19010608,XBTUSD,Sell,10,3788.5,ZeroMinusTick,d94f41a0-ef4e-fdc9-9e1a-2b830e9b946e,724977,409
2880243,2019-01-06T08:02:59.886Z,19010608,XBTUSD,Sell,500,3788.5,ZeroMinusTick,2daaa810-a4be-d2cf-fd99-87666c819a72,725477,410
2880249,2019-01-06T08:03:03.464Z,19010608,XBTUSD,Sell,1644,3788.5,ZeroMinusTick,10aa6e42-d0b1-d42b-b59f-6d5f66976e8c,727121,411
2880270,2019-01-06T08:03:07.756Z,19010608,XBTUSD,Sell,10,3788.5,ZeroMinusTick,86568f21-83da-7692-b332-5485f4051242,727131,412
2880282,2019-01-06T08:03:07.756Z,19010608,XBTUSD,Sell,17,3788.5,ZeroMinusTick,f3668a53-b1a2-dc34-9659-5c9d8f2f8d68,727148,413
2880292,2019-01-06T08:03:07.756Z,19010608,XBTUSD,Sell,14,3788.5,ZeroMinusTick,25982652-31b8-ad31-191f-4cde67c03109,727162,414
2880301,2019-01-06T08:03:07.756Z,19010608,XBTUSD,Sell,16,3788.5,ZeroMinusTick,ac4cff08-ca04-2963-2fd0-e4c000ea7395,727178,415
2880318,2019-01-06T08:03:07.756Z,19010608,XBTUSD,Sell,8782,3788.5,ZeroMinusTick,37671222-4e7a-316f-b9a8-513e6771f25d,735960,416
2880322,2019-01-06T08:03:07.756Z,19010608,XBTUSD,Sell,619,3788.5,ZeroMinusTick,7ed2b804-2940-11de-a07c-a2a79fc3b65e,736579,417
2880336,2019-01-06T08:03:07.756Z,19010608,XBTUSD,Sell,500,3788.5,ZeroMinusTick,7e0fd7e5-ef8d-398e-f1b8-08e74bd88292,737079,418
2880360,2019-01-06T08:03:17.155Z,19010608,XBTUSD,Sell,3882,3788,ZeroMinusTick,c6c46f5c-d9bd-e176-dbdf-6d86940ac4b5,740961,419
2880375,2019-01-06T08:03:17.155Z,19010608,XBTUSD,Sell,30,3788,ZeroMinusTick,f15267fe-a1fd-dd7c-175f-2716d9466f4c,740991,420
2880382,2019-01-06T08:03:17.155Z,19010608,XBTUSD,Sell,10,3788,ZeroMinusTick,26cdb668-c2b4-9057-f8c0-2125254feefb,741001,421
2880397,2019-01-06T08:03:17.155Z,19010608,XBTUSD,Sell,2064,3788,ZeroMinusTick,eab66722-4a39-e783-5d55-271dcc2a672f,743065,422
2880409,2019-01-06T08:03:17.155Z,19010608,XBTUSD,Sell,27,3788,ZeroMinusTick,6755f211-42de-8ed6-1498-5dea4b3b2ce9,743092,423
2880411,2019-01-06T08:03:18.016Z,19010608,XBTUSD,Sell,4000,3788,ZeroMinusTick,7506f519-983f-e9a5-4671-352b579b54e6,747092,424
2880445,2019-01-06T08:03:40.236Z,19010608,XBTUSD,Sell,10,3788,ZeroMinusTick,5295fa64-4519-dd15-93ec-9b80e026e8fb,747102,425
2880454,2019-01-06T08:03:40.236Z,19010608,XBTUSD,Sell,189,3788,ZeroMinusTick,c2e5705b-181a-f9e8-9bf6-b5d19a79a856,747291,426
2880462,2019-01-06T08:03:40.236Z,19010608,XBTUSD,Sell,3000,3788,ZeroMinusTick,648e4782-c107-6391-6c59-189be17bdb6e,750291,427
2879881,2019-01-06T08:01:07.592Z,19010608,XBTUSD,Sell,200,3789,MinusTick,ca902ba5-8a96-bd27-e4ee-b1f998280310,750491,428
2879971,2019-01-06T08:02:00.581Z,19010608,XBTUSD,Sell,447,3789,ZeroMinusTick,80c52005-dfb8-e324-eef5-ffd326216578,750938,429
2879974,2019-01-06T08:02:00.690Z,19010608,XBTUSD,Sell,261,3789,ZeroMinusTick,1d7f4f2c-09de-acab-b9fb-8a42cb7c714b,751199,430
2880019,2019-01-06T08:02:20.855Z,19010608,XBTUSD,Sell,1000,3789,ZeroMinusTick,58deedfd-70c3-5a9f-11f0-278bfde0e35c,752199,431
2880030,2019-01-06T08:02:27.149Z,19010608,XBTUSD,Buy,1,3789.5,PlusTick,9d2fbafb-c5ff-e33d-a3d8-1ba02f8bfcfd,752200,432
2880047,2019-01-06T08:02:40.382Z,19010608,XBTUSD,Sell,1434,3789,ZeroMinusTick,e88245d6-585b-3cf1-74bf-7a2a56a51f94,753634,433
2880050,2019-01-06T08:02:42.881Z,19010608,XBTUSD,Sell,2843,3789,MinusTick,c38bf9b1-2221-859c-03cd-f26609ec8db1,756477,434
2880060,2019-01-06T08:02:42.881Z,19010608,XBTUSD,Sell,189,3789,ZeroMinusTick,74fb1fc6-e062-9f3f-106b-faf728f06d79,756666,435
2880074,2019-01-06T08:02:45.239Z,19010608,XBTUSD,Sell,500,3789,ZeroMinusTick,d27dd2ce-4ae4-6d36-aeb5-6017139914b5,757166,436
2880080,2019-01-06T08:02:47.330Z,19010608,XBTUSD,Sell,11932,3789,ZeroMinusTick,dbd4a4fa-1197-1594-c615-001a5e1b89fd,769098,437
2880090,2019-01-06T08:02:47.330Z,19010608,XBTUSD,Sell,8000,3789,ZeroMinusTick,a41893d6-b9a3-62c1-94c6-3cea37b3b23f,777098,438
2880097,2019-01-06T08:02:48.229Z,19010608,XBTUSD,Sell,100,3789,ZeroMinusTick,a4bae2af-9e2b-99b9-a308-f892eb506a30,777198,439
2880108,2019-01-06T08:02:48.229Z,19010608,XBTUSD,Sell,10,3789,ZeroMinusTick,952630b1-2b09-53f4-09aa-fe49549b01c3,777208,440
2880118,2019-01-06T08:02:48.229Z,19010608,XBTUSD,Sell,100,3789,ZeroMinusTick,e99ea7d9-ee8a-2ea8-05aa-a555b8a58c4f,777308,441
2880128,2019-01-06T08:02:48.446Z,19010608,XBTUSD,Sell,2065,3789,ZeroMinusTick,26f0a77e-ff95-71fd-a5db-cacac2ead15b,779373,442
2880137,2019-01-06T08:02:48.446Z,19010608,XBTUSD,Sell,620,3789,ZeroMinusTick,620cdfaf-c0c1-88fe-660f-fd4817e95acf,779993,443
2880141,2019-01-06T08:02:48.446Z,19010608,XBTUSD,Sell,620,3789,ZeroMinusTick,fc2e95b2-b7b3-4895-1740-451f8c8283f7,780613,444
2880151,2019-01-06T08:02:48.446Z,19010608,XBTUSD,Sell,2006,3789,ZeroMinusTick,ebacaf97-4656-67fa-5e49-cff912b92773,782619,445
2880161,2019-01-06T08:02:48.446Z,19010608,XBTUSD,Sell,27,3789,ZeroMinusTick,dfcf84e1-6c26-19da-d8c2-77030dfed7d6,782646,446
2880170,2019-01-06T08:02:50.647Z,19010608,XBTUSD,Sell,5334,3789,ZeroMinusTick,9c27575b-4c4d-9d86-a1fa-ebb98a6d52bd,787980,447
2880180,2019-01-06T08:02:50.657Z,19010608,XBTUSD,Sell,8865,3789,ZeroMinusTick,eda38870-fb3e-8eea-767d-b8532c8ac85a,796845,448
2880184,2019-01-06T08:02:51.691Z,19010608,XBTUSD,Sell,35,3789,ZeroMinusTick,f458c083-a2c5-fa13-0e27-dc1ba83e8138,796880,449
2880199,2019-01-06T08:02:55.593Z,19010608,XBTUSD,Sell,2000,3789,ZeroMinusTick,31b12203-58e6-4fd7-2a3c-2bc1648817e4,798880,450
2880204,2019-01-06T08:02:58.231Z,19010608,XBTUSD,Sell,8384,3789,ZeroMinusTick,6c471292-12fd-de23-3d15-74e89296cfab,807264,451
2880223,2019-01-06T08:02:59.886Z,19010608,XBTUSD,Sell,10,3788.5,ZeroMinusTick,9b82d205-3740-6783-0f3f-87d853e07e09,807274,452
2880232,2019-01-06T08:02:59.886Z,19010608,XBTUSD,Sell,10,3788.5,ZeroMinusTick,977c1179-7d66-0ba7-4857-cef7a612b8e1,807284,453
2880245,2019-01-06T08:02:59.886Z,19010608,XBTUSD,Sell,396,3788.5,ZeroMinusTick,792b27a9-72dd-f2de-906b-adf0d239b884,807680,454
2880271,2019-01-06T08:03:07.756Z,19010608,XBTUSD,Sell,16,3788.5,ZeroMinusTick,2da29884-b2fd-9d07-2a20-31bacece64f2,807696,455
2880283,2019-01-06T08:03:07.756Z,19010608,XBTUSD,Sell,11,3788.5,ZeroMinusTick,4b0f998a-8056-bb23-330c-e225b2d9dabd,807707,456
2880293,2019-01-06T08:03:07.756Z,19010608,XBTUSD,Sell,10,3788.5,ZeroMinusTick,ba527fd2-f8ea-46cb-3854-733609e2d677,807717,457
2880299,2019-01-06T08:03:07.756Z,19010608,XBTUSD,Sell,17,3788.5,ZeroMinusTick,dbc897b4-40d3-fa5c-2abb-6928253384d7,807734,458
2880309,2019-01-06T08:03:07.756Z,19010608,XBTUSD,Sell,10,3788.5,ZeroMinusTick,029fd2e8-7168-d82c-fcb4-ee676f93ea99,807744,459
2880319,2019-01-06T08:03:07.756Z,19010608,XBTUSD,Sell,27,3788.5,ZeroMinusTick,87c869cb-55b3-0fb3-a37f-e55331a6ef9d,807771,460
2880326,2019-01-06T08:03:07.756Z,19010608,XBTUSD,Sell,10000,3788.5,ZeroMinusTick,523aca19-54e0-187d-4422-64dddd8a9454,817771,461
2880332,2019-01-06T08:03:07.756Z,19010608,XBTUSD,Sell,2064,3788.5,ZeroMinusTick,1c1aefc2-d915-ded0-fc30-04f9c03c76d8,819835,462
2880342,2019-01-06T08:03:07.756Z,19010608,XBTUSD,Sell,100,3788.5,ZeroMinusTick,a9a871a2-c6f6-21ab-3270-2b1c67ff2c1e,819935,463
2880367,2019-01-06T08:03:17.155Z,19010608,XBTUSD,Sell,2,3788,ZeroMinusTick,f8300ec8-4b56-cf7d-e386-c17aa3502130,819937,464
2880377,2019-01-06T08:03:17.155Z,19010608,XBTUSD,Sell,500,3788,ZeroMinusTick,d1e6c497-ba61-80c8-85a5-1c926732961e,820437,465
2880387,2019-01-06T08:03:17.155Z,19010608,XBTUSD,Sell,230,3788,ZeroMinusTick,5674d502-33ed-a32c-e331-740016eac288,820667,466
2880395,2019-01-06T08:03:17.155Z,19010608,XBTUSD,Sell,2064,3788,ZeroMinusTick,404cf7f8-cf57-7a7c-a11f-7b3a6e00ab72,822731,467
2880403,2019-01-06T08:03:17.155Z,19010608,XBTUSD,Sell,189,3788,ZeroMinusTick,70f66e83-68bc-314e-2f94-3dec6f5c2061,822920,468
2879921,2019-01-06T08:01:27.618Z,19010608,XBTUSD,Buy,100,3789.5,PlusTick,3eb507d5-97db-2e6f-f71a-09f280336894,823020,469
2879954,2019-01-06T08:01:49.216Z,19010608,XBTUSD,Sell,700,3789,ZeroMinusTick,b6fb4975-5e89-48b0-82e6-b10f5aba0a63,823720,470
2879965,2019-01-06T08:01:57.583Z,19010608,XBTUSD,Sell,91,3789,ZeroMinusTick,a7fd8aae-3ff1-fa3a-5ae3-ff3262eadc7b,823811,471
2879973,2019-01-06T08:02:00.581Z,19010608,XBTUSD,Sell,358,3789,ZeroMinusTick,e26c2b3d-e905-e2aa-b8ac-33591f4b50a6,824169,472
2880002,2019-01-06T08:02:05.571Z,19010608,XBTUSD,Sell,37,3789,MinusTick,bddd2d2c-c925-9a84-b701-151c919d6a9f,824206,473
2880043,2019-01-06T08:02:33.629Z,19010608,XBTUSD,Sell,480,3789,ZeroMinusTick,873de31b-9926-1833-b6f6-938479e71d2d,824686,474
2880059,2019-01-06T08:02:42.881Z,19010608,XBTUSD,Sell,90,3789,ZeroMinusTick,f9804e8a-3e9b-8bbd-cc9a-073c6352cbf9,824776,475
2880061,2019-01-06T08:02:42.881Z,19010608,XBTUSD,Sell,189,3789,ZeroMinusTick,e71997a9-2684-6ec3-fdb6-c8675b81467f,824965,476
2880069,2019-01-06T08:02:45.239Z,19010608,XBTUSD,Sell,33,3789,ZeroMinusTick,438c3d42-d83b-038d-06ea-98ab4fd6e330,824998,477
2880075,2019-01-06T08:02:45.239Z,19010608,XBTUSD,Sell,10,3789,ZeroMinusTick,d6396392-ebc0-c020-529b-54c19c2aed9d,825008,478
2880081,2019-01-06T08:02:47.330Z,19010608,XBTUSD,Sell,9719,3789,ZeroMinusTick,5b47db1b-f435-d82b-d9a7-4f8ba1d822ac,834727,479
2880096,2019-01-06T08:02:48.229Z,19010608,XBTUSD,Sell,100,3789,ZeroMinusTick,158b1509-df58-23f8-e3e5-7a7b580103d1,834827,480
2880099,2019-01-06T08:02:48.229Z,19010608,XBTUSD,Sell,11,3789,ZeroMinusTick,5fe9d689-40f0-ea05-18d4-bb5a7c19096a,834838,481
2880109,2019-01-06T08:02:48.229Z,19010608,XBTUSD,Sell,500,3789,ZeroMinusTick,f3b026b5-99e8-961a-69b6-b6adb2f6a5ae,835338,482
2880120,2019-01-06T08:02:48.446Z,19010608,XBTUSD,Sell,10301,3789,ZeroMinusTick,3f98d7dc-89e6-83c9-a0aa-4ed35151aafc,845639,483
2880138,2019-01-06T08:02:48.446Z,19010608,XBTUSD,Sell,620,3789,ZeroMinusTick,6a2516d5-25ed-fd3a-d643-f9f902f867b8,846259,484
2880146,2019-01-06T08:02:48.446Z,19010608,XBTUSD,Sell,10,3789,ZeroMinusTick,f4dcd5df-d2f7-14d3-4f1a-7751c116e1d0,846269,485
2880155,2019-01-06T08:02:48.446Z,19010608,XBTUSD,Sell,500,3789,ZeroMinusTick,8888e7b9-24ee-b765-bf68-ed101837967a,846769,486
2880166,2019-01-06T08:02:48.446Z,19010608,XBTUSD,Sell,11445,3789,ZeroMinusTick,6c1f9c7f-7d78-ab28-b1dd-1f2667cea829,858214,487
2880169,2019-01-06T08:02:48.723Z,19010608,XBTUSD,Sell,4171,3789,ZeroMinusTick,f3e5c5b2-4971-0c84-f89b-c44d9dace16f,862385,488
2880176,2019-01-06T08:02:50.657Z,19010608,XBTUSD,Sell,619,3789,ZeroMinusTick,4fc5d846-e27e-20e1-d1a8-167e290a0496,863004,489
2880201,2019-01-06T08:02:55.593Z,19010608,XBTUSD,Sell,374,3789,ZeroMinusTick,88434285-9d4e-6f28-9c91-b350573e3ae0,863378,490
2880212,2019-01-06T08:02:58.231Z,19010608,XBTUSD,Sell,10,3789,ZeroMinusTick,5bc43fca-3b59-acc6-5e3a-a2aee2098430,863388,491
2880222,2019-01-06T08:02:59.886Z,19010608,XBTUSD,Sell,28,3788.5,ZeroMinusTick,51ad3783-278e-d64a-ca45-cb5b2b327a00,863416,492
2880235,2019-01-06T08:02:59.886Z,19010608,XBTUSD,Sell,14,3788.5,ZeroMinusTick,0b0c1ec2-29d5-1de7-1ed6-6588eb57cc43,863430,493
2880275,2019-01-06T08:03:07.756Z,19010608,XBTUSD,Sell,30,3788.5,ZeroMinusTick,ca3a1ee5-daa5-be51-4580-2de81d2191b8,863460,494
2880285,2019-01-06T08:03:07.756Z,19010608,XBTUSD,Sell,10,3788.5,ZeroMinusTick,7d81fe84-dfaf-cd8b-4013-1af24eb4863b,863470,495
2880295,2019-01-06T08:03:07.756Z,19010608,XBTUSD,Sell,10,3788.5,ZeroMinusTick,65d0de6e-1be2-5fdb-ac43-81a8da6ba828,863480,496
2880300,2019-01-06T08:03:07.756Z,19010608,XBTUSD,Sell,582,3788.5,ZeroMinusTick,f84cefbb-8ceb-99fe-e3f8-c4e6a1190276,864062,497
2880315,2019-01-06T08:03:07.756Z,19010608,XBTUSD,Sell,189,3788.5,ZeroMinusTick,e74ab07d-5592-eadd-220d-e0ebd18e0e3c,864251,498
2880324,2019-01-06T08:03:07.756Z,19010608,XBTUSD,Sell,619,3788.5,ZeroMinusTick,4c6c3a82-52bf-8744-5e53-d554ecf505c2,864870,499
2880334,2019-01-06T08:03:07.756Z,19010608,XBTUSD,Sell,120,3788.5,ZeroMinusTick,46a50411-29d0-8558-3470-26286c818509,864990,500
2880364,2019-01-06T08:03:17.155Z,19010608,XBTUSD,Sell,124,3788,ZeroMinusTick,5e72ad41-2fab-e267-1978-bee0d48c8748,865114,501
2880368,2019-01-06T08:03:17.155Z,19010608,XBTUSD,Sell,10,3788,ZeroMinusTick,fce9c892-e51c-2ecf-d4e5-aa2c2fd29966,865124,502
2880378,2019-01-06T08:03:17.155Z,19010608,XBTUSD,Sell,1500,3788,ZeroMinusTick,a617f23d-b8d5-8399-fe1f-acc913ae24ce,866624,503
2880388,2019-01-06T08:03:17.155Z,19010608,XBTUSD,Sell,3,3788,ZeroMinusTick,9338d337-3b20-b0e2-fa43-ad19faa2d557,866627,504
2880399,2019-01-06T08:03:17.155Z,19010608,XBTUSD,Sell,2064,3788,ZeroMinusTick,323fb171-6177-564c-abe5-68ef39a8b7dc,868691,505
2880407,2019-01-06T08:03:17.155Z,19010608,XBTUSD,Sell,619,3788,ZeroMinusTick,0e8971de-e0cc-7bf5-a46b-ed5c85b3aff7,869310,506
2880439,2019-01-06T08:03:40.236Z,19010608,XBTUSD,Sell,200,3788,ZeroMinusTick,b6dea4df-717f-ef6f-7bf6-2fd770cb6bf1,869510,507
2880448,2019-01-06T08:03:40.236Z,19010608,XBTUSD,Sell,17,3788,ZeroMinusTick,71c4f6b9-6e50-2cbe-546c-f22857e88956,869527,508
2880458,2019-01-06T08:03:40.236Z,19010608,XBTUSD,Sell,3000,3788,ZeroMinusTick,ca54ffe2-7fdc-f693-f9b8-f28f5f20b97d,872527,509
2880468,2019-01-06T08:03:40.236Z,19010608,XBTUSD,Sell,30,3788,ZeroMinusTick,3b985997-2fd8-be92-7f92-4e6510bdc5bf,872557,510
2880485,2019-01-06T08:03:44.048Z,19010608,XBTUSD,Sell,11,3787.5,ZeroMinusTick,a5d284b8-2f06-df5f-8b02-8d2a23cfeaf9,872568,511
2880498,2019-01-06T08:03:54.094Z,19010608,XBTUSD,Sell,10,3787.5,ZeroMinusTick,ade2c869-9051-b158-421b-452c07a7552a,872578,512
2880502,2019-01-06T08:03:54.094Z,19010608,XBTUSD,Sell,100,3787.5,ZeroMinusTick,2cd84061-b89d-ce5b-dfd4-5abe01abb3e6,872678,513
2880512,2019-01-06T08:03:54.094Z,19010608,XBTUSD,Sell,16,3787.5,ZeroMinusTick,1ea3579a-c45b-1f6f-0d72-c75a444b4e6a,872694,514
2879966,2019-01-06T08:01:58.284Z,19010608,XBTUSD,Sell,172,3789,ZeroMinusTick,fefc4031-7d91-2a9e-8cea-029bb5bb0a0d,872866,515
2879975,2019-01-06T08:02:00.690Z,19010608,XBTUSD,Sell,619,3789,ZeroMinusTick,93c6e2a6-3662-40bd-6aab-63fd19a85c08,873485,516
2880009,2019-01-06T08:02:12.319Z,19010608,XBTUSD,Sell,37,3789,ZeroMinusTick,2abf1c49-577c-8e2d-b1d9-7cb8768f8e84,873522,517
2880021,2019-01-06T08:02:24.716Z,19010608,XBTUSD,Sell,520,3789,ZeroMinusTick,33b43be1-805e-18f3-7eb9-e5b354850e22,874042,518
2880042,2019-01-06T08:02:33.629Z,19010608,XBTUSD,Sell,4520,3789,MinusTick,b2846ffb-044d-d0fa-b24d-256dc708a921,878562,519
2880052,2019-01-06T08:02:42.881Z,19010608,XBTUSD,Sell,124,3789,ZeroMinusTick,5ede2694-805f-f34b-1315-3d2a2be2ddcd,878686,520
2880063,2019-01-06T08:02:42.881Z,19010608,XBTUSD,Sell,25,3789,ZeroMinusTick,ce4ad06d-e6d3-0f50-6b30-1984a39d6a6b,878711,521
2880076,2019-01-06T08:02:45.239Z,19010608,XBTUSD,Sell,268,3789,ZeroMinusTick,69234383-84d2-91df-f9ea-848ca1bd4160,878979,522
2880088,2019-01-06T08:02:47.330Z,19010608,XBTUSD,Sell,9531,3789,ZeroMinusTick,c50799b4-0171-1a74-7298-8aa4a9ee185e,888510,523
2880105,2019-01-06T08:02:48.229Z,19010608,XBTUSD,Sell,40,3789,ZeroMinusTick,20d4a7a4-890e-c7b1-133b-8037eeabc927,888550,524
2880115,2019-01-06T08:02:48.229Z,19010608,XBTUSD,Sell,20,3789,ZeroMinusTick,7cdd8f6d-135f-34d2-c524-21b5ad751c51,888570,525
2880124,2019-01-06T08:02:48.446Z,19010608,XBTUSD,Sell,169,3789,ZeroMinusTick,1acef22f-e68b-5626-7bd4-5234dc2e42ab,888739,526
2880132,2019-01-06T08:02:48.446Z,19010608,XBTUSD,Sell,2064,3789,ZeroMinusTick,a0a365b6-a507-19d4-81ae-247569d069c3,890803,527
2880142,2019-01-06T08:02:48.446Z,19010608,XBTUSD,Sell,620,3789,ZeroMinusTick,5a255e46-fb6b-2d48-b26a-27124821b68a,891423,528
2880154,2019-01-06T08:02:48.446Z,19010608,XBTUSD,Sell,150,3789,ZeroMinusTick,ef29ba1f-04b7-b2db-c454-e74d8447ad5f,891573,529
2880165,2019-01-06T08:02:48.446Z,19010608,XBTUSD,Sell,20,3789,ZeroMinusTick,c37e1031-f722-e037-019a-8d06ea6f5a1f,891593,530
2880178,2019-01-06T08:02:50.657Z,19010608,XBTUSD,Sell,619,3789,ZeroMinusTick,bac7d0b8-475b-83d0-0b27-fb9d824e9271,892212,531
2880196,2019-01-06T08:02:53.618Z,19010608,XBTUSD,Sell,126,3789,ZeroMinusTick,267c860c-613b-56a6-6936-56a01fc71a81,892338,532
2880206,2019-01-06T08:02:58.231Z,19010608,XBTUSD,Sell,27,3789,ZeroMinusTick,04e51504-88de-fbe1-66f9-40e2fe10b94b,892365,533
2880214,2019-01-06T08:02:58.231Z,19010608,XBTUSD,Sell,120,3789,ZeroMinusTick,d4f3c4ba-b16b-a210-4850-cd5b14e47700,892485,534
2880220,2019-01-06T08:02:59.886Z,19010608,XBTUSD,Sell,124,3788.5,ZeroMinusTick,97ff7363-c06c-a3b9-33c2-f40bcebfcc8f,892609,535
2880229,2019-01-06T08:02:59.886Z,19010608,XBTUSD,Sell,11,3788.5,ZeroMinusTick,1f9d5c2f-c2b6-fc85-c753-13cf62ca5fea,892620,536
2880239,2019-01-06T08:02:59.886Z,19010608,XBTUSD,Sell,10,3788.5,ZeroMinusTick,bbd8e3f0-e0f1-aebc-8611-40cb4f60afc7,892630,537
2880244,2019-01-06T08:02:59.886Z,19010608,XBTUSD,Sell,11,3788.5,ZeroMinusTick,0b2400db-fc68-a513-a6c0-375ab5b4a4fb,892641,538
2880269,2019-01-06T08:03:07.756Z,19010608,XBTUSD,Sell,10,3788.5,ZeroMinusTick,ecc05f92-e013-68ab-fdaa-392085a212a8,892651,539
2880280,2019-01-06T08:03:07.756Z,19010608,XBTUSD,Sell,10,3788.5,ZeroMinusTick,dfc6b0e1-1b40-f0a7-0fa1-bf604b80137d,892661,540
2880289,2019-01-06T08:03:07.756Z,19010608,XBTUSD,Sell,30,3788.5,ZeroMinusTick,9f1e0892-2b50-86b3-d9d7-5654d4df8b5c,892691,541
2880302,2019-01-06T08:03:07.756Z,19010608,XBTUSD,Sell,20,3788.5,ZeroMinusTick,2d59fa68-556c-d802-0e31-d0e52146ea43,892711,542
2880312,2019-01-06T08:03:07.756Z,19010608,XBTUSD,Sell,20,3788.5,ZeroMinusTick,b64b53f4-8b9e-e534-3ba2-c00bfbff97ef,892731,543
2880325,2019-01-06T08:03:07.756Z,19010608,XBTUSD,Sell,619,3788.5,ZeroMinusTick,a578e793-1b15-3107-931b-88d6bcd5d681,893350,544
2880340,2019-01-06T08:03:07.756Z,19010608,XBTUSD,Sell,11,3788.5,ZeroMinusTick,0f46e8a2-ff2f-b770-eecc-f4868e2ba9d9,893361,545
2880343,2019-01-06T08:03:07.756Z,19010608,XBTUSD,Sell,20,3788.5,ZeroMinusTick,63ca52ff-d456-0b4a-d651-8a1eb92e5f50,893381,546
2880365,2019-01-06T08:03:17.155Z,19010608,XBTUSD,Sell,10,3788,ZeroMinusTick,3c1b262e-6e11-8076-db8d-88b4393ba0ce,893391,547
2880369,2019-01-06T08:03:17.155Z,19010608,XBTUSD,Sell,20,3788,ZeroMinusTick,cfc7f33d-6a44-8b52-0194-f52d1a990dd8,893411,548
2880384,2019-01-06T08:03:17.155Z,19010608,XBTUSD,Sell,12,3788,ZeroMinusTick,be721222-b7ef-f084-b312-a899c70be5d0,893423,549
2880393,2019-01-06T08:03:17.155Z,19010608,XBTUSD,Sell,8000,3788,ZeroMinusTick,e6d951d2-e404-30ef-191b-5391284ff8d1,901423,550
2880405,2019-01-06T08:03:17.155Z,19010608,XBTUSD,Sell,189,3788,ZeroMinusTick,53d11616-c834-20e2-fe67-95cbdf01abcf,901612,551
2880441,2019-01-06T08:03:40.236Z,19010608,XBTUSD,Sell,500,3788,ZeroMinusTick,a3ab1eee-a96c-9d15-f459-b8b318f2a942,902112,552
2880452,2019-01-06T08:03:40.236Z,19010608,XBTUSD,Sell,11468,3788,ZeroMinusTick,6d568cf0-97f3-6f85-ec80-38b2a7143de4,913580,553
2880464,2019-01-06T08:03:40.236Z,19010608,XBTUSD,Sell,19,3788,ZeroMinusTick,a4cff738-9fd2-069f-b784-98b909bd0cf9,913599,554
2880480,2019-01-06T08:03:44.048Z,19010608,XBTUSD,Sell,100,3787.5,ZeroMinusTick,db56546a-9c46-8f3a-9bd0-a2b0d4a57ab3,913699,555
2880508,2019-01-06T08:03:54.094Z,19010608,XBTUSD,Sell,50,3787.5,ZeroMinusTick,112d7ff3-b3f5-7dc7-50c6-a0ab7b1c28d5,913749,556
2880516,2019-01-06T08:03:54.094Z,19010608,XBTUSD,Sell,30,3787.5,ZeroMinusTick,5db1680c-d107-d9cf-07c8-0057556e3f24,913779,557
2879981,2019-01-06T08:02:03.354Z,19010608,XBTUSD,Sell,244,3789,ZeroMinusTick,313ba094-f803-a516-c21d-846db759ea37,914023,558
2880003,2019-01-06T08:02:05.957Z,19010608,XBTUSD,Sell,63,3789,ZeroMinusTick,e39cda0d-1f4c-4fbe-c76e-3786181de967,914086,559
2880049,2019-01-06T08:02:41.934Z,19010608,XBTUSD,Buy,60,3789.5,PlusTick,63f1c86f-6ba0-6f61-bca5-95a5cf5e13f1,914146,560
2880054,2019-01-06T08:02:42.881Z,19010608,XBTUSD,Sell,512,3789,ZeroMinusTick,403dc0cd-4dce-7b7c-e296-83b2492bf32d,914658,561
2880062,2019-01-06T08:02:42.881Z,19010608,XBTUSD,Sell,189,3789,ZeroMinusTick,b28041ce-2707-7470-8909-edd3c772a47b,914847,562
2880071,2019-01-06T08:02:45.239Z,19010608,XBTUSD,Sell,27,3789,ZeroMinusTick,40a7811f-c1e5-a0cb-3fc0-6596ca8c4af2,914874,563
2880079,2019-01-06T08:02:45.444Z,19010608,XBTUSD,Sell,1,3789,ZeroMinusTick,24d3bbd1-1ffb-354c-ad2d-0c8809d9e9b7,914875,564
2880089,2019-01-06T08:02:47.330Z,19010608,XBTUSD,Sell,1000,3789,ZeroMinusTick,aef4a974-ec4b-651e-f484-3c891a59c11a,915875,565
2880098,2019-01-06T08:02:48.229Z,19010608,XBTUSD,Sell,10,3789,ZeroMinusTick,cf8d62ce-e900-81e1-c325-5482301fa933,915885,566
2880107,2019-01-06T08:02:48.229Z,19010608,XBTUSD,Sell,10,3789,ZeroMinusTick,964f0b3a-3c0e-d67b-9cf0-844ba8dcff7e,915895,567
2880117,2019-01-06T08:02:48.229Z,19010608,XBTUSD,Sell,3000,3789,ZeroMinusTick,2c0dbd79-333b-01c6-8e75-150ba2a04fcb,918895,568
2880127,2019-01-06T08:02:48.446Z,19010608,XBTUSD,Sell,1,3789,ZeroMinusTick,26a1f273-1edb-e3ca-a2d9-8228ce8ac52f,918896,569
2880130,2019-01-06T08:02:48.446Z,19010608,XBTUSD,Sell,2064,3789,ZeroMinusTick,0fa0ee0a-1e3b-8d9d-56d9-fff41c7f7645,920960,570
2880140,2019-01-06T08:02:48.446Z,19010608,XBTUSD,Sell,620,3789,ZeroMinusTick,483ca7f3-ebc4-7a61-fedb-7c247569d9ed,921580,571
2880150,2019-01-06T08:02:48.446Z,19010608,XBTUSD,Sell,2064,3789,ZeroMinusTick,a0f35bc6-4df6-39c8-f948-459f76273f94,923644,572
2880159,2019-01-06T08:02:48.446Z,19010608,XBTUSD,Sell,189,3789,ZeroMinusTick,fc89fdce-4d0d-bfbd-f65b-1ab88704b38d,923833,573
2880174,2019-01-06T08:02:50.657Z,19010608,XBTUSD,Sell,619,3789,ZeroMinusTick,689dc0c6-96bb-26db-1bce-b3b2f5fd0a77,924452,574
2880183,2019-01-06T08:02:50.657Z,19010608,XBTUSD,Sell,154,3789,ZeroMinusTick,31d72635-2eba-6a50-7afd-75b942c5590e,924606,575
2880185,2019-01-06T08:02:51.691Z,19010608,XBTUSD,Sell,189,3789,ZeroMinusTick,3a8fa0cc-55af-7f0d-e62f-856c080c2a5a,924795,576
2880210,2019-01-06T08:02:58.231Z,19010608,XBTUSD,Sell,3000,3789,ZeroMinusTick,ae93a8e9-34c0-01e1-cf70-375d7a0f7caa,927795,577
2880226,2019-01-06T08:02:59.886Z,19010608,XBTUSD,Sell,15,3788.5,ZeroMinusTick,cafaddd4-08c2-99b3-6117-d4319b094415,927810,578
2880236,2019-01-06T08:02:59.886Z,19010608,XBTUSD,Sell,4,3788.5,ZeroMinusTick,3ff69ddb-d545-a389-3254-bd9fce0e2922,927814,579
2880272,2019-01-06T08:03:07.756Z,19010608,XBTUSD,Sell,10,3788.5,ZeroMinusTick,35fd0b14-5cd7-3ff1-4bba-256e96f44385,927824,580
2880281,2019-01-06T08:03:07.756Z,19010608,XBTUSD,Sell,32,3788.5,ZeroMinusTick,acc55e33-fcf0-1c38-0a6d-76e050110c90,927856,581
2880291,2019-01-06T08:03:07.756Z,19010608,XBTUSD,Sell,10,3788.5,ZeroMinusTick,dd1f2971-e799-0eeb-f04a-93884535e338,927866,582
2880303,2019-01-06T08:03:07.756Z,19010608,XBTUSD,Sell,20,3788.5,ZeroMinusTick,c9fd9dfc-1258-b412-54b7-547a705a0177,927886,583
2880317,2019-01-06T08:03:07.756Z,19010608,XBTUSD,Sell,8000,3788.5,ZeroMinusTick,07229f58-318e-5bdc-a8de-50c38dab1d98,935886,584
2880328,2019-01-06T08:03:07.756Z,19010608,XBTUSD,Sell,619,3788.5,ZeroMinusTick,657ed415-9653-6642-9745-26a825200a7d,936505,585
2880333,2019-01-06T08:03:07.756Z,19010608,XBTUSD,Sell,2064,3788.5,ZeroMinusTick,7489deb4-efbc-2989-708a-d8b7e416f734,938569,586
2880345,2019-01-06T08:03:07.756Z,19010608,XBTUSD,Sell,26,3788.5,ZeroMinusTick,1f55c1f4-161b-c61c-4192-47b7c0815a2c,938595,587
2880350,2019-01-06T08:03:11.573Z,19010608,XBTUSD,Sell,8245,3788,ZeroMinusTick,62c529d2-5986-b557-0688-ca3fc64a54fb,946840,588
2880355,2019-01-06T08:03:14.234Z,19010608,XBTUSD,Sell,5,3788,ZeroMinusTick,fab1167a-8f08-abd3-92f7-0146f94bd0bd,946845,589
2880366,2019-01-06T08:03:17.155Z,19010608,XBTUSD,Sell,10,3788,ZeroMinusTick,c63e7625-24d2-f531-7d94-9f62c7ce65ff,946855,590
2880373,2019-01-06T08:03:17.155Z,19010608,XBTUSD,Sell,10,3788,ZeroMinusTick,f11cace3-6115-9a4a-433c-98b9cf2c6dc9,946865,591
2880381,2019-01-06T08:03:17.155Z,19010608,XBTUSD,Sell,10,3788,ZeroMinusTick,ece4ea38-221f-b001-8045-4bd18dc0b608,946875,592
2880394,2019-01-06T08:03:17.155Z,19010608,XBTUSD,Sell,10000,3788,ZeroMinusTick,f1b3b2f0-0d37-734f-7cf3-f2cdde0d13c5,956875,593
2880402,2019-01-06T08:03:17.155Z,19010608,XBTUSD,Sell,8830,3788,ZeroMinusTick,73d88228-d755-4fee-a3d8-4045835caeed,965705,594
2880412,2019-01-06T08:03:18.571Z,19010608,XBTUSD,Sell,50,3788,ZeroMinusTick,dc14085a-f2df-9ac0-5a2d-f3d1a2055039,965755,595
2880444,2019-01-06T08:03:40.236Z,19010608,XBTUSD,Sell,10,3788,ZeroMinusTick,504123b1-1c51-cf7e-b012-d3d6470d1314,965765,596
2880455,2019-01-06T08:03:40.236Z,19010608,XBTUSD,Sell,189,3788,ZeroMinusTick,db5f3481-d6f7-366f-3311-084602960478,965954,597
2880460,2019-01-06T08:03:40.236Z,19010608,XBTUSD,Sell,10,3788,ZeroMinusTick,f8b53997-1bbe-a843-6afc-3695561150b9,965964,598
2880484,2019-01-06T08:03:44.048Z,19010608,XBTUSD,Sell,10,3787.5,ZeroMinusTick,1997c829-4d33-b722-903f-a144174b9ec9,965974,599
2880501,2019-01-06T08:03:54.094Z,19010608,XBTUSD,Sell,20,3787.5,ZeroMinusTick,fdd94bc0-d06a-8753-df7c-d89e061db6d5,965994,600
2880511,2019-01-06T08:03:54.094Z,19010608,XBTUSD,Sell,10,3787.5,ZeroMinusTick,cd0e0b86-dad2-9269-3084-7fb8e9a8a457,966004,601
2880517,2019-01-06T08:03:54.094Z,19010608,XBTUSD,Sell,10,3787.5,ZeroMinusTick,80efeb7e-4df6-d552-d747-f510d68037f3,966014,602
2880525,2019-01-06T08:03:54.094Z,19010608,XBTUSD,Sell,26,3787.5,ZeroMinusTick,196b70c4-cb78-c4de-da5e-330d4d619597,966040,603
2880020,2019-01-06T08:02:22.230Z,19010608,XBTUSD,Sell,879,3789,ZeroMinusTick,b47b1bb6-f00d-df02-fa1c-3104f46db849,966919,604
2880058,2019-01-06T08:02:42.881Z,19010608,XBTUSD,Sell,84,3789,ZeroMinusTick,be7cf01e-b31c-55d3-330c-508fd2c9063f,967003,605
2880072,2019-01-06T08:02:45.239Z,19010608,XBTUSD,Sell,10,3789,ZeroMinusTick,ed6f3055-bbee-5d79-2ddb-3347a10d6128,967013,606
2880084,2019-01-06T08:02:47.330Z,19010608,XBTUSD,Sell,9000,3789,ZeroMinusTick,2b6f769d-aec4-d5f9-e828-2fa1856e3519,976013,607
2880094,2019-01-06T08:02:47.330Z,19010608,XBTUSD,Sell,2880,3789,ZeroMinusTick,ef154f23-0643-c363-e69b-e6ae48ae9c54,978893,608
2880101,2019-01-06T08:02:48.229Z,19010608,XBTUSD,Sell,10,3789,ZeroMinusTick,6b44234a-2bd4-a792-3a22-514066c8f343,978903,609
2880113,2019-01-06T08:02:48.229Z,19010608,XBTUSD,Sell,20,3789,ZeroMinusTick,62b69c49-69dc-6425-e7c8-8abfb92eb144,978923,610
2880121,2019-01-06T08:02:48.446Z,19010608,XBTUSD,Sell,3000,3789,ZeroMinusTick,2dbeecb8-65d2-5327-cb91-5c39394beb5c,981923,611
2880134,2019-01-06T08:02:48.446Z,19010608,XBTUSD,Sell,2064,3789,ZeroMinusTick,88ac971f-2130-a857-b33f-ba8528e7bcaa,983987,612
2880145,2019-01-06T08:02:48.446Z,19010608,XBTUSD,Sell,620,3789,ZeroMinusTick,538444d8-403b-0143-5828-6885c6bb745d,984607,613
2880152,2019-01-06T08:02:48.446Z,19010608,XBTUSD,Sell,253,3789,ZeroMinusTick,c6d5eab7-b424-ef4f-f7ea-c6a044014d7e,984860,614
2880162,2019-01-06T08:02:48.446Z,19010608,XBTUSD,Sell,200,3789,ZeroMinusTick,93272310-b7d5-8cc7-0ede-86a112738610,985060,615
2880181,2019-01-06T08:02:50.657Z,19010608,XBTUSD,Sell,27,3789,ZeroMinusTick,355842eb-8334-47d1-2a53-d44a8c870267,985087,616
2880198,2019-01-06T08:02:55.593Z,19010608,XBTUSD,Sell,110,3789,ZeroMinusTick,9d7683ac-b903-2af1-64e0-8aeb4578a4c3,985197,617
2880209,2019-01-06T08:02:58.231Z,19010608,XBTUSD,Sell,3000,3789,ZeroMinusTick,7f39addd-0fba-8b77-7a4e-0fb53a1596f6,988197,618
2880217,2019-01-06T08:02:58.316Z,19010608,XBTUSD,Buy,490,3789,ZeroMinusTick,4ba3c3e9-27ab-d7e2-0953-0c7ed297e2f2,988687,619
2880219,2019-01-06T08:02:59.886Z,19010608,XBTUSD,Sell,11,3788.5,ZeroMinusTick,36a135f0-fc5d-835e-0773-3bfb00f68370,988698,620
2880230,2019-01-06T08:02:59.886Z,19010608,XBTUSD,Sell,10,3788.5,ZeroMinusTick,a221c605-3606-6c42-1dbe-8e01c458b6a8,988708,621
2880240,2019-01-06T08:02:59.886Z,19010608,XBTUSD,Sell,10,3788.5,ZeroMinusTick,80b76ec9-7372-c2ee-5668-327f4f3e31d2,988718,622
2880273,2019-01-06T08:03:07.756Z,19010608,XBTUSD,Sell,10,3788.5,ZeroMinusTick,0aa69d96-4de2-9161-aaf3-6fe947df9065,988728,623
2880279,2019-01-06T08:03:07.756Z,19010608,XBTUSD,Sell,10,3788.5,ZeroMinusTick,5626ebe1-27b9-e900-b790-02ef0a765528,988738,624
2880290,2019-01-06T08:03:07.756Z,19010608,XBTUSD,Sell,20,3788.5,ZeroMinusTick,88259654-fa27-ba45-6fe4-0169aac7bec8,988758,625
2880304,2019-01-06T08:03:07.756Z,19010608,XBTUSD,Sell,30,3788.5,ZeroMinusTick,5a156aa4-f760-9b52-0ddd-526eb1bc3b8e,988788,626
2880311,2019-01-06T08:03:07.756Z,19010608,XBTUSD,Sell,735,3788.5,ZeroMinusTick,a6a8269c-e150-c6d4-a2fa-4bfdd6b4c98b,989523,627
2880321,2019-01-06T08:03:07.756Z,19010608,XBTUSD,Sell,619,3788.5,ZeroMinusTick,4acd09c9-dc9b-b7c7-2215-764b6f110fc4,990142,628
2880331,2019-01-06T08:03:07.756Z,19010608,XBTUSD,Sell,619,3788.5,ZeroMinusTick,18b3673f-b6c6-9bf7-100e-56e294fbf2c0,990761,629
2880341,2019-01-06T08:03:07.756Z,19010608,XBTUSD,Sell,2000,3788.5,ZeroMinusTick,0019f02f-2616-75ba-be56-076575150dc9,992761,630
2880376,2019-01-06T08:03:17.155Z,19010608,XBTUSD,Sell,10000,3788,ZeroMinusTick,ee9306d6-d561-9353-31f9-06702e609b81,1002761,631
2880379,2019-01-06T08:03:17.155Z,19010608,XBTUSD,Sell,500,3788,ZeroMinusTick,b9a0873e-9fff-a809-d487-2e9975b050b9,1003261,632
2880389,2019-01-06T08:03:17.155Z,19010608,XBTUSD,Sell,61,3788,ZeroMinusTick,cb5cd9e4-33ae-8c1e-6c7b-84c898495f8f,1003322,633
2880398,2019-01-06T08:03:17.155Z,19010608,XBTUSD,Sell,2064,3788,ZeroMinusTick,e4661bfe-74ad-94e5-8208-0bf9446404d7,1005386,634
2880410,2019-01-06T08:03:17.155Z,19010608,XBTUSD,Sell,6971,3788,ZeroMinusTick,353340e7-d98e-c85c-e007-7b103cddca26,1012357,635
2880432,2019-01-06T08:03:35.626Z,19010608,XBTUSD,Sell,23522,3788,ZeroMinusTick,c1291e76-61fb-368b-c71f-c7bb3b9d2643,1035879,636
2880434,2019-01-06T08:03:38.216Z,19010608,XBTUSD,Sell,22500,3788,ZeroMinusTick,7af4e34b-30d9-af49-2542-96d337051652,1058379,637
2880435,2019-01-06T08:03:39.521Z,19010608,XBTUSD,Sell,500,3788,ZeroMinusTick,5ce4d92f-5cc7-82c1-78b3-4f99411c8fbe,1058879,638
2880437,2019-01-06T08:03:40.236Z,19010608,XBTUSD,Sell,10,3788,ZeroMinusTick,fc2f7850-b90c-a60a-fe9c-7bebde8674cb,1058889,639
2880447,2019-01-06T08:03:40.236Z,19010608,XBTUSD,Sell,10,3788,ZeroMinusTick,fdb8bf16-581a-5f12-4f7e-cc05ec19092b,1058899,640
2880457,2019-01-06T08:03:40.236Z,19010608,XBTUSD,Sell,500,3788,ZeroMinusTick,aff79b9c-1967-52e7-d751-f95881799e10,1059399,641
2880467,2019-01-06T08:03:40.236Z,19010608,XBTUSD,Sell,13,3788,ZeroMinusTick,a69cc48a-0b5c-4a75-76f0-a109278233c5,1059412,642
2880479,2019-01-06T08:03:44.048Z,19010608,XBTUSD,Sell,10,3787.5,ZeroMinusTick,1752b3cb-58f8-757f-0bc2-e589a5e9d3a6,1059422,643
2880499,2019-01-06T08:03:54.094Z,19010608,XBTUSD,Sell,20,3787.5,ZeroMinusTick,ac23d645-a05b-a71c-cc6b-e4d7ea90addc,1059442,644
2880505,2019-01-06T08:03:54.094Z,19010608,XBTUSD,Sell,1000,3787.5,ZeroMinusTick,94c44e65-c123-b37d-4e28-907732f6f850,1060442,645
2880518,2019-01-06T08:03:54.094Z,19010608,XBTUSD,Sell,10,3787.5,ZeroMinusTick,9bda1fbb-d2d5-e9b8-aa79-1f51dabb061e,1060452,646
2880540,2019-01-06T08:03:58.320Z,19010608,XBTUSD,Sell,169,3787.5,ZeroMinusTick,30a8f212-4bbe-6936-a127-c16b949cdae0,1060621,647
2880545,2019-01-06T08:03:58.320Z,19010608,XBTUSD,Sell,10,3787.5,ZeroMinusTick,0bd6a2a6-8303-c0e8-ba25-bfd417a7a235,1060631,648
2880557,2019-01-06T08:03:58.320Z,19010608,XBTUSD,Sell,619,3787.5,ZeroMinusTick,d4acd2ca-9107-b294-c832-6b8f9490c456,1061250,649
2880572,2019-01-06T08:03:59.759Z,19010608,XBTUSD,Sell,3000,3787.5,ZeroMinusTick,bfdda479-4496-93b3-27ca-e99b75ffdd67,1064250,650
2880112,2019-01-06T08:02:48.229Z,19010608,XBTUSD,Sell,100,3789,ZeroMinusTick,3e651753-f99d-c229-9e8f-716fc340e75c,1064350,651
2880122,2019-01-06T08:02:48.446Z,19010608,XBTUSD,Sell,112,3789,ZeroMinusTick,db3fbe6c-19eb-58ae-595f-6f3f6262e0d6,1064462,652
2880136,2019-01-06T08:02:48.446Z,19010608,XBTUSD,Sell,620,3789,ZeroMinusTick,ddcc6d90-5c9c-8b16-043d-7cc0325493bf,1065082,653
2880148,2019-01-06T08:02:48.446Z,19010608,XBTUSD,Sell,2006,3789,ZeroMinusTick,74e3c169-b7f7-4b02-a8b1-6b5c89b82e19,1067088,654
2880153,2019-01-06T08:02:48.446Z,19010608,XBTUSD,Sell,380,3789,ZeroMinusTick,c93d4678-2945-f5fb-c8e3-556b7ef1fe63,1067468,655
2880163,2019-01-06T08:02:48.446Z,19010608,XBTUSD,Sell,200,3789,ZeroMinusTick,9d1e1482-ab9e-86a3-d85f-56bb142f8492,1067668,656
2880173,2019-01-06T08:02:50.657Z,19010608,XBTUSD,Sell,619,3789,ZeroMinusTick,dce15cbc-58cc-265c-8829-d795a0622a99,1068287,657
2880197,2019-01-06T08:02:53.618Z,19010608,XBTUSD,Sell,10,3789,ZeroMinusTick,a1c21cee-000f-4fb2-75e5-b818aeb60e08,1068297,658
2880203,2019-01-06T08:02:58.231Z,19010608,XBTUSD,Sell,8601,3789,ZeroMinusTick,65dbcf30-e232-29e0-e2ee-591c9980f42e,1076898,659
2880213,2019-01-06T08:02:58.231Z,19010608,XBTUSD,Sell,31,3789,ZeroMinusTick,a8f2a788-36c7-dd17-8547-bb6647ee2960,1076929,660
2880218,2019-01-06T08:02:59.886Z,19010608,XBTUSD,Sell,100,3788.5,MinusTick,b4ee8fe4-7df8-dc63-9f16-2a36f0cf8f0f,1077029,661
2880228,2019-01-06T08:02:59.886Z,19010608,XBTUSD,Sell,26,3788.5,ZeroMinusTick,606725e5-27d1-6d2b-9422-f8a0b27f379e,1077055,662
2880234,2019-01-06T08:02:59.886Z,19010608,XBTUSD,Sell,24,3788.5,ZeroMinusTick,af4fb2e4-46eb-622b-c2bf-346c3e39cdb9,1077079,663
2880242,2019-01-06T08:02:59.886Z,19010608,XBTUSD,Sell,10,3788.5,ZeroMinusTick,96075f85-e37e-bca2-05bb-58ca69f2e4d9,1077089,664
2880274,2019-01-06T08:03:07.756Z,19010608,XBTUSD,Sell,10,3788.5,ZeroMinusTick,1c73be2b-13de-390a-8db7-0e5a0e2782d5,1077099,665
2880284,2019-01-06T08:03:07.756Z,19010608,XBTUSD,Sell,50,3788.5,ZeroMinusTick,f9b6c893-9a7f-2088-612e-7d285c270f38,1077149,666
2880294,2019-01-06T08:03:07.756Z,19010608,XBTUSD,Sell,10,3788.5,ZeroMinusTick,f12f7da5-651f-de73-bb7a-68c30f8504e7,1077159,667
2880306,2019-01-06T08:03:07.756Z,19010608,XBTUSD,Sell,37,3788.5,ZeroMinusTick,84eb7875-60c4-d10d-afde-fd7c9fa6909b,1077196,668
2880310,2019-01-06T08:03:07.756Z,19010608,XBTUSD,Sell,1001,3788.5,ZeroMinusTick,659e9afb-0e46-fc28-e1e3-4a1d8dcf79ba,1078197,669
2880320,2019-01-06T08:03:07.756Z,19010608,XBTUSD,Sell,2064,3788.5,ZeroMinusTick,5e785a66-057f-01f4-9f30-25de93ced176,1080261,670
2880330,2019-01-06T08:03:07.756Z,19010608,XBTUSD,Sell,619,3788.5,ZeroMinusTick,1d46d112-e0d9-936a-4169-e87027e6460b,1080880,671
2880338,2019-01-06T08:03:07.756Z,19010608,XBTUSD,Sell,50,3788.5,ZeroMinusTick,f6e9d329-e276-1d5e-e232-7d0147d35c21,1080930,672
2880348,2019-01-06T08:03:11.573Z,19010608,XBTUSD,Sell,100,3788,MinusTick,c19e48f7-fb97-8640-0a4c-7462dea8fac5,1081030,673
2880362,2019-01-06T08:03:17.155Z,19010608,XBTUSD,Sell,11,3788,ZeroMinusTick,fbbb234f-8285-8c73-4178-1051fb7ebe80,1081041,674
2880372,2019-01-06T08:03:17.155Z,19010608,XBTUSD,Sell,30,3788,ZeroMinusTick,5f1512cc-64c4-925d-1ebd-00f45083c848,1081071,675
2880383,2019-01-06T08:03:17.155Z,19010608,XBTUSD,Sell,19,3788,ZeroMinusTick,900e8f49-bd02-c429-108d-e38ac075aabe,1081090,676
2880396,2019-01-06T08:03:17.155Z,19010608,XBTUSD,Sell,2064,3788,ZeroMinusTick,103f2059-1e15-cfce-b2de-2d756c491ed4,1083154,677
2880401,2019-01-06T08:03:17.155Z,19010608,XBTUSD,Sell,156,3788,ZeroMinusTick,204c0991-e1c8-4bc9-3861-9311ace8d856,1083310,678
2880416,2019-01-06T08:03:22.236Z,19010608,XBTUSD,Sell,300,3788,ZeroMinusTick,52818e84-7cf7-844f-4462-ea273991d52b,1083610,679
2880431,2019-01-06T08:03:33.256Z,19010608,XBTUSD,Sell,5000,3788,ZeroMinusTick,d1a570b3-7320-999e-7bc3-f98159c198b8,1088610,680
2880442,2019-01-06T08:03:40.236Z,19010608,XBTUSD,Sell,10,3788,ZeroMinusTick,3450b2cc-be8a-9c3a-6765-743d4b00a495,1088620,681
2880450,2019-01-06T08:03:40.236Z,19010608,XBTUSD,Sell,9040,3788,ZeroMinusTick,fb41a636-cb42-f41c-8f73-e83e08497d5d,1097660,682
2880459,2019-01-06T08:03:40.236Z,19010608,XBTUSD,Sell,2064,3788,ZeroMinusTick,7e4a14f2-44c4-1fd1-b501-45be783c4450,1099724,683
2880469,2019-01-06T08:03:40.236Z,19010608,XBTUSD,Sell,1100,3788,ZeroMinusTick,3c9df2b0-adbe-6f1f-3f0f-58b80f32d32d,1100824,684
2880477,2019-01-06T08:03:44.048Z,19010608,XBTUSD,Sell,500,3787.5,ZeroMinusTick,ada7dd97-e1ed-69de-5d0a-bb9e66ec29c8,1101324,685
2880504,2019-01-06T08:03:54.094Z,19010608,XBTUSD,Sell,6,3787.5,ZeroMinusTick,92bb41b6-66ce-1cdf-6497-4ba9f0df9e1d,1101330,686
2880520,2019-01-06T08:03:54.094Z,19010608,XBTUSD,Sell,625,3787.5,ZeroMinusTick,ce500f44-2ac4-fdd6-51df-29a4302517de,1101955,687
2880544,2019-01-06T08:03:58.320Z,19010608,XBTUSD,Sell,10,3787.5,ZeroMinusTick,9c84f500-f047-2b3f-6c3f-2d19826d17c7,1101965,688
2880560,2019-01-06T08:03:58.320Z,19010608,XBTUSD,Sell,189,3787.5,ZeroMinusTick,a0bf5609-77b1-227b-d133-36a60e889bd1,1102154,689
2880567,2019-01-06T08:03:58.320Z,19010608,XBTUSD,Sell,110,3787.5,ZeroMinusTick,3e521452-69ba-9b28-660d-e0051347c87f,1102264,690
2880575,2019-01-06T08:04:00.401Z,19010608,XBTUSD,Sell,200,3787.5,ZeroMinusTick,d4f5702a-4c07-fc70-4553-4c2f91e5e865,1102464,691
2880577,2019-01-06T08:04:01.692Z,19010608,XBTUSD,Sell,200,3787.5,ZeroMinusTick,7f6cb708-e3ca-fca0-bc96-46cc79ba8583,1102664,692
2880611,2019-01-06T08:04:09.961Z,19010608,XBTUSD,Buy,25,3788,PlusTick,49ca8fa6-8156-90de-df85-04a772e7303e,1102689,693
2880633,2019-01-06T08:04:28.167Z,19010608,XBTUSD,Buy,900,3788,PlusTick,5c1b189c-10f9-4408-833c-f2fb58ffeb7a,1103589,694
2880635,2019-01-06T08:04:30.859Z,19010608,XBTUSD,Buy,10,3788,PlusTick,7c34fa1c-9363-92ab-5a5e-3a8f793392bf,1103599,695
2880643,2019-01-06T08:04:32.372Z,19010608,XBTUSD,Buy,120,3788,ZeroPlusTick,807eb6e6-b7a8-7151-eee5-7e79b61c9fe2,1103719,696
2880205,2019-01-06T08:02:58.231Z,19010608,XBTUSD,Sell,10562,3789,ZeroMinusTick,75ff076b-eafb-ca36-49fb-3a5500c2b2b3,1114281,697
2880221,2019-01-06T08:02:59.886Z,19010608,XBTUSD,Sell,500,3788.5,ZeroMinusTick,b6796ac1-8e01-9745-ce71-0ae8cde45bf3,1114781,698
2880237,2019-01-06T08:02:59.886Z,19010608,XBTUSD,Sell,10,3788.5,ZeroMinusTick,800bed6c-119c-7a10-786e-7c9f5d802733,1114791,699
2880267,2019-01-06T08:03:07.756Z,19010608,XBTUSD,Sell,18959,3788.5,ZeroMinusTick,b490aff0-968b-6a79-9eca-3ff4b6ab54e2,1133750,700
2880277,2019-01-06T08:03:07.756Z,19010608,XBTUSD,Sell,10,3788.5,ZeroMinusTick,e2d56d4d-60a3-074a-be88-8c783fdc2e5b,1133760,701
2880287,2019-01-06T08:03:07.756Z,19010608,XBTUSD,Sell,10,3788.5,ZeroMinusTick,f635c1e0-1725-f8f6-02f0-804acf96d119,1133770,702
2880297,2019-01-06T08:03:07.756Z,19010608,XBTUSD,Sell,10,3788.5,ZeroMinusTick,b88b5ec2-6e3e-4706-c0bc-c4f0258dee03,1133780,703
2880305,2019-01-06T08:03:07.756Z,19010608,XBTUSD,Sell,30,3788.5,ZeroMinusTick,069a6ec4-b3f9-59c1-3d24-4fcca54578a9,1133810,704
2880314,2019-01-06T08:03:07.756Z,19010608,XBTUSD,Sell,189,3788.5,ZeroMinusTick,1d86fe8d-2ef0-242d-35c7-dd1387001c8f,1133999,705
2880329,2019-01-06T08:03:07.756Z,19010608,XBTUSD,Sell,619,3788.5,ZeroMinusTick,ad3cf447-e44c-9d09-ea6f-fc693e0ac83d,1134618,706
2880339,2019-01-06T08:03:07.756Z,19010608,XBTUSD,Sell,1,3788.5,ZeroMinusTick,297e936f-d7dc-1c86-d6ef-6c0087b3f337,1134619,707
2880344,2019-01-06T08:03:07.756Z,19010608,XBTUSD,Sell,25,3788.5,ZeroMinusTick,4a463178-f53f-6f09-de0d-5492f11ac649,1134644,708
2880349,2019-01-06T08:03:11.573Z,19010608,XBTUSD,Sell,500,3788,ZeroMinusTick,428e130b-01af-79aa-621d-e001b12a0a25,1135144,709
2880361,2019-01-06T08:03:17.155Z,19010608,XBTUSD,Sell,2751,3788,ZeroMinusTick,bc033819-a895-813e-86b5-2341fa869d8a,1137895,710
2880374,2019-01-06T08:03:17.155Z,19010608,XBTUSD,Sell,10,3788,ZeroMinusTick,3dab6656-5e3d-7641-6810-236a5ba1485d,1137905,711
2880386,2019-01-06T08:03:17.155Z,19010608,XBTUSD,Sell,2900,3788,ZeroMinusTick,f6a6ddb0-8b9b-3fe5-4bcb-9bda2834e45a,1140805,712
2880391,2019-01-06T08:03:17.155Z,19010608,XBTUSD,Sell,10,3788,ZeroMinusTick,66d7a11d-155c-1a44-b9bf-619f1a993315,1140815,713
2880406,2019-01-06T08:03:17.155Z,19010608,XBTUSD,Sell,619,3788,ZeroMinusTick,40acfacf-8354-af62-3f6a-195fe684ec48,1141434,714
2880417,2019-01-06T08:03:23.250Z,19010608,XBTUSD,Sell,2,3788,ZeroMinusTick,1351614c-56b5-6b46-2445-f93c0ea5da39,1141436,715
2880422,2019-01-06T08:03:27.713Z,19010608,XBTUSD,Sell,766,3788,ZeroMinusTick,9cd65273-b8c1-a0dc-7114-adbe857e6901,1142202,716
2880433,2019-01-06T08:03:35.626Z,19010608,XBTUSD,Sell,33328,3788,ZeroMinusTick,2a4d8354-4fc4-9c7f-e107-a8463b32e4c2,1175530,717
2880443,2019-01-06T08:03:40.236Z,19010608,XBTUSD,Sell,10,3788,ZeroMinusTick,4ab5eec2-34e3-0728-0a6a-d5c8871df145,1175540,718
2880451,2019-01-06T08:03:40.236Z,19010608,XBTUSD,Sell,9444,3788,ZeroMinusTick,3d22c1cb-1f75-e556-171d-dde65b81a931,1184984,719
2880461,2019-01-06T08:03:40.236Z,19010608,XBTUSD,Sell,450,3788,ZeroMinusTick,3434fb55-038d-7cdc-46f1-5c5f9ab01c59,1185434,720
2880471,2019-01-06T08:03:40.236Z,19010608,XBTUSD,Sell,26,3788,ZeroMinusTick,8125824b-2215-ef27-edf0-9ffbdd1dbdba,1185460,721
2880473,2019-01-06T08:03:42.325Z,19010608,XBTUSD,Buy,1,3788,ZeroMinusTick,7fb6cf5a-71ff-5f04-6feb-316ed83290c4,1185461,722
2880474,2019-01-06T08:03:42.698Z,19010608,XBTUSD,Buy,3000,3788,ZeroMinusTick,6f8f9d57-3c3d-184b-25b2-447e61da4034,1188461,723
2880476,2019-01-06T08:03:44.048Z,19010608,XBTUSD,Sell,100,3787.5,ZeroMinusTick,f5421345-c0ee-9088-632e-072a83d2e879,1188561,724
2880486,2019-01-06T08:03:44.048Z,19010608,XBTUSD,Sell,1386,3787.5,ZeroMinusTick,a24dfa38-84c7-848b-9286-48996c303bad,1189947,725
2880497,2019-01-06T08:03:54.094Z,19010608,XBTUSD,Sell,1714,3787.5,MinusTick,989c53f2-1799-2467-324c-7616aca595d0,1191661,726
2880507,2019-01-06T08:03:54.094Z,19010608,XBTUSD,Sell,1000,3787.5,ZeroMinusTick,8ecb69d5-b3b2-111a-d801-5cb995d470d5,1192661,727
2880515,2019-01-06T08:03:54.094Z,19010608,XBTUSD,Sell,20,3787.5,ZeroMinusTick,3cb423a5-14c8-7ba3-c02f-9a9af4a26265,1192681,728
2880527,2019-01-06T08:03:54.094Z,19010608,XBTUSD,Sell,16,3787.5,ZeroMinusTick,f91e64d4-a4e7-c95f-c143-40d1ef314809,1192697,729
2880543,2019-01-06T08:03:58.320Z,19010608,XBTUSD,Sell,10,3787.5,ZeroMinusTick,49f19f93-428b-897a-e5d2-77a5cfabee12,1192707,730
2880553,2019-01-06T08:03:58.320Z,19010608,XBTUSD,Sell,619,3787.5,ZeroMinusTick,3125a4f1-8a0e-a2b2-5751-c1ec2e39ed0f,1193326,731
2880563,2019-01-06T08:03:58.320Z,19010608,XBTUSD,Sell,100,3787.5,ZeroMinusTick,bd82e70c-d4ad-3957-286e-a8dd3e8c1b9b,1193426,732
2880622,2019-01-06T08:04:11.754Z,19010608,XBTUSD,Sell,20,3787.5,ZeroMinusTick,b3381ba4-06ba-cbca-72d5-d5b9b712c27a,1193446,733
2880663,2019-01-06T08:04:43.017Z,19010608,XBTUSD,Sell,4499,3787.5,ZeroMinusTick,b0e1ac8f-81c7-4c04-4cdc-38d48bd6648d,1197945,734
2880356,2019-01-06T08:03:15.119Z,19010608,XBTUSD,Sell,3000,3788,ZeroMinusTick,b527be3c-f3fb-cfcc-d738-2a9363d2c26f,1200945,735
2880363,2019-01-06T08:03:17.155Z,19010608,XBTUSD,Sell,28,3788,ZeroMinusTick,7771a8db-1022-87e0-2a24-47837bd2c746,1200973,736
2880371,2019-01-06T08:03:17.155Z,19010608,XBTUSD,Sell,13,3788,ZeroMinusTick,aaa6575c-fbbb-5020-368e-e7748168f9f4,1200986,737
2880380,2019-01-06T08:03:17.155Z,19010608,XBTUSD,Sell,269,3788,ZeroMinusTick,de473858-d759-8117-edf0-ad65bc303711,1201255,738
2880392,2019-01-06T08:03:17.155Z,19010608,XBTUSD,Sell,22,3788,ZeroMinusTick,c828d3bb-8d98-80c5-4345-736bd6209431,1201277,739
2880404,2019-01-06T08:03:17.155Z,19010608,XBTUSD,Sell,189,3788,ZeroMinusTick,6365635b-53da-6562-c807-fa5e775a0bcc,1201466,740
2880418,2019-01-06T08:03:25.549Z,19010608,XBTUSD,Sell,500,3788,ZeroMinusTick,9a5a8d7c-af7a-7299-9249-0456520b33de,1201966,741
2880436,2019-01-06T08:03:40.236Z,19010608,XBTUSD,Sell,23672,3788,ZeroMinusTick,835fe586-97c7-a8a0-6bc3-00b1418aa0f3,1225638,742
2880446,2019-01-06T08:03:40.236Z,19010608,XBTUSD,Sell,1000,3788,ZeroMinusTick,faa6b31a-cd94-8531-ecbb-9d2e9e6a548a,1226638,743
2880449,2019-01-06T08:03:40.236Z,19010608,XBTUSD,Sell,166,3788,ZeroMinusTick,f0824aa5-d0ca-2a9c-f664-770a9408e792,1226804,744
2880465,2019-01-06T08:03:40.236Z,19010608,XBTUSD,Sell,1000,3788,ZeroMinusTick,43ad9d4e-dbaa-e21a-0676-0b53cdb4ad4e,1227804,745
2880478,2019-01-06T08:03:44.048Z,19010608,XBTUSD,Sell,20,3787.5,ZeroMinusTick,b8c65b82-6daa-3c18-a446-25fa0f1ad876,1227824,746
2880510,2019-01-06T08:03:54.094Z,19010608,XBTUSD,Sell,582,3787.5,ZeroMinusTick,1af04d37-c737-b375-221a-9d15f285ca6f,1228406,747
2880514,2019-01-06T08:03:54.094Z,19010608,XBTUSD,Sell,21,3787.5,ZeroMinusTick,4eec1700-9930-ca72-b746-e7b489307f63,1228427,748
2880524,2019-01-06T08:03:54.094Z,19010608,XBTUSD,Sell,32,3787.5,ZeroMinusTick,7059bd1f-afcd-bdbb-4039-6c627e9c3388,1228459,749
2880536,2019-01-06T08:03:58.320Z,19010608,XBTUSD,Sell,5,3787.5,ZeroMinusTick,a889ccb1-2519-b5ea-5f1f-887898ce2e74,1228464,750
2880550,2019-01-06T08:03:58.320Z,19010608,XBTUSD,Sell,619,3787.5,ZeroMinusTick,5ea67633-99c2-73d6-81d3-32c2c2937a3f,1229083,751
2880555,2019-01-06T08:03:58.320Z,19010608,XBTUSD,Sell,619,3787.5,ZeroMinusTick,6fa98d65-4d70-4f39-9954-b02aa86484a2,1229702,752
2880569,2019-01-06T08:03:58.320Z,19010608,XBTUSD,Sell,37,3787.5,ZeroMinusTick,3319bca0-f8ef-4fdd-6bd4-129058e539b4,1229739,753
2880614,2019-01-06T08:04:11.522Z,19010608,XBTUSD,Sell,8398,3787.5,ZeroMinusTick,1b927cdc-042f-816b-61f1-49243901962e,1238137,754
2880615,2019-01-06T08:04:11.754Z,19010608,XBTUSD,Sell,513,3787.5,ZeroMinusTick,8ea8c6e8-dac2-f5eb-6bae-cb1af4f85eb2,1238650,755
2880628,2019-01-06T08:04:19.490Z,19010608,XBTUSD,Sell,1,3787.5,ZeroMinusTick,7e853da1-f62e-4d7c-8a15-89a606844fa4,1238651,756
2880734,2019-01-06T08:04:48.378Z,19010608,XBTUSD,Sell,2000,3787.5,ZeroMinusTick,4c47b4b2-e14a-7b8d-e5ff-419c20aa78f6,1240651,757
2880743,2019-01-06T08:04:48.378Z,19010608,XBTUSD,Sell,25,3787.5,ZeroMinusTick,9740a827-7a8e-4726-ddf3-7eb931ca450a,1240676,758
2880754,2019-01-06T08:04:48.378Z,19010608,XBTUSD,Sell,535,3787.5,ZeroMinusTick,43185a94-affd-afae-5927-76697de7f003,1241211,759
2880767,2019-01-06T08:04:48.378Z,19010608,XBTUSD,Sell,1000,3787.5,ZeroMinusTick,a76ae8bc-6a24-ba72-6b7a-da18708d2212,1242211,760
2880777,2019-01-06T08:04:51.120Z,19010608,XBTUSD,Sell,14,3787,ZeroMinusTick,81600f9a-4c86-96d1-41da-6dad321fefe7,1242225,761
2880787,2019-01-06T08:04:51.120Z,19010608,XBTUSD,Sell,30,3787,ZeroMinusTick,c6e5b471-55f3-3318-ab87-0fdd456acd28,1242255,762
2880797,2019-01-06T08:04:51.120Z,19010608,XBTUSD,Sell,500,3787,ZeroMinusTick,c385280f-7548-59f5-4dc7-0dbaf669bb29,1242755,763
2880799,2019-01-06T08:04:51.120Z,19010608,XBTUSD,Sell,100,3787,ZeroMinusTick,150a87a5-ed0c-9ad4-d5da-89301ca41f70,1242855,764
2880809,2019-01-06T08:04:51.120Z,19010608,XBTUSD,Sell,735,3787,ZeroMinusTick,00d56d43-59a9-8407-507c-2d7b83e7b2d9,1243590,765
2880819,2019-01-06T08:04:51.120Z,19010608,XBTUSD,Sell,32,3787,ZeroMinusTick,06e352c4-0296-dab8-faaa-28e053f3aed8,1243622,766
2880826,2019-01-06T08:04:51.120Z,19010608,XBTUSD,Sell,16,3787,ZeroMinusTick,7de55b05-5bfb-a69d-77ad-1b0c39040180,1243638,767
2880834,2019-01-06T08:04:51.120Z,19010608,XBTUSD,Sell,18,3787,ZeroMinusTick,65895543-1bc9-dbfd-2c60-ce74fc4cb157,1243656,768
2880848,2019-01-06T08:04:51.120Z,19010608,XBTUSD,Sell,16,3787,ZeroMinusTick,559c7c0b-531c-4494-e0b6-5e16c76d3160,1243672,769
2880859,2019-01-06T08:04:51.120Z,19010608,XBTUSD,Sell,10,3787,ZeroMinusTick,5e503abf-aed1-8540-7230-6cb23789b112,1243682,770
2880869,2019-01-06T08:04:51.120Z,19010608,XBTUSD,Sell,10,3787,ZeroMinusTick,69f43837-b22f-7537-c1d6-23ae69efa33b,1243692,771
2880878,2019-01-06T08:04:51.120Z,19010608,XBTUSD,Sell,2000,3787,ZeroMinusTick,1acfeabe-edfd-4579-f160-fff80e77ffd4,1245692,772
2880964,2019-01-06T08:05:01.865Z,19010608,XBTUSD,Sell,189,3786.5,ZeroMinusTick,47577323-29cc-cab7-c81a-d9159346ae6d,1245881,773
2880438,2019-01-06T08:03:40.236Z,19010608,XBTUSD,Sell,18,3788,ZeroMinusTick,7e046937-6b00-d63c-ac64-0873dd7d99d0,1245899,774
2880456,2019-01-06T08:03:40.236Z,19010608,XBTUSD,Sell,27,3788,ZeroMinusTick,597125a1-03eb-e02b-1162-c759dc8b5fdb,1245926,775
2880466,2019-01-06T08:03:40.236Z,19010608,XBTUSD,Sell,100,3788,ZeroMinusTick,7aaecdc3-c813-76cb-6c0e-d9412f0fc784,1246026,776
2880470,2019-01-06T08:03:40.236Z,19010608,XBTUSD,Sell,27,3788,ZeroMinusTick,e0c288e3-bf33-a1ec-369b-621e1653ae1b,1246053,777
2880475,2019-01-06T08:03:43.431Z,19010608,XBTUSD,Sell,1000,3787.5,MinusTick,c5b085e8-903a-f02f-8ddd-9a2c25da3506,1247053,778
2880483,2019-01-06T08:03:44.048Z,19010608,XBTUSD,Sell,124,3787.5,ZeroMinusTick,243f2005-aad0-3945-77c2-45777f8859e2,1247177,779
2880503,2019-01-06T08:03:54.094Z,19010608,XBTUSD,Sell,100,3787.5,ZeroMinusTick,c7f0cbba-27d7-664f-5128-355a68fa87fc,1247277,780
2880513,2019-01-06T08:03:54.094Z,19010608,XBTUSD,Sell,10,3787.5,ZeroMinusTick,933c33ad-9c34-e2f5-6329-655b630f21d7,1247287,781
2880523,2019-01-06T08:03:54.094Z,19010608,XBTUSD,Sell,10,3787.5,ZeroMinusTick,b2d6bde7-65ee-a7cd-8758-38ccaad5fab6,1247297,782
2880538,2019-01-06T08:03:58.320Z,19010608,XBTUSD,Sell,20,3787.5,ZeroMinusTick,9ee61b56-6a5d-4cf1-776c-bee8d8880bde,1247317,783
2880548,2019-01-06T08:03:58.320Z,19010608,XBTUSD,Sell,10,3787.5,ZeroMinusTick,360b0f18-6960-4c76-e4d9-be52ba89a912,1247327,784
2880554,2019-01-06T08:03:58.320Z,19010608,XBTUSD,Sell,619,3787.5,ZeroMinusTick,b788c35d-e4d2-f72d-cc64-33ffac81d875,1247946,785
2880564,2019-01-06T08:03:58.320Z,19010608,XBTUSD,Sell,14,3787.5,ZeroMinusTick,a1e51c4b-d4ee-fbe5-51d9-51aee850f490,1247960,786
2880619,2019-01-06T08:04:11.754Z,19010608,XBTUSD,Sell,10,3787.5,ZeroMinusTick,5ce723a2-bab7-7152-ab85-cfbbe6b968a6,1247970,787
2880632,2019-01-06T08:04:23.995Z,19010608,XBTUSD,Sell,137,3787.5,ZeroMinusTick,e9c47c42-db55-9851-85ec-d91c245f0813,1248107,788
2880660,2019-01-06T08:04:43.017Z,19010608,XBTUSD,Sell,5000,3787.5,ZeroMinusTick,ee3f7a30-7343-61d3-7f97-215e3624c6a2,1253107,789
2880735,2019-01-06T08:04:48.378Z,19010608,XBTUSD,Sell,8000,3787.5,ZeroMinusTick,48305cef-3af5-c477-628b-6ae6fa9d0965,1261107,790
2880745,2019-01-06T08:04:48.378Z,19010608,XBTUSD,Sell,16,3787.5,ZeroMinusTick,3183126b-d182-ce45-582b-e4bd6ebfe449,1261123,791
2880752,2019-01-06T08:04:48.378Z,19010608,XBTUSD,Sell,13,3787.5,ZeroMinusTick,a60c0466-aa95-5777-9944-3b1ceb6e8507,1261136,792
2880768,2019-01-06T08:04:48.378Z,19010608,XBTUSD,Sell,200,3787.5,ZeroMinusTick,9ff4f79d-8812-89c4-b03d-4c05176c0a5b,1261336,793
2880780,2019-01-06T08:04:51.120Z,19010608,XBTUSD,Sell,11,3787,ZeroMinusTick,dc0cc28e-3671-8431-6828-acdf982f7a99,1261347,794
2880794,2019-01-06T08:04:51.120Z,19010608,XBTUSD,Sell,6,3787,ZeroMinusTick,43902c22-2f71-b7f3-4f60-55f9c6d1579d,1261353,795
2880800,2019-01-06T08:04:51.120Z,19010608,XBTUSD,Sell,1000,3787,ZeroMinusTick,da2c1888-33cd-1791-411e-34bfac722cfe,1262353,796
2880818,2019-01-06T08:04:51.120Z,19010608,XBTUSD,Sell,10,3787,ZeroMinusTick,081615dd-e930-d0d5-dd04-062f7f001322,1262363,797
2880825,2019-01-06T08:04:51.120Z,19010608,XBTUSD,Sell,10,3787,ZeroMinusTick,84a5bf53-b2dc-4b11-15d1-01772d512a69,1262373,798
2880836,2019-01-06T08:04:51.120Z,19010608,XBTUSD,Sell,12,3787,ZeroMinusTick,8ec7eb4a-6675-a41c-afca-8729ee508708,1262385,799
2880851,2019-01-06T08:04:51.120Z,19010608,XBTUSD,Sell,20,3787,ZeroMinusTick,af458165-4cca-7786-e312-11508030d3b2,1262405,800
