id,timestamp,hour,symbol,side,size,price,tickDirection,trdMatchID,volTime,tickTime
2986637,2019-01-06T12:00:09.990Z,19010612,XBTUSD,Sell,300,3826.5,MinusTick,30eda205-3e57-70df-8578-1da8861fefc1,300,1
2986806,2019-01-06T12:00:22.592Z,19010612,XBTUSD,Buy,697,3827,ZeroPlusTick,f75d38ba-351d-c647-5fb8-4239b59f8fc4,997,2
2986812,2019-01-06T12:00:23.884Z,19010612,XBTUSD,Buy,2500,3827,PlusTick,ec95d561-c37f-f964-1d68-51b1279a2e83,3497,3
2986823,2019-01-06T12:00:24.222Z,19010612,XBTUSD,Sell,5000,3826.5,MinusTick,07d0374d-d6f7-c624-0230-c5a0b2d08bd5,8497,4
2986908,2019-01-06T12:00:28.519Z,19010612,XBTUSD,Buy,1,3827,PlusTick,f886953c-dc32-8bf2-d231-2fcd980b1821,8498,5
2986950,2019-01-06T12:00:32.322Z,19010612,XBTUSD,Sell,200,3826.5,ZeroMinusTick,0b22b5e1-d8ba-4499-d97c-369c218d9bc8,8698,6
2986999,2019-01-06T12:00:33.998Z,19010612,XBTUSD,Buy,15,3827,PlusTick,f036ccf6-ef02-5412-c753-ac4ffe98e377,8713,7
2987042,2019-01-06T12:00:37.878Z,19010612,XBTUSD,Buy,1009,3827,PlusTick,d745976f-ebd3-0927-9e8e-a45194ff49d2,9722,8
2987073,2019-01-06T12:00:40.677Z,19010612,XBTUSD,Sell,1600,3826.5,MinusTick,d0d49787-0577-96a2-03ca-025ca0138938,11322,9
2987089,2019-01-06T12:00:41.386Z,19010612,XBTUSD,Sell,1000,3826.5,MinusTick,102549f9-212e-32c7-7e7a-21600bc8e76d,12322,10
2987117,2019-01-06T12:00:48.338Z,19010612,XBTUSD,Buy,153,3827,ZeroPlusTick,f060143e-14f8-caee-df18-deb3d303c12c,12475,11
2987192,2019-01-06T12:00:51.977Z,19010612,XBTUSD,Buy,5000,3827,PlusTick,40522d98-223c-8f1d-372d-7fe5b43bc3a1,17475,12
2986704,2019-01-06T12:00:10.301Z,19010612,XBTUSD,Buy,10000,3827,PlusTick,b6ddc23a-822f-5a9c-85a1-0fe29ce45980,27475,13
2986706,2019-01-06T12:00:10.574Z,19010612,XBTUSD,Sell,10,3826.5,MinusTick,c416b70f-ccc5-2c85-009e-e9675396b0f9,27485,14
2986707,2019-01-06T12:00:10.593Z,19010612,XBTUSD,Buy,1,3827,PlusTick,42ced935-4ec0-a864-06a5-48e7b16a4f95,27486,15
2986708,2019-01-06T12:00:10.672Z,19010612,XBTUSD,Sell,266,3826.5,MinusTick,2baa26ef-f520-3194-4d79-00df1dff98ca,27752,16
2986739,2019-01-06T12:00:12.482Z,19010612,XBTUSD,Buy,376,3827,PlusTick,36ec873d-afa7-0754-9081-94890e0b1add,28128,17
2986826,2019-01-06T12:00:24.954Z,19010612,XBTUSD,Buy,200,3827,ZeroPlusTick,c9a2c65a-420b-8f1b-56bd-dcf0f7b1c799,28328,18
2986831,2019-01-06T12:00:26.389Z,19010612,XBTUSD,Sell,1000,3826.5,MinusTick,1ea76529-d5a7-0807-76de-a279f8f66907,29328,19
2986834,2019-01-06T12:00:26.664Z,19010612,XBTUSD,Sell,300,3826.5,ZeroMinusTick,35ea6546-aad0-eeaf-73f1-53303f1f49e5,29628,20
2986835,2019-01-06T12:00:26.941Z,19010612,XBTUSD,Sell,3955,3826.5,ZeroMinusTick,1f9f0a56-8768-d443-e4bf-7d42f56b88bb,33583,21
2986894,2019-01-06T12:00:28.027Z,19010612,XBTUSD,Buy,2685,3827,PlusTick,829e5dff-b415-4385-c92b-88e8c6aaf42a,36268,22
2986896,2019-01-06T12:00:28.288Z,19010612,XBTUSD,Buy,254,3827,ZeroPlusTick,7c2bd7e1-9780-06c1-2185-db0aa1c3b610,36522,23
2986944,2019-01-06T12:00:32.155Z,19010612,XBTUSD,Sell,2864,3826.5,ZeroMinusTick,20e45227-3948-83af-7866-e9c256e99264,39386,24
2986952,2019-01-06T12:00:32.424Z,19010612,XBTUSD,Buy,15,3827,PlusTick,ce0e20c1-fd1b-fe66-21f1-1f8bff67d0b9,39401,25
2987034,2019-01-06T12:00:37.067Z,19010612,XBTUSD,Sell,383,3826.5,MinusTick,8abfd5b5-79a8-a370-6bf0-6d49b5913fad,39784,26
2987095,2019-01-06T12:00:42.289Z,19010612,XBTUSD,Buy,123,3827,PlusTick,7dbb9dfc-9eed-341c-dea8-d45fa3badd9d,39907,27
2986750,2019-01-06T12:00:18.235Z,19010612,XBTUSD,Buy,435,3827,PlusTick,283be3ab-577e-7877-6f55-2ee1632f427f,40342,28
2986795,2019-01-06T12:00:22.292Z,19010612,XBTUSD,Buy,96,3827,ZeroPlusTick,dcdc4772-4770-de3b-d9bc-85aea6785286,40438,29
2986798,2019-01-06T12:00:22.592Z,19010612,XBTUSD,Buy,454,3827,ZeroPlusTick,d2d920ed-9b80-df95-43ce-3a6e42ea552a,40892,30
2987004,2019-01-06T12:00:34.092Z,19010612,XBTUSD,Buy,77,3827,ZeroPlusTick,713a5ea2-6c41-6b7d-cd09-7afc0830c974,40969,31
2987070,2019-01-06T12:00:40.421Z,19010612,XBTUSD,Buy,1966,3827,ZeroPlusTick,0726e490-8ed7-1d17-d13a-a11c84c2135b,42935,32
2987104,2019-01-06T12:00:43.238Z,19010612,XBTUSD,Sell,3062,3826.5,MinusTick,49ebc079-e788-1f17-cf32-65304aa078b6,45997,33
2986793,2019-01-06T12:00:22.292Z,19010612,XBTUSD,Buy,300,3827,ZeroPlusTick,e40f7971-cb74-9120-cd05-7c2b24fe3ba8,46297,34
2986801,2019-01-06T12:00:22.592Z,19010612,XBTUSD,Buy,304,3827,ZeroPlusTick,6163549c-75b1-f0eb-db8d-9f1d2d674f1b,46601,35
2986948,2019-01-06T12:00:32.297Z,19010612,XBTUSD,Sell,2964,3826.5,ZeroMinusTick,7231cc38-e3c7-0f1b-8496-31a926585c04,49565,36
2987050,2019-01-06T12:00:39.257Z,19010612,XBTUSD,Buy,26,3827,ZeroPlusTick,a283503b-407c-dac1-2778-df435058d1b3,49591,37
2987066,2019-01-06T12:00:39.916Z,19010612,XBTUSD,Buy,5000,3827,PlusTick,34e49912-b08b-933c-ad05-c9926e3a9c66,54591,38
2987088,2019-01-06T12:00:41.207Z,19010612,XBTUSD,Buy,15,3827,PlusTick,971b0bea-5eed-c744-f3e8-a5a9217f798b,54606,39
2987188,2019-01-06T12:00:50.852Z,19010612,XBTUSD,Sell,17834,3826.5,MinusTick,dfc7e060-6a9e-0bcb-05b4-28ae12cbf160,72440,40
2987189,2019-01-06T12:00:50.957Z,19010612,XBTUSD,Buy,231,3827,PlusTick,a51ab046-d28d-ed0b-f1c4-155c4398579b,72671,41
2987197,2019-01-06T12:00:52.764Z,19010612,XBTUSD,Sell,1800,3826.5,MinusTick,07cf066e-33bd-bb90-cc4a-c3cab75b9f2b,74471,42
2987216,2019-01-06T12:00:53.409Z,19010612,XBTUSD,Buy,6,3827,ZeroPlusTick,95a44753-494c-ae33-04fa-5841334e3f6a,74477,43
2986753,2019-01-06T12:00:19.282Z,19010612,XBTUSD,Sell,3000,3826.5,MinusTick,9a0ae8f4-f299-7629-894a-8deb18eb3804,77477,44
2986755,2019-01-06T12:00:20.660Z,19010612,XBTUSD,Buy,4,3827,PlusTick,b3225ee1-5b03-9b83-f8f7-b4a96b4e1125,77481,45
2986799,2019-01-06T12:00:22.592Z,19010612,XBTUSD,Buy,10,3827,ZeroPlusTick,46790b6b-374a-642f-7f5c-66ec12b69170,77491,46
2986809,2019-01-06T12:00:23.683Z,19010612,XBTUSD,Sell,5000,3826.5,MinusTick,3a783d19-8496-0227-4542-0f2ee7bc286a,82491,47
2986824,2019-01-06T12:00:24.746Z,19010612,XBTUSD,Buy,4,3827,PlusTick,6978a0c3-c08f-a1c0-128d-63001b294545,82495,48
2987041,2019-01-06T12:00:37.812Z,19010612,XBTUSD,Sell,1531,3826.5,ZeroMinusTick,0d463f53-4ab5-74a4-5df6-89e2da9cf556,84026,49
2987065,2019-01-06T12:00:39.896Z,19010612,XBTUSD,Sell,4000,3826.5,MinusTick,98cce020-ac82-6aee-f115-057c34e58a34,88026,50
2987074,2019-01-06T12:00:40.760Z,19010612,XBTUSD,Sell,100,3826.5,ZeroMinusTick,355aa5eb-9bee-b0f9-360b-1dee6986be86,88126,51
2987135,2019-01-06T12:00:49.005Z,19010612,XBTUSD,Sell,8000,3826.5,ZeroMinusTick,4a559663-cd05-ea9a-7df5-2762a7e66289,96126,52
2987146,2019-01-06T12:00:49.901Z,19010612,XBTUSD,Sell,383,3826.5,ZeroMinusTick,f7415e67-7554-8855-ae74-17cf9221ae10,96509,53
2987191,2019-01-06T12:00:51.483Z,19010612,XBTUSD,Sell,383,3826.5,MinusTick,cc26acb6-aaee-08b2-c71b-53ecbd597802,96892,54
2987199,2019-01-06T12:00:52.867Z,19010612,XBTUSD,Buy,2000,3827,ZeroPlusTick,cf95bfa2-42a4-143c-c589-0240ad18b682,98892,55
2986749,2019-01-06T12:00:17.951Z,19010612,XBTUSD,Sell,1000,3826.5,ZeroMinusTick,a44ffb39-89e4-0572-aff6-c2b4742fe383,99892,56
2986751,2019-01-06T12:00:18.700Z,19010612,XBTUSD,Sell,5000,3826.5,MinusTick,d9925940-e17b-82f3-a564-9e2496b32b6e,104892,57
2986794,2019-01-06T12:00:22.292Z,19010612,XBTUSD,Buy,6000,3827,ZeroPlusTick,d744ba48-fd92-30d3-f82f-b6c7dff5c7c0,110892,58
2986802,2019-01-06T12:00:22.592Z,19010612,XBTUSD,Buy,100,3827,ZeroPlusTick,06b31db4-36b2-4c3f-0ba6-c61b6216ebe7,110992,59
2986811,2019-01-06T12:00:23.724Z,19010612,XBTUSD,Sell,5000,3826.5,ZeroMinusTick,9fa39e72-e8da-e006-7005-8812208fa91d,115992,60
2986822,2019-01-06T12:00:24.211Z,19010612,XBTUSD,Buy,6,3827,PlusTick,4890dc7b-1af6-2407-c02b-a373986fe221,115998,61
2986827,2019-01-06T12:00:25.528Z,19010612,XBTUSD,Buy,1,3827,ZeroPlusTick,6d240610-3361-e71a-f15b-c90102bc9eda,115999,62
2986837,2019-01-06T12:00:27.134Z,19010612,XBTUSD,Buy,1000,3827,PlusTick,2f6ad701-9921-22f2-fa72-fb705a53890f,116999,63
2986915,2019-01-06T12:00:29.449Z,19010612,XBTUSD,Sell,100,3826.5,MinusTick,3a6172e2-5844-3924-3486-1e6b053bbde3,117099,64
2986941,2019-01-06T12:00:31.929Z,19010612,XBTUSD,Sell,1148,3826.5,MinusTick,508f7b42-3ca9-46cf-1c72-36893b7f121c,118247,65
2986945,2019-01-06T12:00:32.165Z,19010612,XBTUSD,Sell,574,3826.5,ZeroMinusTick,980ea8eb-f84c-b3a3-82e1-5a59c31942a2,118821,66
2987067,2019-01-06T12:00:40.240Z,19010612,XBTUSD,Buy,1009,3827,ZeroPlusTick,e33f3eb6-2911-42a5-5ca4-df4e7689b026,119830,67
2987094,2019-01-06T12:00:41.996Z,19010612,XBTUSD,Sell,1500,3826.5,ZeroMinusTick,d0a874b9-5bba-8da1-cd4c-72fb3f41e39c,121330,68
2986792,2019-01-06T12:00:22.292Z,19010612,XBTUSD,Buy,300,3827,ZeroPlusTick,80fb7ce7-8dd9-89f7-23cf-c519b08870ed,121630,69
2986800,2019-01-06T12:00:22.592Z,19010612,XBTUSD,Buy,100,3827,ZeroPlusTick,07ebd340-318e-0b86-dd15-144f1e6ad1fa,121730,70
2986922,2019-01-06T12:00:31.749Z,19010612,XBTUSD,Buy,35,3827,PlusTick,f514805a-e6c8-5daa-a1b1-32637dbf9c2f,121765,71
2986953,2019-01-06T12:00:32.438Z,19010612,XBTUSD,Buy,81,3827,ZeroPlusTick,31be5e57-67db-88f6-6cee-10cf0246a178,121846,72
2987009,2019-01-06T12:00:35.795Z,19010612,XBTUSD,Sell,20,3826.5,MinusTick,e8642e53-d93b-4f0d-8725-5314a0b48d0d,121866,73
2987019,2019-01-06T12:00:36.180Z,19010612,XBTUSD,Sell,2000,3826.5,ZeroMinusTick,e8d43b8a-f301-794a-6a48-9be9a99d952a,123866,74
2987049,2019-01-06T12:00:39.070Z,19010612,XBTUSD,Buy,20,3827,PlusTick,74f3ae95-db09-e6d3-4e39-c59d153f55fd,123886,75
2987058,2019-01-06T12:00:39.511Z,19010612,XBTUSD,Buy,83,3827,ZeroPlusTick,f4ccc00a-ccf9-2480-0a10-d4d4bc033cd3,123969,76
2987090,2019-01-06T12:00:41.545Z,19010612,XBTUSD,Sell,39,3826.5,ZeroMinusTick,0db8a8ce-4439-4c72-cdaf-bf15ca0dd19b,124008,77
2987142,2019-01-06T12:00:49.198Z,19010612,XBTUSD,Sell,574,3826.5,ZeroMinusTick,f78b1044-fe68-9730-d169-54042654dd21,124582,78
2987198,2019-01-06T12:00:52.842Z,19010612,XBTUSD,Buy,302,3827,PlusTick,09df0f69-4a29-a604-6260-5a83f7f58982,124884,79
2987334,2019-01-06T12:01:05.002Z,19010612,XBTUSD,Buy,3800,3827,ZeroPlusTick,be00f5fb-2a6b-2078-54f9-41d3aeff6c79,128684,80
2986748,2019-01-06T12:00:17.905Z,19010612,XBTUSD,Sell,10000,3826.5,MinusTick,7b1c9e8b-31b4-ca5e-22bd-9ccf1d98741c,138684,81
2986752,2019-01-06T12:00:18.877Z,19010612,XBTUSD,Buy,21,3827,PlusTick,3122ea69-0c1e-2760-24b5-be9b807b2bf7,138705,82
2986791,2019-01-06T12:00:22.292Z,19010612,XBTUSD,Buy,1604,3827,ZeroPlusTick,c87ff9ca-54ba-ebc0-5855-e2c2adee857b,140309,83
2986805,2019-01-06T12:00:22.592Z,19010612,XBTUSD,Buy,1000,3827,ZeroPlusTick,3c25911d-ba2d-522b-5a30-50f5afc43fb6,141309,84
2986813,2019-01-06T12:00:24.105Z,19010612,XBTUSD,Sell,2000,3826.5,MinusTick,72733c3a-5974-141c-85d1-0ee584f794e2,143309,85
2986825,2019-01-06T12:00:24.843Z,19010612,XBTUSD,Buy,3614,3827,ZeroPlusTick,ebce202d-d22e-c8fb-7546-7cde6c0fe38e,146923,86
2986830,2019-01-06T12:00:25.771Z,19010612,XBTUSD,Buy,3543,3827,ZeroPlusTick,39ba281b-8b0c-ebf7-9620-b4ee5236adb3,150466,87
2986832,2019-01-06T12:00:26.452Z,19010612,XBTUSD,Sell,500,3826.5,ZeroMinusTick,c648ae60-a9fa-6417-cc9e-8e0e98ac70e5,150966,88
2986833,2019-01-06T12:00:26.607Z,19010612,XBTUSD,Sell,1000,3826.5,ZeroMinusTick,63c096b9-db6b-1dc0-47cb-9584cf0d7c9d,151966,89
2986836,2019-01-06T12:00:26.954Z,19010612,XBTUSD,Sell,1,3826.5,ZeroMinusTick,5bcd7a06-a84f-38b3-e70c-9f0511485023,151967,90
2986893,2019-01-06T12:00:27.969Z,19010612,XBTUSD,Sell,5000,3826.5,MinusTick,e9ced8d4-5e68-45f9-348a-5d85ea84c28f,156967,91
2986954,2019-01-06T12:00:32.486Z,19010612,XBTUSD,Sell,2863,3826.5,MinusTick,182dee4d-2fdb-cf56-1265-dd36d3bd9d01,159830,92
2987020,2019-01-06T12:00:36.311Z,19010612,XBTUSD,Buy,15,3827,PlusTick,d1335312-7691-f5c2-1bc7-d3d063c284c4,159845,93
2987043,2019-01-06T12:00:37.891Z,19010612,XBTUSD,Buy,1970,3827,ZeroPlusTick,52f6ebe4-016c-a798-f749-a10ddac4267d,161815,94
2987092,2019-01-06T12:00:41.743Z,19010612,XBTUSD,Sell,766,3826.5,ZeroMinusTick,c69ae1e9-dfbd-9797-327a-dda0c60f28a0,162581,95
2987147,2019-01-06T12:00:49.906Z,19010612,XBTUSD,Buy,800,3827,PlusTick,5f7e3add-30b8-3e73-b5d1-39a126396371,163381,96
2987159,2019-01-06T12:00:49.949Z,19010612,XBTUSD,Buy,5000,3827,ZeroPlusTick,19d58fac-158a-ee88-171f-f56a1d27bbfb,168381,97
2986744,2019-01-06T12:00:17.000Z,19010612,XBTUSD,Buy,810,3827,ZeroPlusTick,15f814de-3358-9bcf-13c6-d9d329301d69,169191,98
2986783,2019-01-06T12:00:21.698Z,19010612,XBTUSD,Sell,5000,3826.5,ZeroMinusTick,f7c220a1-1a91-432c-aca9-5f329a35ef31,174191,99
2986784,2019-01-06T12:00:21.907Z,19010612,XBTUSD,Buy,200,3827,PlusTick,dd4e1e66-f138-18d7-f9c6-72f27353170a,174391,100
2986803,2019-01-06T12:00:22.592Z,19010612,XBTUSD,Buy,10,3827,ZeroPlusTick,3bf80d5f-95ba-28cf-bd50-06ad4f1c51cc,174401,101
2986829,2019-01-06T12:00:25.691Z,19010612,XBTUSD,Buy,200,3827,ZeroPlusTick,4f148375-852d-1459-249d-7e0bc0ffeec8,174601,102
2986897,2019-01-06T12:00:28.356Z,19010612,XBTUSD,Sell,5000,3826.5,MinusTick,7ff4eedd-5761-7b6c-5778-a42bec7f7663,179601,103
2987023,2019-01-06T12:00:36.469Z,19010612,XBTUSD,Buy,154,3827,ZeroPlusTick,d0a3811c-a648-7480-de44-a8ff544d5da4,179755,104
2987048,2019-01-06T12:00:38.974Z,19010612,XBTUSD,Sell,77,3826.5,MinusTick,91041039-1234-8576-e132-bd8c9d7a604c,179832,105
2987119,2019-01-06T12:00:48.771Z,19010612,XBTUSD,Sell,396,3826.5,MinusTick,878936ad-8c0b-21ae-8609-3e5d0ca1a880,180228,106
2986741,2019-01-06T12:00:16.483Z,19010612,XBTUSD,Buy,641,3827,ZeroPlusTick,27afc787-f38b-e12e-0b5e-e116e08bbb0c,180869,107
2986781,2019-01-06T12:00:21.239Z,19010612,XBTUSD,Sell,2600,3826.5,MinusTick,d411f9b6-5798-d492-156a-2be0670e7674,183469,108
2986804,2019-01-06T12:00:22.592Z,19010612,XBTUSD,Buy,10,3827,ZeroPlusTick,dd88d3be-d63a-cc67-770c-51be597fc6d9,183479,109
2986921,2019-01-06T12:00:31.722Z,19010612,XBTUSD,Sell,2965,3826.5,ZeroMinusTick,5e776e2e-cc0d-a84d-8938-19749a240fda,186444,110
2986949,2019-01-06T12:00:32.304Z,19010612,XBTUSD,Sell,5000,3826.5,ZeroMinusTick,d98cf610-0076-376e-af06-202e19114c29,191444,111
2986957,2019-01-06T12:00:33.327Z,19010612,XBTUSD,Sell,1531,3826.5,ZeroMinusTick,035086f2-48e8-084f-795c-17739c3b0451,192975,112
2986959,2019-01-06T12:00:33.812Z,19010612,XBTUSD,Sell,5740,3826.5,ZeroMinusTick,4e109ba6-46b1-59bd-5a8e-7c17d048accc,198715,113
2987013,2019-01-06T12:00:35.919Z,19010612,XBTUSD,Sell,3865,3826.5,ZeroMinusTick,c110b9ef-8647-4e88-7a02-384fc535dc4a,202580,114
2987069,2019-01-06T12:00:40.416Z,19010612,XBTUSD,Buy,5000,3827,ZeroPlusTick,5b16be21-6ef6-d216-831c-2b8f9ffe82f5,207580,115
2987105,2019-01-06T12:00:43.256Z,19010612,XBTUSD,Buy,15,3827,PlusTick,19fac708-fd09-6bcf-c191-d6470e55c74b,207595,116
2987333,2019-01-06T12:01:04.817Z,19010612,XBTUSD,Buy,4733,3827,PlusTick,fcc088cc-e244-bed4-a187-4e953b7b0095,212328,117
2987390,2019-01-06T12:01:09.105Z,19010612,XBTUSD,Buy,24656,3827,ZeroPlusTick,c1381251-e8a9-5cb5-1698-77508ab91d57,236984,118
2987395,2019-01-06T12:01:09.383Z,19010612,XBTUSD,Buy,486,3827,ZeroPlusTick,0daa6ee6-bed1-a6df-14ae-129ddb178b0a,237470,119
2987396,2019-01-06T12:01:09.653Z,19010612,XBTUSD,Buy,813,3827,ZeroPlusTick,a35c0ec2-5086-52b2-71f2-19b133ced817,238283,120
2987397,2019-01-06T12:01:09.957Z,19010612,XBTUSD,Buy,12315,3827,ZeroPlusTick,986505f1-e994-88cf-b75a-bd26168c97a8,250598,121
2987416,2019-01-06T12:01:13.693Z,19010612,XBTUSD,Buy,460,3827,ZeroPlusTick,6e8befd5-d1d7-f7b3-9bbd-fd38b6dd4a15,251058,122
2987428,2019-01-06T12:01:13.693Z,19010612,XBTUSD,Buy,302,3827,ZeroPlusTick,fdcac5ce-eea0-dffd-2096-1a0533d6e046,251360,123
2987432,2019-01-06T12:01:13.693Z,19010612,XBTUSD,Buy,5000,3827,ZeroPlusTick,677cf943-392d-ab45-fbd9-7be9dbccbf1a,256360,124
2987459,2019-01-06T12:01:18.103Z,19010612,XBTUSD,Buy,26,3827,ZeroPlusTick,b1233832-939d-355e-bd79-119057e41ddc,256386,125
2987472,2019-01-06T12:01:20.026Z,19010612,XBTUSD,Buy,350,3827,ZeroPlusTick,15d31226-55b7-32de-89c2-fb572a734ac3,256736,126
2987478,2019-01-06T12:01:20.413Z,19010612,XBTUSD,Buy,173,3827,ZeroPlusTick,1b4e35b5-d9cd-b36f-43bf-a3e6794fdd87,256909,127
2987487,2019-01-06T12:01:20.413Z,19010612,XBTUSD,Buy,26,3827,ZeroPlusTick,5453f0f9-9c35-21a6-a37f-8640a983ad34,256935,128
2987499,2019-01-06T12:01:20.413Z,19010612,XBTUSD,Buy,5000,3827,ZeroPlusTick,3a7e4c0f-dc53-7d91-6b7f-e604782a68b4,261935,129
2987512,2019-01-06T12:01:20.413Z,19010612,XBTUSD,Buy,10,3827,ZeroPlusTick,8467fb4b-1099-8ed0-6e51-1a956ab04f3d,261945,130
2987523,2019-01-06T12:01:20.413Z,19010612,XBTUSD,Buy,44,3827,ZeroPlusTick,fe140683-2013-f330-c4bf-940d808a51ed,261989,131
2987532,2019-01-06T12:01:20.413Z,19010612,XBTUSD,Buy,10,3827,ZeroPlusTick,f36856dc-a072-15f3-d3ae-e7ff6b73de6e,261999,132
2987552,2019-01-06T12:01:21.587Z,19010612,XBTUSD,Buy,500,3827.5,ZeroPlusTick,9e0331f5-488f-d045-7e77-a02cbaf20275,262499,133
2987555,2019-01-06T12:01:21.587Z,19010612,XBTUSD,Buy,312,3827.5,ZeroPlusTick,f27ecb23-51ea-2e4d-2d82-0f9c6b3cb09d,262811,134
2987556,2019-01-06T12:01:22.062Z,19010612,XBTUSD,Buy,688,3827.5,ZeroPlusTick,bd2ea280-f479-4222-16e1-a2755e7cc572,263499,135
2987566,2019-01-06T12:01:22.062Z,19010612,XBTUSD,Buy,39,3827.5,ZeroPlusTick,ba93a2bd-7437-d648-d334-bfaa2b436da1,263538,136
2987580,2019-01-06T12:01:23.913Z,19010612,XBTUSD,Buy,10,3827.5,ZeroPlusTick,70f69d42-c0c1-82c3-af4f-e575e7f53699,263548,137
2987589,2019-01-06T12:01:23.913Z,19010612,XBTUSD,Buy,18,3827.5,ZeroPlusTick,0f453016-05c7-7592-87a2-81eed9ea86b5,263566,138
2987599,2019-01-06T12:01:23.913Z,19010612,XBTUSD,Buy,10,3827.5,ZeroPlusTick,20fe3cef-f33c-ef38-bcc3-fb507da31187,263576,139
2987612,2019-01-06T12:01:23.913Z,19010612,XBTUSD,Buy,26,3827.5,ZeroPlusTick,54acf88c-480d-98db-d505-dde036148406,263602,140
2987623,2019-01-06T12:01:23.913Z,19010612,XBTUSD,Buy,500,3828,ZeroPlusTick,361ac144-e017-99f1-33bd-894e7e187ace,264102,141
2987629,2019-01-06T12:01:23.913Z,19010612,XBTUSD,Buy,13,3828,ZeroPlusTick,fea75e17-9211-eb7c-c497-9179130af0b2,264115,142
2987647,2019-01-06T12:01:23.913Z,19010612,XBTUSD,Buy,100,3828.5,ZeroPlusTick,fe0a7c41-e014-efed-05c9-f72b4b35877e,264215,143
2987651,2019-01-06T12:01:23.913Z,19010612,XBTUSD,Buy,15,3828.5,ZeroPlusTick,8fb30f48-ad55-2d39-6145-1becd84b5327,264230,144
2987662,2019-01-06T12:01:23.913Z,19010612,XBTUSD,Buy,2,3828.5,ZeroPlusTick,761d4f0b-e18b-b287-6744-63ce9bb026a3,264232,145
2987674,2019-01-06T12:01:23.913Z,19010612,XBTUSD,Buy,27,3829,ZeroPlusTick,fec011f6-53ee-2aac-f160-08c8c57266ec,264259,146
2987687,2019-01-06T12:01:23.913Z,19010612,XBTUSD,Buy,100,3829,ZeroPlusTick,68d9dcad-4589-2787-46ff-12c1930f9f9c,264359,147
2987699,2019-01-06T12:01:23.913Z,19010612,XBTUSD,Buy,21,3829,ZeroPlusTick,7680de6d-6170-3346-98c7-e5b85d0e86cd,264380,148
2987707,2019-01-06T12:01:23.913Z,19010612,XBTUSD,Buy,10,3829,ZeroPlusTick,a31001fa-48d7-5954-11fb-883570565da4,264390,149
2987143,2019-01-06T12:00:49.418Z,19010612,XBTUSD,Sell,766,3826.5,ZeroMinusTick,c5acde3c-c9f1-242b-43b4-1a1458e900f7,265156,150
2987190,2019-01-06T12:00:51.269Z,19010612,XBTUSD,Buy,5000,3827,ZeroPlusTick,236f877b-ef74-2ca1-3603-ba20fee43567,270156,151
2987322,2019-01-06T12:01:03.454Z,19010612,XBTUSD,Buy,9134,3827,ZeroPlusTick,215d8041-f355-6b67-8467-d6bfdb881c49,279290,152
2987330,2019-01-06T12:01:04.352Z,19010612,XBTUSD,Buy,9056,3827,ZeroPlusTick,72665da6-2058-7119-2366-325d2495dc67,288346,153
2987415,2019-01-06T12:01:13.693Z,19010612,XBTUSD,Buy,300,3827,ZeroPlusTick,97e66da4-3e6b-9bfe-b5b6-53fa04b4aaeb,288646,154
2987423,2019-01-06T12:01:13.693Z,19010612,XBTUSD,Buy,1990,3827,ZeroPlusTick,67c431ff-2bb7-6ba9-6135-d73c9f66c143,290636,155
2987460,2019-01-06T12:01:18.103Z,19010612,XBTUSD,Buy,30,3827,ZeroPlusTick,9f4629e9-67ca-fb2d-957d-7a8f2734fa92,290666,156
2987476,2019-01-06T12:01:20.413Z,19010612,XBTUSD,Buy,370,3827,ZeroPlusTick,67380a95-52fc-0b12-1d55-96ea5dccb3a1,291036,157
2987490,2019-01-06T12:01:20.413Z,19010612,XBTUSD,Buy,39,3827,ZeroPlusTick,39b32da3-75d3-954d-c943-29fee45e947a,291075,158
2987493,2019-01-06T12:01:20.413Z,19010612,XBTUSD,Buy,173,3827,ZeroPlusTick,a562dffe-4516-562b-a8ee-0cb69d8a5e83,291248,159
2987503,2019-01-06T12:01:20.413Z,19010612,XBTUSD,Buy,11,3827,ZeroPlusTick,d468679b-1ace-0abf-eaa0-c352bb7dbf0d,291259,160
2987513,2019-01-06T12:01:20.413Z,19010612,XBTUSD,Buy,3000,3827,ZeroPlusTick,7d3383e9-8475-5099-64df-89658647ad0b,294259,161
2987515,2019-01-06T12:01:20.413Z,19010612,XBTUSD,Buy,50,3827,ZeroPlusTick,fcb1f99f-36b6-840c-c2e5-62bcab0a416b,294309,162
2987525,2019-01-06T12:01:20.413Z,19010612,XBTUSD,Buy,386,3827,ZeroPlusTick,ca00cefc-4b7d-1117-a7a9-959499d020ce,294695,163
2987535,2019-01-06T12:01:20.413Z,19010612,XBTUSD,Buy,500,3827,ZeroPlusTick,4cb1c96d-d13b-421e-0208-00c70e1d11b0,295195,164
2987547,2019-01-06T12:01:21.587Z,19010612,XBTUSD,Buy,11,3827.5,ZeroPlusTick,741e9665-f66f-4490-3d49-32a5d0afe332,295206,165
2987564,2019-01-06T12:01:22.062Z,19010612,XBTUSD,Buy,300,3827.5,ZeroPlusTick,1a0ba0fb-6d9f-9c77-1ca3-ed5c89ccaeb0,295506,166
2987575,2019-01-06T12:01:23.913Z,19010612,XBTUSD,Buy,300,3827.5,ZeroPlusTick,7f8260e3-58bc-99c4-570f-0433ebc88b9b,295806,167
2987588,2019-01-06T12:01:23.913Z,19010612,XBTUSD,Buy,10,3827.5,ZeroPlusTick,7c53c190-b13e-8402-3e14-cc99985817d6,295816,168
2987604,2019-01-06T12:01:23.913Z,19010612,XBTUSD,Buy,12,3827.5,ZeroPlusTick,e3acd7c4-8d21-c2bf-8c39-9b35f74cbf98,295828,169
2987614,2019-01-06T12:01:23.913Z,19010612,XBTUSD,Buy,34,3827.5,ZeroPlusTick,f60a1fe4-33e3-d040-f2f4-ff1506f6279a,295862,170
2987625,2019-01-06T12:01:23.913Z,19010612,XBTUSD,Buy,100,3828,ZeroPlusTick,5b5fab9e-f9d5-179c-000e-f04ec59a7db8,295962,171
2987632,2019-01-06T12:01:23.913Z,19010612,XBTUSD,Buy,4000,3828,ZeroPlusTick,2b6e6a40-4c53-5417-02ee-caf58003027d,299962,172
2987642,2019-01-06T12:01:23.913Z,19010612,XBTUSD,Buy,10000,3828,ZeroPlusTick,60d9376a-7941-d1ea-84c7-a31b3b83518a,309962,173
2987656,2019-01-06T12:01:23.913Z,19010612,XBTUSD,Buy,500,3828.5,ZeroPlusTick,58de3890-44bd-0ae2-51fa-74a74b93166e,310462,174
2987668,2019-01-06T12:01:23.913Z,19010612,XBTUSD,Buy,51,3828.5,ZeroPlusTick,98b17b31-d150-73a1-1798-140462e74747,310513,175
2987676,2019-01-06T12:01:23.913Z,19010612,XBTUSD,Buy,11,3829,ZeroPlusTick,a235ffe3-8518-dd63-4b16-42c62c8067a9,310524,176
2987684,2019-01-06T12:01:23.913Z,19010612,XBTUSD,Buy,1120,3829,ZeroPlusTick,74a06494-2b11-6d6d-824b-6a8557293496,311644,177
2987696,2019-01-06T12:01:23.913Z,19010612,XBTUSD,Buy,51,3829,ZeroPlusTick,32c50e26-5c8d-7cd0-e98a-5358a345a65f,311695,178
2987710,2019-01-06T12:01:23.913Z,19010612,XBTUSD,Buy,100,3829.5,ZeroPlusTick,03404831-6dec-40ce-a4c1-0cb42f9c440d,311795,179
2987718,2019-01-06T12:01:23.913Z,19010612,XBTUSD,Buy,30,3829.5,ZeroPlusTick,a17264ec-ecdf-e98c-3ba1-ea60f0c177af,311825,180
2987732,2019-01-06T12:01:23.913Z,19010612,XBTUSD,Buy,55320,3829.5,ZeroPlusTick,129d6efb-3a16-ba0f-44f9-1fa15a83968e,367145,181
2987734,2019-01-06T12:01:24.705Z,19010612,XBTUSD,Sell,86,3829,MinusTick,df7d5d46-b87b-585c-121c-c9879bd388f5,367231,182
2987735,2019-01-06T12:01:24.791Z,19010612,XBTUSD,Buy,5,3829.5,PlusTick,91c9d0ca-ffcb-eb45-0cb1-cb4fc7d3b411,367236,183
2987215,2019-01-06T12:00:53.349Z,19010612,XBTUSD,Buy,4,3827,ZeroPlusTick,8360d3e0-3230-0241-22d6-a548dc4359c0,367240,184
2987218,2019-01-06T12:00:54.081Z,19010612,XBTUSD,Sell,230,3826.5,MinusTick,0cb89e29-59cc-f13f-5c64-53e1e0bc1c3f,367470,185
2987293,2019-01-06T12:00:59.071Z,19010612,XBTUSD,Buy,433,3827,ZeroPlusTick,1703170f-d54e-9278-69e1-659c763c7039,367903,186
2987313,2019-01-06T12:01:02.350Z,19010612,XBTUSD,Sell,10000,3826.5,ZeroMinusTick,f6607751-a5a4-76a4-31ac-5a028862b0f3,377903,187
2987318,2019-01-06T12:01:02.756Z,19010612,XBTUSD,Buy,150,3827,PlusTick,6bb5d4e2-c637-fb7e-b4c3-e7c4916f60fa,378053,188
2987319,2019-01-06T12:01:02.922Z,19010612,XBTUSD,Sell,154,3826.5,MinusTick,9cf13348-6947-6fd3-2c49-41515df9ee5a,378207,189
2987324,2019-01-06T12:01:03.454Z,19010612,XBTUSD,Buy,10,3827,ZeroPlusTick,7b7d2885-1e12-0842-d7ff-65e029c2acfe,378217,190
2987385,2019-01-06T12:01:09.105Z,19010612,XBTUSD,Buy,25066,3827,PlusTick,3a1fcef7-c4bc-6ca2-d39d-15eac8373c2e,403283,191
2987389,2019-01-06T12:01:09.105Z,19010612,XBTUSD,Buy,10,3827,ZeroPlusTick,8adc8108-e9c2-a756-62db-4b7f2890a496,403293,192
2987404,2019-01-06T12:01:11.296Z,19010612,XBTUSD,Buy,4000,3827,ZeroPlusTick,6d46e1f9-e8ed-b690-d7db-9b4787be35e0,407293,193
2987406,2019-01-06T12:01:11.347Z,19010612,XBTUSD,Sell,800,3826.5,MinusTick,89911ae3-f324-a3fc-e925-f6cef69869d1,408093,194
2987410,2019-01-06T12:01:13.693Z,19010612,XBTUSD,Buy,10,3827,ZeroPlusTick,16505f51-6f32-9658-af32-6de38abeadc9,408103,195
2987427,2019-01-06T12:01:13.693Z,19010612,XBTUSD,Buy,10,3827,ZeroPlusTick,295c7636-8245-76da-f05d-1e19170e8aa8,408113,196
2987437,2019-01-06T12:01:14.717Z,19010612,XBTUSD,Buy,1484,3827,ZeroPlusTick,ff7bbf88-b390-249e-fe4b-e7691e5bf4b8,409597,197
2987438,2019-01-06T12:01:14.886Z,19010612,XBTUSD,Sell,1763,3826.5,MinusTick,130b855d-f7d8-f697-3a5a-a7e8b74937b2,411360,198
2987461,2019-01-06T12:01:18.103Z,19010612,XBTUSD,Buy,30,3827,ZeroPlusTick,ae187939-b358-8af5-b7b0-05768c5b8fc2,411390,199
2987471,2019-01-06T12:01:19.883Z,19010612,XBTUSD,Buy,211,3827,ZeroPlusTick,f2b04a84-3b93-5560-0955-7d9d40319c1e,411601,200
2987477,2019-01-06T12:01:20.413Z,19010612,XBTUSD,Buy,1070,3827,ZeroPlusTick,7062bf86-219b-8e0f-599b-418d6b0c6f88,412671,201
2987488,2019-01-06T12:01:20.413Z,19010612,XBTUSD,Buy,10,3827,ZeroPlusTick,de7d5b0f-892d-0a9a-62d3-c3d621e7df1c,412681,202
2987500,2019-01-06T12:01:20.413Z,19010612,XBTUSD,Buy,460,3827,ZeroPlusTick,7f386b81-5a6d-a7aa-a4d7-80374859c423,413141,203
2987504,2019-01-06T12:01:20.413Z,19010612,XBTUSD,Buy,5000,3827,ZeroPlusTick,a2980742-2821-a00c-6c76-df52db929674,418141,204
2987514,2019-01-06T12:01:20.413Z,19010612,XBTUSD,Buy,1500,3827,ZeroPlusTick,3b3b3c53-15b8-32ea-d454-755dcfac19a9,419641,205
2987524,2019-01-06T12:01:20.413Z,19010612,XBTUSD,Buy,562,3827,ZeroPlusTick,ab7ce1ed-7add-27a7-5db4-2f05e40792ee,420203,206
2987526,2019-01-06T12:01:20.413Z,19010612,XBTUSD,Buy,100,3827,ZeroPlusTick,6834f0de-cb09-b6e4-d59f-68ac4033acb7,420303,207
2987538,2019-01-06T12:01:20.413Z,19010612,XBTUSD,Buy,28,3827,ZeroPlusTick,3c31c0b9-e9e5-f64f-559c-ae94b5577908,420331,208
2987549,2019-01-06T12:01:21.587Z,19010612,XBTUSD,Buy,30,3827.5,ZeroPlusTick,2a1108b8-a8e0-6847-3629-783194e280f2,420361,209
2987554,2019-01-06T12:01:21.587Z,19010612,XBTUSD,Buy,18,3827.5,ZeroPlusTick,8b90df94-ac6d-30b8-7375-aadf0f44a0c4,420379,210
2987256,2019-01-06T12:00:56.228Z,19010612,XBTUSD,Buy,50,3827,PlusTick,60362491-807c-ab38-eff6-03c0e1a63291,420429,211
2987326,2019-01-06T12:01:03.627Z,19010612,XBTUSD,Buy,197,3827,ZeroPlusTick,d8d1c992-b4e7-2e97-e2d9-ab3443226b1f,420626,212
2987364,2019-01-06T12:01:06.763Z,19010612,XBTUSD,Buy,1500,3827,ZeroPlusTick,771f87b6-288d-69e2-2415-0754059a97e6,422126,213
2987386,2019-01-06T12:01:09.105Z,19010612,XBTUSD,Buy,5000,3827,ZeroPlusTick,d949a83a-2279-fda8-e83a-dbc0c5f926a9,427126,214
2987413,2019-01-06T12:01:13.693Z,19010612,XBTUSD,Buy,11,3827,ZeroPlusTick,0b916020-b776-fcaf-064b-9f007b367d14,427137,215
2987422,2019-01-06T12:01:13.693Z,19010612,XBTUSD,Buy,531,3827,ZeroPlusTick,b0234e61-f78c-43e8-fda0-5e2ac7a393c3,427668,216
2987464,2019-01-06T12:01:18.558Z,19010612,XBTUSD,Sell,60,3826.5,MinusTick,7216fc6c-035a-5faf-1af9-719bd80c46b4,427728,217
2987482,2019-01-06T12:01:20.413Z,19010612,XBTUSD,Buy,177,3827,ZeroPlusTick,9c920265-a9a3-a1db-1483-03de339b1f3b,427905,218
2987491,2019-01-06T12:01:20.413Z,19010612,XBTUSD,Buy,173,3827,ZeroPlusTick,de111316-7063-f102-e8b7-4dd1cf033d2a,428078,219
2987501,2019-01-06T12:01:20.413Z,19010612,XBTUSD,Buy,575,3827,ZeroPlusTick,bad1b30a-a57e-9827-2aeb-61c3e81b1ec9,428653,220
2987509,2019-01-06T12:01:20.413Z,19010612,XBTUSD,Buy,100,3827,ZeroPlusTick,01403eb7-fc51-007b-5498-5edac4a8f0b5,428753,221
2987517,2019-01-06T12:01:20.413Z,19010612,XBTUSD,Buy,10,3827,ZeroPlusTick,6878b70c-4756-4a92-4281-86a752887b68,428763,222
2987531,2019-01-06T12:01:20.413Z,19010612,XBTUSD,Buy,26,3827,ZeroPlusTick,1f6ea2c8-9df5-8482-4ecd-5139d5bfd95b,428789,223
2987542,2019-01-06T12:01:21.265Z,19010612,XBTUSD,Buy,99,3827.5,ZeroPlusTick,466c6609-1515-9a49-4d72-77d5dacb53a7,428888,224
2987544,2019-01-06T12:01:21.587Z,19010612,XBTUSD,Buy,124,3827.5,ZeroPlusTick,f1164e17-b654-e78e-2d43-e499546320af,429012,225
2987562,2019-01-06T12:01:22.062Z,19010612,XBTUSD,Buy,14000,3827.5,ZeroPlusTick,07ed6105-7d2e-bd14-2af6-8ed4e475f019,443012,226
2987576,2019-01-06T12:01:23.913Z,19010612,XBTUSD,Buy,12,3827.5,ZeroPlusTick,a60fca18-0f7f-9822-fcd2-54bea5f9f763,443024,227
2987592,2019-01-06T12:01:23.913Z,19010612,XBTUSD,Buy,10,3827.5,ZeroPlusTick,5a046305-891e-6b35-0202-ed1b033557e2,443034,228
2987603,2019-01-06T12:01:23.913Z,19010612,XBTUSD,Buy,77,3827.5,ZeroPlusTick,a7eec4d1-b64e-0a4f-6c9e-6e815e1fb422,443111,229
2987613,2019-01-06T12:01:23.913Z,19010612,XBTUSD,Buy,1000,3827.5,ZeroPlusTick,7a16fd6a-ad67-7235-3cba-1c4839b7a271,444111,230
2987619,2019-01-06T12:01:23.913Z,19010612,XBTUSD,Buy,27,3828,ZeroPlusTick,9c3292e5-60b5-51d8-e6fb-b9cab0cde7af,444138,231
2987631,2019-01-06T12:01:23.913Z,19010612,XBTUSD,Buy,117,3828,ZeroPlusTick,43f4749a-67ce-3901-46ed-82e790820215,444255,232
2987639,2019-01-06T12:01:23.913Z,19010612,XBTUSD,Buy,2000,3828,ZeroPlusTick,0ec13a15-c761-b0a0-362d-29f4bbff758f,446255,233
2987649,2019-01-06T12:01:23.913Z,19010612,XBTUSD,Buy,11,3828.5,ZeroPlusTick,dcf2f1cb-9931-7495-8498-9fffdfce859c,446266,234
2987659,2019-01-06T12:01:23.913Z,19010612,XBTUSD,Buy,80,3828.5,ZeroPlusTick,9a364eb6-7f56-eed8-afd0-74407128f329,446346,235
2987663,2019-01-06T12:01:23.913Z,19010612,XBTUSD,Buy,50,3828.5,ZeroPlusTick,39a502bf-5168-dad3-b1ec-29f0f6795208,446396,236
2987680,2019-01-06T12:01:23.913Z,19010612,XBTUSD,Buy,500,3829,ZeroPlusTick,e2b8615e-99d0-8ed0-9738-7b9f7b32180f,446896,237
2987683,2019-01-06T12:01:23.913Z,19010612,XBTUSD,Buy,38290,3829,ZeroPlusTick,c9b86480-82b8-ebec-6067-cfa4adc08c8e,485186,238
2987693,2019-01-06T12:01:23.913Z,19010612,XBTUSD,Buy,100,3829,ZeroPlusTick,90dc8b75-b776-ef9c-c45f-5510dba564db,485286,239
2987703,2019-01-06T12:01:23.913Z,19010612,XBTUSD,Buy,50,3829,ZeroPlusTick,069f27ba-e462-ddd9-ed6a-a714395365e3,485336,240
2987711,2019-01-06T12:01:23.913Z,19010612,XBTUSD,Buy,1000,3829.5,ZeroPlusTick,dfdd7516-957a-790d-8049-4ca3ab19c5c1,486336,241
2987719,2019-01-06T12:01:23.913Z,19010612,XBTUSD,Buy,30,3829.5,ZeroPlusTick,48677a1e-c42b-0583-9e61-3e9e65c15611,486366,242
2987730,2019-01-06T12:01:23.913Z,19010612,XBTUSD,Buy,2000,3829.5,ZeroPlusTick,8c2860a8-8325-3b48-1396-2e2f3d229d62,488366,243
2987754,2019-01-06T12:01:27.474Z,19010612,XBTUSD,Buy,5000,3829.5,ZeroPlusTick,109f63f0-2953-3089-805e-4accd79ebdb7,493366,244
2987755,2019-01-06T12:01:27.673Z,19010612,XBTUSD,Buy,743,3829.5,ZeroPlusTick,36e55f0b-487a-b54a-7425-a77ad68da368,494109,245
2987804,2019-01-06T12:01:30.918Z,19010612,XBTUSD,Buy,50,3829.5,ZeroPlusTick,94d89508-793d-5cc0-4c87-93aaa220cd12,494159,246
2987219,2019-01-06T12:00:54.313Z,19010612,XBTUSD,Buy,1,3827,PlusTick,1e91f9d2-73ba-4803-cbdd-8b4fa504ddd1,494160,247
2987221,2019-01-06T12:00:55.569Z,19010612,XBTUSD,Buy,600,3827,ZeroPlusTick,68f5c36a-c237-3ed4-07bc-a72980bb397d,494760,248
2987294,2019-01-06T12:00:59.564Z,19010612,XBTUSD,Buy,20000,3827,ZeroPlusTick,6d6085fd-2215-6ef5-1c01-20198e0693d8,514760,249
2987295,2019-01-06T12:00:59.604Z,19010612,XBTUSD,Sell,307,3826.5,MinusTick,5c8b77cd-6de2-058e-56b6-f48310bd31af,515067,250
2987323,2019-01-06T12:01:03.454Z,19010612,XBTUSD,Buy,24,3827,ZeroPlusTick,dec2b328-f6be-a98a-6526-460603d2ee40,515091,251
2987380,2019-01-06T12:01:07.859Z,19010612,XBTUSD,Buy,1107,3827,ZeroPlusTick,c41e3d4b-d16d-b773-c37f-8090195dc685,516198,252
2987381,2019-01-06T12:01:08.001Z,19010612,XBTUSD,Sell,192,3826.5,MinusTick,b9e83bb2-d859-b7be-6b63-998d1d6c568f,516390,253
2987382,2019-01-06T12:01:08.027Z,19010612,XBTUSD,Buy,75000,3827,PlusTick,fb50a147-e3fe-e6f7-2dcf-bd3511525ce6,591390,254
2987388,2019-01-06T12:01:09.105Z,19010612,XBTUSD,Buy,20000,3827,ZeroPlusTick,c89e6259-e68b-dc34-7cc7-a8a02c65b982,611390,255
2987399,2019-01-06T12:01:09.957Z,19010612,XBTUSD,Buy,3003,3827,ZeroPlusTick,d03592b1-61e7-4434-17e3-0f14bc80a3c7,614393,256
2987400,2019-01-06T12:01:10.082Z,19010612,XBTUSD,Sell,33,3826.5,MinusTick,c4041980-0d37-21dc-5fc3-cb21ce167088,614426,257
2987411,2019-01-06T12:01:13.693Z,19010612,XBTUSD,Buy,100,3827,ZeroPlusTick,0b553f88-c5c9-9bc3-eb02-6eb7db62758a,614526,258
2987426,2019-01-06T12:01:13.693Z,19010612,XBTUSD,Buy,10,3827,ZeroPlusTick,79e44530-d47e-a516-00d9-e834d5f2ee3f,614536,259
2987431,2019-01-06T12:01:13.693Z,19010612,XBTUSD,Buy,300,3827,ZeroPlusTick,efabc02e-f214-c870-d9e6-67dc907fdd95,614836,260
2987456,2019-01-06T12:01:18.103Z,19010612,XBTUSD,Buy,52,3827,ZeroPlusTick,efcca83e-ac88-0a63-09f6-7262597ea0b8,614888,261
2987466,2019-01-06T12:01:18.902Z,19010612,XBTUSD,Sell,307,3826.5,ZeroMinusTick,67dd948c-ea8b-f63f-eff1-33eb1d1bff4b,615195,262
2987480,2019-01-06T12:01:20.413Z,19010612,XBTUSD,Buy,185,3827,ZeroPlusTick,bc708b8c-3bde-7a31-66b3-523ae9308b27,615380,263
2987486,2019-01-06T12:01:20.413Z,19010612,XBTUSD,Buy,5000,3827,ZeroPlusTick,a88eb98c-fb88-721f-9e97-2455ffba813d,620380,264
2987495,2019-01-06T12:01:20.413Z,19010612,XBTUSD,Buy,22,3827,ZeroPlusTick,813c4400-6462-a7ae-de27-a59266443258,620402,265
2987505,2019-01-06T12:01:20.413Z,19010612,XBTUSD,Buy,2000,3827,ZeroPlusTick,f6e64560-3599-118e-ff9d-470bc44343e0,622402,266
2987522,2019-01-06T12:01:20.413Z,19010612,XBTUSD,Buy,10,3827,ZeroPlusTick,c6a90309-a741-1ad5-d15c-bf0c58398d22,622412,267
2987534,2019-01-06T12:01:20.413Z,19010612,XBTUSD,Buy,10,3827,ZeroPlusTick,e824f246-6d24-e068-333a-e52bf12b160c,622422,268
2987551,2019-01-06T12:01:21.587Z,19010612,XBTUSD,Buy,3,3827.5,ZeroPlusTick,bb02e520-0603-0f7a-a096-b592d4d21741,622425,269
2987560,2019-01-06T12:01:22.062Z,19010612,XBTUSD,Buy,30,3827.5,ZeroPlusTick,b8d21d23-483d-4619-6010-85d1d56ececd,622455,270
2987582,2019-01-06T12:01:23.913Z,19010612,XBTUSD,Buy,20,3827.5,ZeroPlusTick,57fd8b51-9419-7dcd-d5bb-44c696f7ce05,622475,271
2987587,2019-01-06T12:01:23.913Z,19010612,XBTUSD,Buy,11,3827.5,ZeroPlusTick,166b7620-0e83-fbc6-c9e5-42dfcee85022,622486,272
2987601,2019-01-06T12:01:23.913Z,19010612,XBTUSD,Buy,11,3827.5,ZeroPlusTick,4965efa6-3fb7-7743-8199-faf9a470984d,622497,273
2987608,2019-01-06T12:01:23.913Z,19010612,XBTUSD,Buy,10,3827.5,ZeroPlusTick,ae2692de-a5c3-e8d9-2f4c-b55d6cde29ba,622507,274
2987620,2019-01-06T12:01:23.913Z,19010612,XBTUSD,Buy,5000,3828,ZeroPlusTick,2fac1a88-2ee1-e4d5-aa21-4a47f93e0256,627507,275
2987633,2019-01-06T12:01:23.913Z,19010612,XBTUSD,Buy,10,3828,ZeroPlusTick,5f5978f0-a6e8-bc67-6b30-c2d356a31635,627517,276
2987645,2019-01-06T12:01:23.913Z,19010612,XBTUSD,Buy,129,3828.5,ZeroPlusTick,9b0ab059-aac3-9120-09a4-111e8dee58f7,627646,277
2987653,2019-01-06T12:01:23.913Z,19010612,XBTUSD,Buy,100,3828.5,ZeroPlusTick,148c064f-a365-d2e4-697b-b526ba625131,627746,278
2987664,2019-01-06T12:01:23.913Z,19010612,XBTUSD,Buy,8000,3828.5,ZeroPlusTick,e2a11c11-1f84-2ec9-26f0-846d2994a09c,635746,279
2987677,2019-01-06T12:01:23.913Z,19010612,XBTUSD,Buy,1000,3829,ZeroPlusTick,df1b15db-e4d2-2c0b-e746-a2d01c8cbfb8,636746,280
2987685,2019-01-06T12:01:23.913Z,19010612,XBTUSD,Buy,1000,3829,ZeroPlusTick,edc99626-6af3-4188-9544-6d886b6f9191,637746,281
2987701,2019-01-06T12:01:23.913Z,19010612,XBTUSD,Buy,51,3829,ZeroPlusTick,8e941ebe-aa47-5ff1-ed09-35dbbffbe540,637797,282
2987705,2019-01-06T12:01:23.913Z,19010612,XBTUSD,Buy,10000,3829,ZeroPlusTick,f280fee9-34bb-7e61-aadb-ad608a54f42d,647797,283
2987225,2019-01-06T12:00:55.651Z,19010612,XBTUSD,Sell,50,3826.5,MinusTick,a6ab72bb-c03a-fd31-250b-823ab3a9853b,647847,284
2987315,2019-01-06T12:01:02.534Z,19010612,XBTUSD,Sell,39,3826.5,ZeroMinusTick,5172a394-50f9-00d0-65e8-d8a30982ed28,647886,285
2987316,2019-01-06T12:01:02.662Z,19010612,XBTUSD,Buy,200,3827,PlusTick,21063610-0d09-8b48-bf63-28fa2c685343,648086,286
2987317,2019-01-06T12:01:02.695Z,19010612,XBTUSD,Sell,60,3826.5,MinusTick,f11d2a49-b680-5813-1905-5e982a917769,648146,287
2987320,2019-01-06T12:01:02.947Z,19010612,XBTUSD,Buy,19598,3827,PlusTick,4edbd68e-e7ff-780e-6b5e-cbbfb9096ce2,667744,288
2987328,2019-01-06T12:01:04.352Z,19010612,XBTUSD,Buy,7251,3827,ZeroPlusTick,34a9d5b4-9033-b933-79ab-e3acf9b948b6,674995,289
2987361,2019-01-06T12:01:06.032Z,19010612,XBTUSD,Sell,2296,3826.5,MinusTick,81c33e74-0da3-0ab0-c2b7-ac1568a5da06,677291,290
2987365,2019-01-06T12:01:07.095Z,19010612,XBTUSD,Buy,5000,3827,ZeroPlusTick,bac0c5b5-6957-c583-bf3b-5642b2fd9bdf,682291,291
2987414,2019-01-06T12:01:13.693Z,19010612,XBTUSD,Buy,100,3827,ZeroPlusTick,0bbd9fb7-6624-c5cb-cc77-61cbbf41bb6d,682391,292
2987425,2019-01-06T12:01:13.693Z,19010612,XBTUSD,Buy,2000,3827,ZeroPlusTick,d231fe35-013f-3e31-ff03-e330fe0ae2d8,684391,293
2987433,2019-01-06T12:01:13.693Z,19010612,XBTUSD,Buy,7647,3827,ZeroPlusTick,4e220cec-a444-02a0-ac54-f9459a90641d,692038,294
2987455,2019-01-06T12:01:18.103Z,19010612,XBTUSD,Buy,14068,3827,PlusTick,c39b6c4e-3f31-4af4-78c8-96fe06835355,706106,295
2987463,2019-01-06T12:01:18.103Z,19010612,XBTUSD,Buy,5264,3827,ZeroPlusTick,8fcf2723-2b16-37d3-72e8-63a5b6d5c0fc,711370,296
2987484,2019-01-06T12:01:20.413Z,19010612,XBTUSD,Buy,50,3827,ZeroPlusTick,149274ec-ca2f-f555-3f53-df96d04af481,711420,297
2987498,2019-01-06T12:01:20.413Z,19010612,XBTUSD,Buy,400,3827,ZeroPlusTick,e78e4776-18e6-cde9-bf9e-cd77e214f8f6,711820,298
2987511,2019-01-06T12:01:20.413Z,19010612,XBTUSD,Buy,50,3827,ZeroPlusTick,2e05cb81-8054-cec4-6c69-b5e1f59041d2,711870,299
2987518,2019-01-06T12:01:20.413Z,19010612,XBTUSD,Buy,40,3827,ZeroPlusTick,2029f368-71bf-9bf6-9bc4-c6900407524c,711910,300
2987530,2019-01-06T12:01:20.413Z,19010612,XBTUSD,Buy,357,3827,ZeroPlusTick,0b5e7f9b-aa69-6f9c-f49a-3ef14541ac2a,712267,301
2987541,2019-01-06T12:01:21.265Z,19010612,XBTUSD,Buy,460,3827.5,ZeroPlusTick,991f9803-2dd3-8522-bd54-94fa10632c1a,712727,302
2987545,2019-01-06T12:01:21.587Z,19010612,XBTUSD,Buy,27,3827.5,ZeroPlusTick,b314ef2a-3885-d16e-2ff7-f11b463d5c44,712754,303
2987559,2019-01-06T12:01:22.062Z,19010612,XBTUSD,Buy,30,3827.5,ZeroPlusTick,8667b178-7613-d95c-4f75-1669084866ae,712784,304
2987577,2019-01-06T12:01:23.913Z,19010612,XBTUSD,Buy,13,3827.5,ZeroPlusTick,825bac5b-3169-f091-725e-260f84cce9e8,712797,305
2987590,2019-01-06T12:01:23.913Z,19010612,XBTUSD,Buy,16,3827.5,ZeroPlusTick,73e6805a-70b6-e684-4be2-63158b6b93c0,712813,306
2987600,2019-01-06T12:01:23.913Z,19010612,XBTUSD,Buy,40,3827.5,ZeroPlusTick,d27aa723-87fa-b0db-eb55-4c2f3f6019a2,712853,307
2987611,2019-01-06T12:01:23.913Z,19010612,XBTUSD,Buy,51,3827.5,ZeroPlusTick,037321c0-1ccc-fea7-5690-8f33efd66bf4,712904,308
2987624,2019-01-06T12:01:23.913Z,19010612,XBTUSD,Buy,10000,3828,ZeroPlusTick,574f577c-ea9b-2864-eaca-8cdaf28feb9b,722904,309
2987635,2019-01-06T12:01:23.913Z,19010612,XBTUSD,Buy,10000,3828,ZeroPlusTick,224d70c5-d478-d47d-6fcf-544bdf4d6f6c,732904,310
2987646,2019-01-06T12:01:23.913Z,19010612,XBTUSD,Buy,460,3828.5,ZeroPlusTick,1d470d04-9568-dc84-1880-854039b47f91,733364,311
2987657,2019-01-06T12:01:23.913Z,19010612,XBTUSD,Buy,200,3828.5,ZeroPlusTick,30ce7ce5-74b7-f51d-e144-f19ab33ebf2d,733564,312
2987661,2019-01-06T12:01:23.913Z,19010612,XBTUSD,Buy,33,3828.5,ZeroPlusTick,7932cb20-8df5-64a7-ec57-83fa314527ce,733597,313
2987671,2019-01-06T12:01:23.913Z,19010612,XBTUSD,Buy,460,3829,ZeroPlusTick,f008cda8-5f8a-32ad-243a-ba884129fd15,734057,314
2987681,2019-01-06T12:01:23.913Z,19010612,XBTUSD,Buy,1059,3829,ZeroPlusTick,fb77cf0a-4d2e-6be7-04a7-fb20f7557e39,735116,315
2987690,2019-01-06T12:01:23.913Z,19010612,XBTUSD,Buy,1000,3829,ZeroPlusTick,58bc3bc7-8f29-6b25-6b4a-46f9da8ed1b2,736116,316
2987702,2019-01-06T12:01:23.913Z,19010612,XBTUSD,Buy,51,3829,ZeroPlusTick,69e895e9-f49b-b8c2-15b4-3be1652f0aff,736167,317
2987709,2019-01-06T12:01:23.913Z,19010612,XBTUSD,Buy,10000,3829.5,PlusTick,45673216-b85d-994e-ddb5-4659cd5c0c2a,746167,318
2987721,2019-01-06T12:01:23.913Z,19010612,XBTUSD,Buy,11,3829.5,ZeroPlusTick,38345ce3-c8b7-fd8e-d72c-0676aaff1f19,746178,319
2987729,2019-01-06T12:01:23.913Z,19010612,XBTUSD,Buy,500,3829.5,ZeroPlusTick,c2efcb5d-ae19-131e-3adc-b43a2db5cb64,746678,320
2987744,2019-01-06T12:01:25.477Z,19010612,XBTUSD,Sell,206,3829,ZeroMinusTick,505ed5a7-196a-c9f4-b717-1dd55490fa42,746884,321
2987793,2019-01-06T12:01:29.429Z,19010612,XBTUSD,Sell,307,3829,ZeroMinusTick,169835f4-3da2-3b78-d58a-f5091fcd5029,747191,322
2987412,2019-01-06T12:01:13.693Z,19010612,XBTUSD,Buy,800,3827,ZeroPlusTick,3dc77601-360c-8147-99cb-bce42a7971b9,747991,323
2987420,2019-01-06T12:01:13.693Z,19010612,XBTUSD,Buy,120,3827,ZeroPlusTick,afcd8365-4025-e458-7e5c-c7ee9b65c311,748111,324
2987430,2019-01-06T12:01:13.693Z,19010612,XBTUSD,Buy,500,3827,ZeroPlusTick,c7bb9396-1628-e091-73be-d029f2009a78,748611,325
2987441,2019-01-06T12:01:16.335Z,19010612,XBTUSD,Buy,869,3827,PlusTick,956a6ee9-3125-52de-9622-4fd317ddd098,749480,326
2987449,2019-01-06T12:01:17.023Z,19010612,XBTUSD,Buy,36032,3827,ZeroPlusTick,cc60b4cb-b71e-c32c-c6bd-e47e4f7ac464,785512,327
2987450,2019-01-06T12:01:17.041Z,19010612,XBTUSD,Sell,1000,3826.5,MinusTick,1d51b147-a27f-6404-e744-75353ed577bf,786512,328
2987451,2019-01-06T12:01:17.240Z,19010612,XBTUSD,Sell,20,3826.5,ZeroMinusTick,9d581521-6ca6-d9ed-16a2-aab095d8e59b,786532,329
2987458,2019-01-06T12:01:18.103Z,19010612,XBTUSD,Buy,500,3827,ZeroPlusTick,2f75eb40-b07d-f21e-2f87-e1f5353bbd7a,787032,330
2987474,2019-01-06T12:01:20.129Z,19010612,XBTUSD,Buy,2000,3827,ZeroPlusTick,616379d7-67c4-c08d-7ba5-4c9d618e2294,789032,331
2987481,2019-01-06T12:01:20.413Z,19010612,XBTUSD,Buy,960,3827,ZeroPlusTick,1630e988-4f18-df4d-e53f-b2ad3d9cef89,789992,332
2987492,2019-01-06T12:01:20.413Z,19010612,XBTUSD,Buy,62,3827,ZeroPlusTick,33fd1619-fb12-dac1-fbd5-9030a6856a58,790054,333
2987502,2019-01-06T12:01:20.413Z,19010612,XBTUSD,Buy,230,3827,ZeroPlusTick,176984cb-da28-972a-fd7c-bdda48488b1f,790284,334
2987508,2019-01-06T12:01:20.413Z,19010612,XBTUSD,Buy,2000,3827,ZeroPlusTick,282fa742-73b4-c049-e3e2-59657f2a1bcb,792284,335
2987521,2019-01-06T12:01:20.413Z,19010612,XBTUSD,Buy,11,3827,ZeroPlusTick,5887d755-597e-a67c-fcf6-82b07339a2cb,792295,336
2987529,2019-01-06T12:01:20.413Z,19010612,XBTUSD,Buy,30,3827,ZeroPlusTick,9efe2d92-a5f7-5681-7ec7-bbbe640fa8b3,792325,337
2987539,2019-01-06T12:01:21.265Z,19010612,XBTUSD,Buy,11,3827.5,PlusTick,d70cf648-33f3-86d1-76f5-1e79ab3b7f03,792336,338
2987546,2019-01-06T12:01:21.587Z,19010612,XBTUSD,Buy,3,3827.5,ZeroPlusTick,c48d7fd9-14f6-a6cb-2f85-c66146bc17ed,792339,339
2987561,2019-01-06T12:01:22.062Z,19010612,XBTUSD,Buy,500,3827.5,ZeroPlusTick,0fe5aebf-20cd-76f2-e918-863e27b7bc8d,792839,340
2987581,2019-01-06T12:01:23.913Z,19010612,XBTUSD,Buy,10,3827.5,ZeroPlusTick,1218a779-2ab5-ec2b-bc1f-6c088284134d,792849,341
2987586,2019-01-06T12:01:23.913Z,19010612,XBTUSD,Buy,10,3827.5,ZeroPlusTick,8a8cc2c0-5cda-fa33-598b-465ec91d0828,792859,342
2987596,2019-01-06T12:01:23.913Z,19010612,XBTUSD,Buy,17,3827.5,ZeroPlusTick,55d0b99a-638b-acf6-28da-d343c842b10c,792876,343
2987606,2019-01-06T12:01:23.913Z,19010612,XBTUSD,Buy,10,3827.5,ZeroPlusTick,6d179bbb-4420-62a9-afb3-06038c0903fd,792886,344
2987616,2019-01-06T12:01:23.913Z,19010612,XBTUSD,Buy,129,3828,ZeroPlusTick,c68be222-7ee4-dd8a-c301-5258b21df7a7,793015,345
2987618,2019-01-06T12:01:23.913Z,19010612,XBTUSD,Buy,100,3828,ZeroPlusTick,afdce2f5-1ad3-dd3b-bc50-5968bbdc46fe,793115,346
2987636,2019-01-06T12:01:23.913Z,19010612,XBTUSD,Buy,25000,3828,ZeroPlusTick,a9880514-3300-3843-7927-431dde6b66d6,818115,347
2987640,2019-01-06T12:01:23.913Z,19010612,XBTUSD,Buy,3126,3828,ZeroPlusTick,da18b830-5da6-65cc-e371-e8c0a1d67412,821241,348
2987655,2019-01-06T12:01:23.913Z,19010612,XBTUSD,Buy,1000,3828.5,ZeroPlusTick,2bdbe32b-205d-c601-3216-f83234b5b868,822241,349
2987665,2019-01-06T12:01:23.913Z,19010612,XBTUSD,Buy,100,3828.5,ZeroPlusTick,c5c4677b-4184-99e5-5b50-5d81c322a9e0,822341,350
2987675,2019-01-06T12:01:23.913Z,19010612,XBTUSD,Buy,200,3829,ZeroPlusTick,30d6acc6-852e-e6c1-6422-6857072409c7,822541,351
2987689,2019-01-06T12:01:23.913Z,19010612,XBTUSD,Buy,5000,3829,ZeroPlusTick,a6664d9a-e99e-e8b0-017b-3266f5e14d6e,827541,352
2987694,2019-01-06T12:01:23.913Z,19010612,XBTUSD,Buy,300,3829,ZeroPlusTick,bdd03a45-9d16-8c80-6538-79a0c643242a,827841,353
2987704,2019-01-06T12:01:23.913Z,19010612,XBTUSD,Buy,50,3829,ZeroPlusTick,2eb51320-3b49-1158-3336-11c10df6a6f1,827891,354
2987714,2019-01-06T12:01:23.913Z,19010612,XBTUSD,Buy,460,3829.5,ZeroPlusTick,6d16c9be-e1d1-f5d1-7822-1c5925cfecc2,828351,355
2987724,2019-01-06T12:01:23.913Z,19010612,XBTUSD,Buy,11,3829.5,ZeroPlusTick,84a3c10b-055a-2a7d-79ac-dbfc89146d2c,828362,356
2987731,2019-01-06T12:01:23.913Z,19010612,XBTUSD,Buy,700,3829.5,ZeroPlusTick,488a02dd-e7ef-72fd-2a48-6d90044bad1b,829062,357
2987738,2019-01-06T12:01:25.252Z,19010612,XBTUSD,Buy,50,3829.5,ZeroPlusTick,cea17af6-8221-4001-1131-4a0e84040f7d,829112,358
2987749,2019-01-06T12:01:25.602Z,19010612,XBTUSD,Sell,613,3829,MinusTick,1ff864da-c003-bc44-26f0-4e6ce770c472,829725,359
2987750,2019-01-06T12:01:25.902Z,19010612,XBTUSD,Sell,172,3829,ZeroMinusTick,bfd484db-23ca-5ea2-5ef7-62f4e438c9b7,829897,360
2987751,2019-01-06T12:01:26.049Z,19010612,XBTUSD,Buy,500,3829.5,PlusTick,ba3dfb75-a247-8fa0-94bf-348dec69e684,830397,361
2987752,2019-01-06T12:01:27.092Z,19010612,XBTUSD,Sell,258,3829,MinusTick,878fd3bf-b4ea-49d7-abb7-26c9e667075a,830655,362
2987325,2019-01-06T12:01:03.454Z,19010612,XBTUSD,Buy,30832,3827,ZeroPlusTick,142920b3-9483-c907-88a1-7da6a3cea99d,861487,363
2987329,2019-01-06T12:01:04.352Z,19010612,XBTUSD,Buy,11,3827,ZeroPlusTick,e8620ea5-948b-91f9-6a31-944976937cfa,861498,364
2987363,2019-01-06T12:01:06.331Z,19010612,XBTUSD,Buy,10000,3827,PlusTick,a3c72a20-9300-7bd8-c596-970cb8fb0d94,871498,365
2987384,2019-01-06T12:01:08.813Z,19010612,XBTUSD,Sell,11000,3826.5,MinusTick,496b37a7-e5ac-49cc-07c3-4438ac0b21c7,882498,366
2987387,2019-01-06T12:01:09.105Z,19010612,XBTUSD,Buy,268,3827,ZeroPlusTick,bdfb602d-a99d-cbfb-f4bf-db8f8ddfdcbe,882766,367
2987418,2019-01-06T12:01:13.693Z,19010612,XBTUSD,Buy,100,3827,ZeroPlusTick,3f869775-9e6d-9781-3f9a-4459cb8bfe25,882866,368
2987424,2019-01-06T12:01:13.693Z,19010612,XBTUSD,Buy,11,3827,ZeroPlusTick,599a7b7c-ffad-ab64-1444-5bc00aee1c4e,882877,369
2987457,2019-01-06T12:01:18.103Z,19010612,XBTUSD,Buy,2,3827,ZeroPlusTick,631528f1-a4e3-8dd1-1f01-deca3612438b,882879,370
2987467,2019-01-06T12:01:18.908Z,19010612,XBTUSD,Buy,10000,3827,PlusTick,c5694e30-64ed-860f-4ca4-36d9f360e77f,892879,371
2987468,2019-01-06T12:01:19.270Z,19010612,XBTUSD,Sell,1531,3826.5,MinusTick,36eba196-ab68-ee62-0ab8-96c8df5b54dd,894410,372
2987479,2019-01-06T12:01:20.413Z,19010612,XBTUSD,Buy,10,3827,ZeroPlusTick,5820bf8b-5441-fb0d-226b-c83a91d8eba3,894420,373
2987489,2019-01-06T12:01:20.413Z,19010612,XBTUSD,Buy,71,3827,ZeroPlusTick,5e7a9dc0-db30-ae60-0c48-05f42bd9961c,894491,374
2987497,2019-01-06T12:01:20.413Z,19010612,XBTUSD,Buy,10,3827,ZeroPlusTick,1cd1dded-8a06-900a-8f00-3edb7c4863d2,894501,375
2987510,2019-01-06T12:01:20.413Z,19010612,XBTUSD,Buy,404,3827,ZeroPlusTick,167f9e1a-3ae9-7031-07e1-f4553e7cf79c,894905,376
2987519,2019-01-06T12:01:20.413Z,19010612,XBTUSD,Buy,10,3827,ZeroPlusTick,407f4dbf-ed45-a2f1-03cb-5ba72456a15c,894915,377
2987528,2019-01-06T12:01:20.413Z,19010612,XBTUSD,Buy,120,3827,ZeroPlusTick,9075276d-5a5e-b4ed-6a38-66fc0ab7ec6b,895035,378
2987536,2019-01-06T12:01:20.413Z,19010612,XBTUSD,Buy,10,3827,ZeroPlusTick,93ea3a37-ea87-1caa-8db5-a3a4646fd096,895045,379
2987548,2019-01-06T12:01:21.587Z,19010612,XBTUSD,Buy,11,3827.5,ZeroPlusTick,1de54bec-59b7-7737-bde0-1a356b1bf486,895056,380
2987563,2019-01-06T12:01:22.062Z,19010612,XBTUSD,Buy,100,3827.5,ZeroPlusTick,dc72571b-212d-5135-dc3f-a57d2529c076,895156,381
2987569,2019-01-06T12:01:22.564Z,19010612,XBTUSD,Buy,104,3827.5,ZeroPlusTick,738cb361-6299-26d9-33e1-b2a7107c8062,895260,382
2987570,2019-01-06T12:01:22.864Z,19010612,XBTUSD,Buy,436,3827.5,ZeroPlusTick,c41b773b-be61-d1e1-0087-4450d84a46ab,895696,383
2987583,2019-01-06T12:01:23.913Z,19010612,XBTUSD,Buy,170,3827.5,ZeroPlusTick,769656b1-e08c-8c1f-536f-7514a1a2c945,895866,384
2987591,2019-01-06T12:01:23.913Z,19010612,XBTUSD,Buy,21,3827.5,ZeroPlusTick,97db5bb8-b906-f439-20ec-136dd88b7c8d,895887,385
2987598,2019-01-06T12:01:23.913Z,19010612,XBTUSD,Buy,50,3827.5,ZeroPlusTick,a3135c1f-c5eb-11c3-f490-a9a301455a9e,895937,386
2987610,2019-01-06T12:01:23.913Z,19010612,XBTUSD,Buy,460,3827.5,ZeroPlusTick,2975b94c-1700-7e90-5e71-f54e6621ff83,896397,387
2987622,2019-01-06T12:01:23.913Z,19010612,XBTUSD,Buy,11,3828,ZeroPlusTick,28171676-6e68-37eb-bcbc-2bac6e7f5252,896408,388
2987630,2019-01-06T12:01:23.913Z,19010612,XBTUSD,Buy,122,3828,ZeroPlusTick,9f8103a9-74fe-2b67-d95f-fadfb38fbcb7,896530,389
2987641,2019-01-06T12:01:23.913Z,19010612,XBTUSD,Buy,50,3828,ZeroPlusTick,9737663e-23e4-3f02-34ec-0a7fe8465ebc,896580,390
2987658,2019-01-06T12:01:23.913Z,19010612,XBTUSD,Buy,1,3828.5,ZeroPlusTick,db9cbe8a-a8f7-bce1-947f-5fa4459a4d5a,896581,391
2987666,2019-01-06T12:01:23.913Z,19010612,XBTUSD,Buy,100,3828.5,ZeroPlusTick,02454a7e-2c26-15eb-b408-da82bcfa06d0,896681,392
2987679,2019-01-06T12:01:23.913Z,19010612,XBTUSD,Buy,500,3829,ZeroPlusTick,3ca9b4be-db50-b4e0-eb54-67d5a5e100f6,897181,393
2987688,2019-01-06T12:01:23.913Z,19010612,XBTUSD,Buy,4000,3829,ZeroPlusTick,0d56201a-5776-7a0f-d2dc-c707208e5a29,901181,394
2987695,2019-01-06T12:01:23.913Z,19010612,XBTUSD,Buy,4700,3829,ZeroPlusTick,5d614ae3-aded-1ff1-cdae-edd557ef3996,905881,395
2987712,2019-01-06T12:01:23.913Z,19010612,XBTUSD,Buy,5000,3829.5,ZeroPlusTick,a0dbeaa5-0c69-481a-1258-20a57a8ef3c8,910881,396
2987723,2019-01-06T12:01:23.913Z,19010612,XBTUSD,Buy,158,3829.5,ZeroPlusTick,e944c35c-7884-afc8-6d48-1af47294de2f,911039,397
2987727,2019-01-06T12:01:23.913Z,19010612,XBTUSD,Buy,1059,3829.5,ZeroPlusTick,ee860d7f-d971-68d6-df0e-53b8f5befdc2,912098,398
2987741,2019-01-06T12:01:25.477Z,19010612,XBTUSD,Sell,90,3829,ZeroMinusTick,e24cc655-5cd6-edb4-dd39-97b5f0bdfed0,912188,399
2987794,2019-01-06T12:01:30.638Z,19010612,XBTUSD,Buy,2500,3829.5,PlusTick,5409721f-9ef8-8130-efe7-a686f81872b5,914688,400
2987810,2019-01-06T12:01:31.131Z,19010612,XBTUSD,Sell,100,3829,ZeroMinusTick,c47a0c7f-e7f8-b2dc-e713-acec8da60a4f,914788,401
2987820,2019-01-06T12:01:31.131Z,19010612,XBTUSD,Sell,5000,3829,ZeroMinusTick,0eb8c7e5-da82-033c-adb2-d9ce0048db08,919788,402
2987288,2019-01-06T12:00:58.609Z,19010612,XBTUSD,Buy,5,3827,ZeroPlusTick,cfe8f617-bb6f-f058-614c-f48700833f35,919793,403
2987331,2019-01-06T12:01:04.542Z,19010612,XBTUSD,Sell,1569,3826.5,MinusTick,6c2ddcc9-f6bb-65a6-590d-4b8170b5a095,921362,404
2987398,2019-01-06T12:01:09.957Z,19010612,XBTUSD,Buy,1000,3827,ZeroPlusTick,cae3c92b-9991-8b64-6094-b685fdc55d70,922362,405
2987409,2019-01-06T12:01:13.693Z,19010612,XBTUSD,Buy,29227,3827,PlusTick,8bd32ad5-1224-e558-ba6b-2cbe089031f2,951589,406
2987419,2019-01-06T12:01:13.693Z,19010612,XBTUSD,Buy,131,3827,ZeroPlusTick,cd5b89a7-75e4-9fdc-c67b-b84b9f10ec0a,951720,407
2987429,2019-01-06T12:01:13.693Z,19010612,XBTUSD,Buy,10,3827,ZeroPlusTick,2b0bc114-457a-243b-a116-798de539fd37,951730,408
2987442,2019-01-06T12:01:16.335Z,19010612,XBTUSD,Buy,4131,3827,ZeroPlusTick,af6a8324-696d-efff-1d04-9f7d1d559686,955861,409
2987444,2019-01-06T12:01:16.708Z,19010612,XBTUSD,Sell,200,3826.5,MinusTick,75d58100-55d6-624b-3073-7b0bde59f90f,956061,410
2987445,2019-01-06T12:01:16.725Z,19010612,XBTUSD,Sell,200,3826.5,ZeroMinusTick,c22d525b-165f-90a2-71c7-93e06d53fe27,956261,411
2987446,2019-01-06T12:01:16.812Z,19010612,XBTUSD,Sell,200,3826.5,ZeroMinusTick,b5e6a9d2-7f9e-90fb-0d81-e5a4980dd5ff,956461,412
2987447,2019-01-06T12:01:16.878Z,19010612,XBTUSD,Buy,5000,3827,PlusTick,bf1c46d5-3447-8d24-2580-24c61e3d6299,961461,413
2987448,2019-01-06T12:01:17.023Z,19010612,XBTUSD,Buy,7968,3827,ZeroPlusTick,ccc35ed9-f925-d488-9729-92d99e5311aa,969429,414
2987452,2019-01-06T12:01:17.262Z,19010612,XBTUSD,Sell,2400,3826.5,ZeroMinusTick,8ebcd65a-bdfc-caba-d9dc-17703a9fcd52,971829,415
2987453,2019-01-06T12:01:17.291Z,19010612,XBTUSD,Sell,33,3826.5,ZeroMinusTick,196017f0-d822-4ca8-e50d-9b4e22ff83cc,971862,416
2987465,2019-01-06T12:01:18.635Z,19010612,XBTUSD,Sell,4000,3826.5,ZeroMinusTick,e7f719e5-8cc2-3e18-d657-aa524f2c6795,975862,417
2987470,2019-01-06T12:01:19.675Z,19010612,XBTUSD,Buy,4922,3827,PlusTick,aee54291-846b-6335-55f0-8ce7177689d6,980784,418
2987475,2019-01-06T12:01:20.413Z,19010612,XBTUSD,Buy,77248,3827,ZeroPlusTick,a659de7d-4c70-56fb-5ff8-46bd87b67d8f,1058032,419
2987483,2019-01-06T12:01:20.413Z,19010612,XBTUSD,Buy,71,3827,ZeroPlusTick,f095f42c-a0a5-6ed1-2eab-79dfdd3fc42e,1058103,420
2987494,2019-01-06T12:01:20.413Z,19010612,XBTUSD,Buy,100,3827,ZeroPlusTick,9c803f28-d2fe-f23b-f230-f6cc9dbdb692,1058203,421
2987507,2019-01-06T12:01:20.413Z,19010612,XBTUSD,Buy,10,3827,ZeroPlusTick,a4ac6811-ecf6-5ddd-2ae1-f624f11cc505,1058213,422
2987516,2019-01-06T12:01:20.413Z,19010612,XBTUSD,Buy,12,3827,ZeroPlusTick,8b56edf7-5e10-b53c-25e9-18420efe17be,1058225,423
2987527,2019-01-06T12:01:20.413Z,19010612,XBTUSD,Buy,460,3827,ZeroPlusTick,e6afcd76-f3e9-b171-3fbe-9d74f1ed8764,1058685,424
2987537,2019-01-06T12:01:20.413Z,19010612,XBTUSD,Buy,21,3827,ZeroPlusTick,1d592f38-a8e5-5ad0-f9cc-9b34e3621b39,1058706,425
2987540,2019-01-06T12:01:21.265Z,19010612,XBTUSD,Buy,168,3827.5,ZeroPlusTick,dbaa6a23-d356-7328-dd02-255be96afe48,1058874,426
2987543,2019-01-06T12:01:21.587Z,19010612,XBTUSD,Buy,901,3827.5,ZeroPlusTick,e8570a35-d0f0-09eb-2439-9c9464f59138,1059775,427
2987553,2019-01-06T12:01:21.587Z,19010612,XBTUSD,Buy,30,3827.5,ZeroPlusTick,f1d6fe36-fa53-2fb0-29d5-4cd2e0e98e64,1059805,428
2987558,2019-01-06T12:01:22.062Z,19010612,XBTUSD,Buy,4000,3827.5,ZeroPlusTick,87481716-c1d3-ac8c-3b06-027f994e2c87,1063805,429
2987572,2019-01-06T12:01:23.148Z,19010612,XBTUSD,Buy,815,3827.5,ZeroPlusTick,5d94ba1c-92dc-bfc8-5f02-8bd645f440a0,1064620,430
2987574,2019-01-06T12:01:23.913Z,19010612,XBTUSD,Buy,606,3827.5,ZeroPlusTick,89b5fff3-df40-4102-8c71-4d0691d5dbe6,1065226,431
2987584,2019-01-06T12:01:23.913Z,19010612,XBTUSD,Buy,56,3827.5,ZeroPlusTick,e3f6fbba-9a65-5008-ef1f-4ad298700ae5,1065282,432
2987594,2019-01-06T12:01:23.913Z,19010612,XBTUSD,Buy,10,3827.5,ZeroPlusTick,74741201-5d23-aac6-0c9b-541c76c5854e,1065292,433
2987602,2019-01-06T12:01:23.913Z,19010612,XBTUSD,Buy,10,3827.5,ZeroPlusTick,69355be0-c085-1861-ab5a-67d12c3c040a,1065302,434
2987615,2019-01-06T12:01:23.913Z,19010612,XBTUSD,Buy,11,3828,PlusTick,26c96736-7283-3497-df76-0463ca43ef31,1065313,435
2987626,2019-01-06T12:01:23.913Z,19010612,XBTUSD,Buy,1000,3828,ZeroPlusTick,683fcc27-026b-be7a-0a0e-614e843c06fb,1066313,436
2987628,2019-01-06T12:01:23.913Z,19010612,XBTUSD,Buy,1000,3828,ZeroPlusTick,630ff6f0-12f8-d542-d975-4ac1f26d0d0d,1067313,437
2987638,2019-01-06T12:01:23.913Z,19010612,XBTUSD,Buy,1120,3828,ZeroPlusTick,5c5a4241-2994-ed65-a19b-054301d18c86,1068433,438
2987648,2019-01-06T12:01:23.913Z,19010612,XBTUSD,Buy,27,3828.5,ZeroPlusTick,a6602cee-83a6-6bb7-7bf5-3df12b867ca9,1068460,439
2987652,2019-01-06T12:01:23.913Z,19010612,XBTUSD,Buy,158,3828.5,ZeroPlusTick,8ed63b56-34f5-62a4-2d13-d6bc698f8030,1068618,440
2987667,2019-01-06T12:01:23.913Z,19010612,XBTUSD,Buy,3,3828.5,ZeroPlusTick,23c546fc-cd71-0e4e-35d4-0d72d1ed5d43,1068621,441
2987673,2019-01-06T12:01:23.913Z,19010612,XBTUSD,Buy,129,3829,ZeroPlusTick,763811e1-33f4-32e6-7151-7709629caa53,1068750,442
2987691,2019-01-06T12:01:23.913Z,19010612,XBTUSD,Buy,275,3829,ZeroPlusTick,90545674-3cf4-257c-f9d1-cdfce4f61c46,1069025,443
2987700,2019-01-06T12:01:23.913Z,19010612,XBTUSD,Buy,1000,3829,ZeroPlusTick,e2214214-9266-02e3-ee02-3f478c1ae528,1070025,444
2987713,2019-01-06T12:01:23.913Z,19010612,XBTUSD,Buy,100,3829.5,ZeroPlusTick,50fad078-2140-abfe-1055-49e89d0699e5,1070125,445
2987716,2019-01-06T12:01:23.913Z,19010612,XBTUSD,Buy,30,3829.5,ZeroPlusTick,2a835f8b-5b91-06c5-7672-147ecc305865,1070155,446
2987726,2019-01-06T12:01:23.913Z,19010612,XBTUSD,Buy,11,3829.5,ZeroPlusTick,299c936a-3537-eb96-74e9-815269bb0bbc,1070166,447
2987740,2019-01-06T12:01:25.477Z,19010612,XBTUSD,Sell,15,3829,ZeroMinusTick,12bbc8da-ea71-72a9-81c8-2c1b990da244,1070181,448
2987403,2019-01-06T12:01:11.274Z,19010612,XBTUSD,Buy,2040,3827,PlusTick,494caeb9-7ee9-136c-5380-896c110c28d1,1072221,449
2987417,2019-01-06T12:01:13.693Z,19010612,XBTUSD,Buy,30,3827,ZeroPlusTick,f340807b-d5fa-82b3-66b2-fc05c4e89f99,1072251,450
2987421,2019-01-06T12:01:13.693Z,19010612,XBTUSD,Buy,300,3827,ZeroPlusTick,d73bad7f-1899-fab7-ef77-8f5dbcfe6f37,1072551,451
2987462,2019-01-06T12:01:18.103Z,19010612,XBTUSD,Buy,28,3827,ZeroPlusTick,49143a7f-f565-8a3c-22e0-5fbca0721dd5,1072579,452
2987473,2019-01-06T12:01:20.035Z,19010612,XBTUSD,Buy,5,3827,ZeroPlusTick,a246bb6d-5889-805e-e60e-660099b125bf,1072584,453
2987485,2019-01-06T12:01:20.413Z,19010612,XBTUSD,Buy,50,3827,ZeroPlusTick,dd572fe2-9cf7-957e-e120-b43a52103c9b,1072634,454
2987496,2019-01-06T12:01:20.413Z,19010612,XBTUSD,Buy,10,3827,ZeroPlusTick,d34e3b9f-b966-f3b0-76c5-7d9d1615164c,1072644,455
2987506,2019-01-06T12:01:20.413Z,19010612,XBTUSD,Buy,5000,3827,ZeroPlusTick,a5f0d7b1-2c64-b05f-d897-82a3039f4c66,1077644,456
2987520,2019-01-06T12:01:20.413Z,19010612,XBTUSD,Buy,10,3827,ZeroPlusTick,02fb71ec-4814-99be-714b-21c2e27e0d9b,1077654,457
2987533,2019-01-06T12:01:20.413Z,19010612,XBTUSD,Buy,482,3827,ZeroPlusTick,748369e9-f3eb-9b0a-0a52-3e0dee9f6a54,1078136,458
2987550,2019-01-06T12:01:21.587Z,19010612,XBTUSD,Buy,30,3827.5,ZeroPlusTick,91516792-8b61-0a85-d793-b083fa173c4e,1078166,459
2987565,2019-01-06T12:01:22.062Z,19010612,XBTUSD,Buy,300,3827.5,ZeroPlusTick,9c8dc98b-ed20-1bc9-f53e-edfa9bb3a6ac,1078466,460
2987578,2019-01-06T12:01:23.913Z,19010612,XBTUSD,Buy,10,3827.5,ZeroPlusTick,301b1ca0-2cd7-deee-374d-5f334966b608,1078476,461
2987593,2019-01-06T12:01:23.913Z,19010612,XBTUSD,Buy,16,3827.5,ZeroPlusTick,7d636fd5-9f53-347a-03b7-bad7e7193960,1078492,462
2987597,2019-01-06T12:01:23.913Z,19010612,XBTUSD,Buy,14,3827.5,ZeroPlusTick,6bcadcea-c795-641b-c86f-8000a3c7f443,1078506,463
2987609,2019-01-06T12:01:23.913Z,19010612,XBTUSD,Buy,120,3827.5,ZeroPlusTick,ac1ead9f-d7da-f836-9c35-cb65dba4450f,1078626,464
2987621,2019-01-06T12:01:23.913Z,19010612,XBTUSD,Buy,11,3828,ZeroPlusTick,0fcd098f-fb3f-35eb-c2d8-6c9932dafa31,1078637,465
2987634,2019-01-06T12:01:23.913Z,19010612,XBTUSD,Buy,100,3828,ZeroPlusTick,2c9c7a9d-9c02-fc54-a5a3-31f4474209e8,1078737,466
2987644,2019-01-06T12:01:23.913Z,19010612,XBTUSD,Buy,11,3828.5,PlusTick,115c7b65-e46c-bb1b-8978-f2c8b83ee69a,1078748,467
2987654,2019-01-06T12:01:23.913Z,19010612,XBTUSD,Buy,4000,3828.5,ZeroPlusTick,05d80fe0-adfa-f871-64df-1cbd196cc690,1082748,468
2987669,2019-01-06T12:01:23.913Z,19010612,XBTUSD,Buy,91,3828.5,ZeroPlusTick,65446c2e-1d3d-81f2-d919-1821997aa49b,1082839,469
2987672,2019-01-06T12:01:23.913Z,19010612,XBTUSD,Buy,100,3829,ZeroPlusTick,48bae6a1-d4f1-bdd3-69bd-d8833b29090b,1082939,470
2987682,2019-01-06T12:01:23.913Z,19010612,XBTUSD,Buy,38290,3829,ZeroPlusTick,0f954987-4cc6-5fad-b0e8-47d8760deb06,1121229,471
2987692,2019-01-06T12:01:23.913Z,19010612,XBTUSD,Buy,80,3829,ZeroPlusTick,ebb81710-3f4f-fcb0-7a30-6f60e4975d61,1121309,472
2987697,2019-01-06T12:01:23.913Z,19010612,XBTUSD,Buy,53,3829,ZeroPlusTick,177be9cc-50d4-8551-ce5a-24b3b0eec0e7,1121362,473
2987706,2019-01-06T12:01:23.913Z,19010612,XBTUSD,Buy,8000,3829,ZeroPlusTick,75639d4f-c829-5111-d1d9-22d7c942b666,1129362,474
2987722,2019-01-06T12:01:23.913Z,19010612,XBTUSD,Buy,129,3829.5,ZeroPlusTick,706d4b00-3819-ef5c-8f4f-318e9dfd8516,1129491,475
2987743,2019-01-06T12:01:25.477Z,19010612,XBTUSD,Sell,75,3829,ZeroMinusTick,2d43b283-4251-8764-1383-a975413e068b,1129566,476
2987802,2019-01-06T12:01:30.918Z,19010612,XBTUSD,Buy,157,3829.5,ZeroPlusTick,d68a279a-f40a-78ac-624a-2d94a20dbf77,1129723,477
2987815,2019-01-06T12:01:31.131Z,19010612,XBTUSD,Sell,5000,3829,ZeroMinusTick,855335ac-4c7a-40fb-b016-646e9758bf14,1134723,478
2987828,2019-01-06T12:01:31.131Z,19010612,XBTUSD,Sell,8000,3829,ZeroMinusTick,dfef4fe5-2a2d-3ace-02db-24b7070919d2,1142723,479
2987832,2019-01-06T12:01:31.545Z,19010612,XBTUSD,Sell,613,3829,ZeroMinusTick,1a6ee7b2-308f-8fc9-3dfd-928063f8954d,1143336,480
2987833,2019-01-06T12:01:31.743Z,19010612,XBTUSD,Buy,3801,3829.5,PlusTick,495fa90f-4af4-60e2-4bad-35e288ec6f17,1147137,481
2987834,2019-01-06T12:01:31.867Z,19010612,XBTUSD,Buy,871,3829.5,ZeroPlusTick,319d0115-459b-67ae-bc8e-1884652d3910,1148008,482
2987837,2019-01-06T12:01:31.886Z,19010612,XBTUSD,Buy,1333,3829.5,ZeroPlusTick,6c132f3b-b89f-74c1-d53e-f6b96e0c0613,1149341,483
2987863,2019-01-06T12:01:32.656Z,19010612,XBTUSD,Sell,618,3829,ZeroMinusTick,2a9ce83d-0676-a755-c4b0-6b34aaf534e0,1149959,484
2987867,2019-01-06T12:01:32.656Z,19010612,XBTUSD,Sell,2062,3829,ZeroMinusTick,35d12f81-be1e-dac5-d6c8-490f514f8dc4,1152021,485
2987876,2019-01-06T12:01:32.656Z,19010612,XBTUSD,Sell,100,3829,ZeroMinusTick,53848d95-cb2b-eeed-c855-faca878ac166,1152121,486
2987886,2019-01-06T12:01:32.656Z,19010612,XBTUSD,Sell,10000,3829,ZeroMinusTick,ccf87a00-43c8-000d-452b-4555919aa2d0,1162121,487
2987900,2019-01-06T12:01:33.118Z,19010612,XBTUSD,Buy,150,3829.5,ZeroPlusTick,d294cbc7-fcf0-b730-9f5f-c35be09d766e,1162271,488
2987904,2019-01-06T12:01:33.595Z,19010612,XBTUSD,Sell,4000,3829,ZeroMinusTick,bfc0ef9e-8d80-24eb-00ef-6b0b4ed38863,1166271,489
2987914,2019-01-06T12:01:33.595Z,19010612,XBTUSD,Sell,191,3829,ZeroMinusTick,3d497f14-38b9-fe52-9d45-bef5efe1bed9,1166462,490
2987925,2019-01-06T12:01:33.595Z,19010612,XBTUSD,Sell,100,3829,ZeroMinusTick,e7f7f5fd-47bc-b91c-4684-236796ad8f0d,1166562,491
2987936,2019-01-06T12:01:33.595Z,19010612,XBTUSD,Sell,2062,3829,ZeroMinusTick,2173f2ac-861b-8a8e-7f5d-29783ff939a9,1168624,492
2987945,2019-01-06T12:01:33.595Z,19010612,XBTUSD,Sell,618,3829,ZeroMinusTick,1dfdd230-1346-d34b-755d-15e5cf4562f0,1169242,493
2987955,2019-01-06T12:01:33.595Z,19010612,XBTUSD,Sell,555,3829,ZeroMinusTick,45e11f23-7c55-f05b-9fdc-40c92a831cbf,1169797,494
2987557,2019-01-06T12:01:22.062Z,19010612,XBTUSD,Buy,13,3827.5,ZeroPlusTick,32cf2825-c88d-26fe-6837-8bb271e760fa,1169810,495
2987579,2019-01-06T12:01:23.913Z,19010612,XBTUSD,Buy,10,3827.5,ZeroPlusTick,0502a10f-a81b-f3fd-0e95-7be1f86fb33a,1169820,496
2987585,2019-01-06T12:01:23.913Z,19010612,XBTUSD,Buy,367,3827.5,ZeroPlusTick,45c8b907-7c92-15bc-c1e5-f8f88bbad007,1170187,497
2987595,2019-01-06T12:01:23.913Z,19010612,XBTUSD,Buy,10,3827.5,ZeroPlusTick,75238814-cc48-1318-7d91-609b0eb9f4c7,1170197,498
2987605,2019-01-06T12:01:23.913Z,19010612,XBTUSD,Buy,10,3827.5,ZeroPlusTick,fea69434-83b8-de26-cda8-b7eebd00fbee,1170207,499
2987607,2019-01-06T12:01:23.913Z,19010612,XBTUSD,Buy,18,3827.5,ZeroPlusTick,1a75ef77-bfb6-c02f-d975-68d9015c97c6,1170225,500
2987617,2019-01-06T12:01:23.913Z,19010612,XBTUSD,Buy,460,3828,ZeroPlusTick,1cf42106-e7f8-4972-3b35-66f3cd084d75,1170685,501
2987627,2019-01-06T12:01:23.913Z,19010612,XBTUSD,Buy,10000,3828,ZeroPlusTick,1b05ac81-0f0b-267d-1790-bcfd3954b418,1180685,502
2987637,2019-01-06T12:01:23.913Z,19010612,XBTUSD,Buy,1250,3828,ZeroPlusTick,37745760-d078-a0ec-ebc0-f8439eac33e6,1181935,503
2987643,2019-01-06T12:01:23.913Z,19010612,XBTUSD,Buy,71,3828,ZeroPlusTick,3c5bd05a-cb0e-568d-7f3a-808bc0053a87,1182006,504
2987650,2019-01-06T12:01:23.913Z,19010612,XBTUSD,Buy,11,3828.5,ZeroPlusTick,93c9bf92-c168-a2f8-adb9-396dd570a268,1182017,505
2987660,2019-01-06T12:01:23.913Z,19010612,XBTUSD,Buy,166,3828.5,ZeroPlusTick,a1c20709-6be3-89bb-e488-4800b65d5207,1182183,506
2987670,2019-01-06T12:01:23.913Z,19010612,XBTUSD,Buy,11,3829,PlusTick,e92cef28-7ce0-d391-151b-a2963872b43a,1182194,507
2987678,2019-01-06T12:01:23.913Z,19010612,XBTUSD,Buy,11,3829,ZeroPlusTick,398407ac-4b0e-16e7-c11d-10893d16ebb9,1182205,508
2987686,2019-01-06T12:01:23.913Z,19010612,XBTUSD,Buy,500,3829,ZeroPlusTick,46266e91-7a38-3bd8-a30c-3c32739496d4,1182705,509
2987698,2019-01-06T12:01:23.913Z,19010612,XBTUSD,Buy,21,3829,ZeroPlusTick,f0cfcd72-8edc-d0e8-7cf9-12be531bb698,1182726,510
2987708,2019-01-06T12:01:23.913Z,19010612,XBTUSD,Buy,120,3829,ZeroPlusTick,f5e757d8-4d92-6608-c505-e04bbfd39d23,1182846,511
2987720,2019-01-06T12:01:23.913Z,19010612,XBTUSD,Buy,27,3829.5,ZeroPlusTick,5f288ad5-cecc-613f-765f-3e0720512ffc,1182873,512
2987739,2019-01-06T12:01:25.477Z,19010612,XBTUSD,Sell,64,3829,MinusTick,941dc0f5-4feb-1e25-cf2a-efa3513bf7c1,1182937,513
2987816,2019-01-06T12:01:31.131Z,19010612,XBTUSD,Sell,100,3829,ZeroMinusTick,6bff9d30-c42b-194c-678b-ad6135c6e28a,1183037,514
2987822,2019-01-06T12:01:31.131Z,19010612,XBTUSD,Sell,5000,3829,ZeroMinusTick,82527def-6096-ffd7-a954-af8e1dd49f6f,1188037,515
2987852,2019-01-06T12:01:32.472Z,19010612,XBTUSD,Buy,4000,3829.5,ZeroPlusTick,2d0a6e52-efaa-32cd-7bc7-01786227293c,1192037,516
2987855,2019-01-06T12:01:32.656Z,19010612,XBTUSD,Sell,618,3829,ZeroMinusTick,76e1054b-cfc0-b3f3-9c18-bcceb58d9414,1192655,517
2987864,2019-01-06T12:01:32.656Z,19010612,XBTUSD,Sell,618,3829,ZeroMinusTick,ac71e552-39d1-664e-0817-99b6f79bfa20,1193273,518
2987874,2019-01-06T12:01:32.656Z,19010612,XBTUSD,Sell,100,3829,ZeroMinusTick,e70a2730-f7af-5b16-2e8a-7d76b4f2e1f5,1193373,519
2987884,2019-01-06T12:01:32.656Z,19010612,XBTUSD,Sell,19,3829,ZeroMinusTick,4bd5b301-c249-2d98-3553-6abbd29251d4,1193392,520
2987888,2019-01-06T12:01:32.656Z,19010612,XBTUSD,Sell,2000,3829,ZeroMinusTick,533a9cb6-2f0c-5132-b5b8-3c9ae839fe1e,1195392,521
2987910,2019-01-06T12:01:33.595Z,19010612,XBTUSD,Sell,502,3829,ZeroMinusTick,6ded125d-840c-1961-7642-c117500cef84,1195894,522
2987919,2019-01-06T12:01:33.595Z,19010612,XBTUSD,Sell,512,3829,ZeroMinusTick,81d7250a-f0d9-8369-30f6-74fcdb4a1807,1196406,523
2987931,2019-01-06T12:01:33.595Z,19010612,XBTUSD,Sell,322,3829,ZeroMinusTick,2536f6d0-7e48-cc47-3f2a-8ca89981ec09,1196728,524
2987938,2019-01-06T12:01:33.595Z,19010612,XBTUSD,Sell,2062,3829,ZeroMinusTick,cfb97186-beef-5cb6-6812-92d75972c0f1,1198790,525
2987953,2019-01-06T12:01:33.595Z,19010612,XBTUSD,Sell,27,3829,ZeroMinusTick,f0334ba2-1ae4-a913-6372-de7b960f25b9,1198817,526
2988038,2019-01-06T12:01:43.147Z,19010612,XBTUSD,Buy,549,3829.5,ZeroPlusTick,cbfc456f-73b9-17f6-5eab-331e4f74bd9d,1199366,527
2988041,2019-01-06T12:01:45.693Z,19010612,XBTUSD,Buy,30,3829.5,PlusTick,dc79a454-3380-331f-6823-aaabb6a3531a,1199396,528
2988057,2019-01-06T12:01:48.581Z,19010612,XBTUSD,Buy,460,3829.5,ZeroPlusTick,475d13e8-99af-e725-6ecf-a9fe9a16b298,1199856,529
2988065,2019-01-06T12:01:50.408Z,19010612,XBTUSD,Sell,100,3829,MinusTick,daf0fd02-3717-eaf4-578d-a91590fb797c,1199956,530
2988075,2019-01-06T12:01:52.218Z,19010612,XBTUSD,Buy,500,3829.5,ZeroPlusTick,57d0176f-3b16-dcb8-a94d-e6d0eb809d76,1200456,531
2988081,2019-01-06T12:01:53.780Z,19010612,XBTUSD,Buy,170,3829.5,ZeroPlusTick,d7786032-e8af-a2f7-b089-dccd5057ecba,1200626,532
2988084,2019-01-06T12:01:54.794Z,19010612,XBTUSD,Sell,2859,3829,MinusTick,e9c808a5-8b9e-ef3b-9ec4-1f62ebd086d0,1203485,533
2988096,2019-01-06T12:01:54.794Z,19010612,XBTUSD,Sell,502,3829,ZeroMinusTick,3bb15d79-30b5-b293-adef-78f8d36588bc,1203987,534
2988109,2019-01-06T12:01:55.616Z,19010612,XBTUSD,Buy,100,3829.5,ZeroPlusTick,ada3afdc-5db8-5234-0438-1f12e3cb3bfc,1204087,535
2988150,2019-01-06T12:01:58.264Z,19010612,XBTUSD,Sell,50,3829,ZeroMinusTick,6bd0a97a-6d98-81e1-4ea9-1a533d66df34,1204137,536
2988155,2019-01-06T12:01:59.311Z,19010612,XBTUSD,Sell,1917,3829,MinusTick,bd0d19c2-9015-1b0e-c620-9166cc676ea9,1206054,537
2988176,2019-01-06T12:02:01.410Z,19010612,XBTUSD,Sell,15,3829,ZeroMinusTick,ac9b07db-6bbe-39ce-31ee-ee209c09f3d5,1206069,538
2987715,2019-01-06T12:01:23.913Z,19010612,XBTUSD,Buy,30,3829.5,ZeroPlusTick,07e310e5-1415-8461-9b4c-5bc03a58554c,1206099,539
2987725,2019-01-06T12:01:23.913Z,19010612,XBTUSD,Buy,100,3829.5,ZeroPlusTick,2f105817-54ee-282c-b176-93a9c5be3356,1206199,540
2987742,2019-01-06T12:01:25.477Z,19010612,XBTUSD,Sell,150,3829,ZeroMinusTick,e40a9dfe-6bf3-4934-6d56-9211eb126172,1206349,541
2987785,2019-01-06T12:01:29.100Z,19010612,XBTUSD,Sell,460,3829,MinusTick,64daa622-1498-7c09-3b3a-68b7357e01bf,1206809,542
2987803,2019-01-06T12:01:30.918Z,19010612,XBTUSD,Buy,498,3829.5,ZeroPlusTick,0ea3ede0-1ecc-c1d4-282a-0a5290541ebe,1207307,543
2987809,2019-01-06T12:01:31.131Z,19010612,XBTUSD,Sell,8113,3829,MinusTick,8e9040fa-9b24-952f-24fa-48e14d0d5f01,1215420,544
2987819,2019-01-06T12:01:31.131Z,19010612,XBTUSD,Sell,10,3829,ZeroMinusTick,06bde510-89f9-3cc7-baa4-2381a99abe17,1215430,545
2987829,2019-01-06T12:01:31.131Z,19010612,XBTUSD,Sell,1,3829,ZeroMinusTick,57f890a3-aa67-948c-5525-f84409050519,1215431,546
2987842,2019-01-06T12:01:32.448Z,19010612,XBTUSD,Buy,1800,3829.5,ZeroPlusTick,15973aac-aefb-3a76-de63-f17e802e8ae3,1217231,547
2987848,2019-01-06T12:01:32.472Z,19010612,XBTUSD,Buy,2000,3829.5,ZeroPlusTick,d284ca1c-941c-57b7-bb8a-ec324984380a,1219231,548
2987854,2019-01-06T12:01:32.656Z,19010612,XBTUSD,Sell,5512,3829,MinusTick,3e5cb1a2-1ccd-c477-15da-2abbe51cc9a7,1224743,549
2987873,2019-01-06T12:01:32.656Z,19010612,XBTUSD,Sell,11,3829,ZeroMinusTick,489767fb-6a1e-1712-ada6-40e96a6c74b5,1224754,550
2987883,2019-01-06T12:01:32.656Z,19010612,XBTUSD,Sell,155,3829,ZeroMinusTick,0513e7e7-4186-712c-89bf-2a4daf754c5f,1224909,551
2987894,2019-01-06T12:01:32.656Z,19010612,XBTUSD,Sell,7152,3829,ZeroMinusTick,53bd1b73-34e5-fdcb-3f0c-b33ba44c7d9f,1232061,552
2987899,2019-01-06T12:01:33.118Z,19010612,XBTUSD,Buy,15,3829.5,ZeroPlusTick,9e1a9e63-42ca-8ce1-ef47-9d7a3d0ca019,1232076,553
2987908,2019-01-06T12:01:33.595Z,19010612,XBTUSD,Sell,11,3829,ZeroMinusTick,e3cff1d6-2945-dd29-e90b-e5f4cf818a59,1232087,554
2987921,2019-01-06T12:01:33.595Z,19010612,XBTUSD,Sell,2000,3829,ZeroMinusTick,21335f2e-4c32-728f-cb8d-ea0f40dfe577,1234087,555
2987929,2019-01-06T12:01:33.595Z,19010612,XBTUSD,Sell,500,3829,ZeroMinusTick,f14f807c-970f-aa1a-253f-f5d5d8dd87a0,1234587,556
2987943,2019-01-06T12:01:33.595Z,19010612,XBTUSD,Sell,618,3829,ZeroMinusTick,236f9589-735d-2ea4-76c4-7a848ac2a752,1235205,557
2987951,2019-01-06T12:01:33.595Z,19010612,XBTUSD,Sell,618,3829,ZeroMinusTick,f9a2190f-2a18-e142-e335-cd0693efcf3f,1235823,558
2987986,2019-01-06T12:01:34.420Z,19010612,XBTUSD,Buy,675,3829.5,ZeroPlusTick,b2b03675-d407-2dcb-c89a-93e7a610e71d,1236498,559
2988016,2019-01-06T12:01:38.775Z,19010612,XBTUSD,Buy,6026,3829.5,ZeroPlusTick,3e164675-772d-96f8-4cc5-ad973c7c2f12,1242524,560
2988018,2019-01-06T12:01:38.820Z,19010612,XBTUSD,Buy,109,3829.5,ZeroPlusTick,ab9253d9-76c1-875b-28e1-f7f4a281f09c,1242633,561
2988037,2019-01-06T12:01:43.147Z,19010612,XBTUSD,Buy,150,3829.5,ZeroPlusTick,9e4b7e76-a1e0-a9cc-144d-2844f2cbdbe7,1242783,562
2988058,2019-01-06T12:01:48.581Z,19010612,XBTUSD,Buy,129,3829.5,ZeroPlusTick,1965a950-0574-747b-54bb-14101da2d81d,1242912,563
2988061,2019-01-06T12:01:48.638Z,19010612,XBTUSD,Buy,448,3829.5,ZeroPlusTick,5c09d62e-0530-5b9d-2262-bed4d003b17a,1243360,564
2988064,2019-01-06T12:01:49.132Z,19010612,XBTUSD,Buy,122,3829.5,ZeroPlusTick,84b80fd7-acc2-e900-6d10-e2e8882535a5,1243482,565
2988071,2019-01-06T12:01:52.218Z,19010612,XBTUSD,Buy,10,3829.5,ZeroPlusTick,005bf229-68b5-45ca-7e39-f6dd339dffdb,1243492,566
2988086,2019-01-06T12:01:54.794Z,19010612,XBTUSD,Sell,21000,3829,ZeroMinusTick,44dd6a5f-b2fe-18dd-6580-aa6484037266,1264492,567
2988095,2019-01-06T12:01:54.794Z,19010612,XBTUSD,Sell,322,3829,ZeroMinusTick,c19aac98-0630-3adc-61d0-e94980b1ccdc,1264814,568
2988106,2019-01-06T12:01:55.616Z,19010612,XBTUSD,Buy,10,3829.5,ZeroPlusTick,12a6521e-65d3-1cfe-2cdb-960acfbfde46,1264824,569
2988149,2019-01-06T12:01:58.264Z,19010612,XBTUSD,Sell,5000,3829,ZeroMinusTick,b839c152-be7e-c7a8-3a9f-4d58efc0cae6,1269824,570
2988173,2019-01-06T12:02:01.410Z,19010612,XBTUSD,Sell,20,3829,ZeroMinusTick,e7132387-5780-9c78-a7ea-37846f21986e,1269844,571
2988191,2019-01-06T12:02:03.545Z,19010612,XBTUSD,Sell,191,3829,ZeroMinusTick,f1e50816-cded-4e16-379d-6c12806ce15a,1270035,572
2988270,2019-01-06T12:02:15.672Z,19010612,XBTUSD,Sell,5988,3829,ZeroMinusTick,44cd9bed-c6f6-95d2-407a-25b5c7f7f792,1276023,573
2987717,2019-01-06T12:01:23.913Z,19010612,XBTUSD,Buy,30,3829.5,ZeroPlusTick,30273758-676c-ba57-f314-0dcdb61bd19b,1276053,574
2987728,2019-01-06T12:01:23.913Z,19010612,XBTUSD,Buy,500,3829.5,ZeroPlusTick,a5aebfb1-02e6-55c5-979c-21245c78dad0,1276553,575
2987733,2019-01-06T12:01:24.344Z,19010612,XBTUSD,Buy,2700,3829.5,ZeroPlusTick,750e7269-20a6-45ee-f8ad-c8c5205b7025,1279253,576
2987745,2019-01-06T12:01:25.487Z,19010612,XBTUSD,Buy,2643,3829.5,PlusTick,8d8f405e-498c-2f0d-3df4-720d972732ab,1281896,577
2987801,2019-01-06T12:01:30.918Z,19010612,XBTUSD,Buy,136,3829.5,ZeroPlusTick,b256b01b-12c7-cb76-6f39-e1f85d834be7,1282032,578
2987807,2019-01-06T12:01:30.918Z,19010612,XBTUSD,Buy,5328,3829.5,ZeroPlusTick,365aec16-2903-449f-974b-d29f0eeaf906,1287360,579
2987818,2019-01-06T12:01:31.131Z,19010612,XBTUSD,Sell,3789,3829,ZeroMinusTick,c06e0e5d-1357-975d-5b86-6d875af68010,1291149,580
2987827,2019-01-06T12:01:31.131Z,19010612,XBTUSD,Sell,10000,3829,ZeroMinusTick,940325d3-85b7-81b9-8bb8-041dd7df498f,1301149,581
2987862,2019-01-06T12:01:32.656Z,19010612,XBTUSD,Sell,618,3829,ZeroMinusTick,e9cb8b5a-3d92-7f9f-1199-2a0e7aa333c9,1301767,582
2987872,2019-01-06T12:01:32.656Z,19010612,XBTUSD,Sell,2062,3829,ZeroMinusTick,bdbc6afc-44c6-9fa5-16c1-9aec54919708,1303829,583
2987878,2019-01-06T12:01:32.656Z,19010612,XBTUSD,Sell,2000,3829,ZeroMinusTick,ad00de50-3c92-c04e-ef1a-5e7adaecfa3c,1305829,584
2987893,2019-01-06T12:01:32.656Z,19010612,XBTUSD,Sell,10000,3829,ZeroMinusTick,bb468359-3a56-aba0-8de1-a148be21abb4,1315829,585
2987897,2019-01-06T12:01:33.118Z,19010612,XBTUSD,Buy,120,3829.5,ZeroPlusTick,73a31db7-30a3-ffc6-e44b-e275123cf3e9,1315949,586
2987905,2019-01-06T12:01:33.595Z,19010612,XBTUSD,Sell,200,3829,ZeroMinusTick,049e3959-49b3-86e0-3628-4aa91e86018e,1316149,587
2987916,2019-01-06T12:01:33.595Z,19010612,XBTUSD,Sell,2062,3829,ZeroMinusTick,98a90502-c291-d9db-34c7-243d48a0c8cf,1318211,588
2987924,2019-01-06T12:01:33.595Z,19010612,XBTUSD,Sell,625,3829,ZeroMinusTick,b6e31f7c-6431-3da6-cb05-09c5015f773e,1318836,589
2987935,2019-01-06T12:01:33.595Z,19010612,XBTUSD,Sell,2062,3829,ZeroMinusTick,f63d5ee1-1ce1-4ad3-c411-7bc81463a3e1,1320898,590
2987947,2019-01-06T12:01:33.595Z,19010612,XBTUSD,Sell,618,3829,ZeroMinusTick,4d1c31ca-89fa-9bf9-95c8-a1025fb1d730,1321516,591
2987954,2019-01-06T12:01:33.595Z,19010612,XBTUSD,Sell,158,3829,ZeroMinusTick,4b020c06-b83d-5da3-219a-8e54434165ea,1321674,592
2987987,2019-01-06T12:01:34.420Z,19010612,XBTUSD,Buy,100,3829.5,ZeroPlusTick,63c261b6-82d5-a76e-037a-60b9942dcb46,1321774,593
2988014,2019-01-06T12:01:38.775Z,19010612,XBTUSD,Buy,39,3829.5,ZeroPlusTick,53e90291-4dd2-c89f-2506-d45a534316db,1321813,594
2988019,2019-01-06T12:01:38.820Z,19010612,XBTUSD,Buy,3464,3829.5,ZeroPlusTick,770c9fe8-cb92-be31-dc64-27ca11d50ef6,1325277,595
2988022,2019-01-06T12:01:39.622Z,19010612,XBTUSD,Buy,464,3829.5,ZeroPlusTick,af48e3a2-b7b3-6fde-2647-69073cd18b97,1325741,596
2988055,2019-01-06T12:01:48.561Z,19010612,XBTUSD,Buy,1577,3829.5,ZeroPlusTick,edc36a14-264d-318a-b0b5-9d4930fc59cf,1327318,597
2988073,2019-01-06T12:01:52.218Z,19010612,XBTUSD,Buy,15,3829.5,ZeroPlusTick,7866b06e-8002-7379-25e4-9bbe3f6a15a2,1327333,598
2988079,2019-01-06T12:01:52.698Z,19010612,XBTUSD,Buy,5,3829.5,ZeroPlusTick,e8cef1b6-1d1d-fdc9-e43f-f78f3f57406e,1327338,599
2988080,2019-01-06T12:01:52.814Z,19010612,XBTUSD,Buy,521,3829.5,ZeroPlusTick,5734e8bc-813c-9139-b03c-09979e272a23,1327859,600
2988085,2019-01-06T12:01:54.794Z,19010612,XBTUSD,Sell,50000,3829,ZeroMinusTick,70c14f1e-614c-0854-7199-61084aee302f,1377859,601
2988094,2019-01-06T12:01:54.794Z,19010612,XBTUSD,Sell,191,3829,ZeroMinusTick,94f26ad2-7386-a4f1-90b8-f5d2ed31ccde,1378050,602
2988102,2019-01-06T12:01:55.616Z,19010612,XBTUSD,Buy,776,3829.5,PlusTick,33767502-8227-084d-1705-ab190aec97e2,1378826,603
2988105,2019-01-06T12:01:55.616Z,19010612,XBTUSD,Buy,10,3829.5,ZeroPlusTick,9401295b-e91f-05a7-3faf-79847306d8c3,1378836,604
2988147,2019-01-06T12:01:58.264Z,19010612,XBTUSD,Sell,3973,3829,ZeroMinusTick,4a0ebc56-b8f1-9a76-6cdd-177623fc56a2,1382809,605
2988160,2019-01-06T12:01:59.311Z,19010612,XBTUSD,Sell,2000,3829,ZeroMinusTick,87073ee7-3f70-5223-c14f-141f24d12113,1384809,606
2988162,2019-01-06T12:01:59.661Z,19010612,XBTUSD,Buy,1047,3829.5,PlusTick,881934da-732b-6fc0-f30c-9dd8df89f294,1385856,607
2988175,2019-01-06T12:02:01.410Z,19010612,XBTUSD,Sell,20,3829,ZeroMinusTick,eeaebce4-7003-89db-0ce3-389cb13ccf0e,1385876,608
2988178,2019-01-06T12:02:01.594Z,19010612,XBTUSD,Buy,500,3829.5,PlusTick,df8f14e6-ff0a-6dbc-3451-7e1a459bf927,1386376,609
2988194,2019-01-06T12:02:03.545Z,19010612,XBTUSD,Sell,191,3829,ZeroMinusTick,dcc43c28-fde6-bbcb-2193-65d6c13f5932,1386567,610
2988198,2019-01-06T12:02:04.449Z,19010612,XBTUSD,Sell,1000,3829,MinusTick,7aaf8514-ae3e-4250-925a-a516d74af346,1387567,611
2987753,2019-01-06T12:01:27.301Z,19010612,XBTUSD,Buy,1000,3829.5,PlusTick,d1c760b9-5eda-c37f-4128-8d7f4a96e7e8,1388567,612
2987784,2019-01-06T12:01:28.768Z,19010612,XBTUSD,Buy,2238,3829.5,ZeroPlusTick,3682bba6-179b-3df4-f3e4-12db88282884,1390805,613
2987805,2019-01-06T12:01:30.918Z,19010612,XBTUSD,Buy,30,3829.5,ZeroPlusTick,c9a34e66-c62d-99e0-dc9e-766852d918b7,1390835,614
2987817,2019-01-06T12:01:31.131Z,19010612,XBTUSD,Sell,10000,3829,ZeroMinusTick,d994cb4d-4010-9b66-e2bc-757116d7de92,1400835,615
2987823,2019-01-06T12:01:31.131Z,19010612,XBTUSD,Sell,14000,3829,ZeroMinusTick,504eb488-4293-cb90-2226-60e0125f0d59,1414835,616
2987840,2019-01-06T12:01:32.429Z,19010612,XBTUSD,Buy,4284,3829.5,ZeroPlusTick,252dd954-0877-a4f5-e66e-203091acb147,1419119,617
2987841,2019-01-06T12:01:32.448Z,19010612,XBTUSD,Buy,95,3829.5,ZeroPlusTick,8add10e4-e119-7fbd-29d9-bda9eb196a59,1419214,618
2987850,2019-01-06T12:01:32.472Z,19010612,XBTUSD,Buy,2000,3829.5,ZeroPlusTick,caca0a2e-f3b8-57fc-a275-a7896c41d7f3,1421214,619
2987858,2019-01-06T12:01:32.656Z,19010612,XBTUSD,Sell,618,3829,ZeroMinusTick,373fdee3-c2d5-5762-fce9-39c67541da94,1421832,620
2987869,2019-01-06T12:01:32.656Z,19010612,XBTUSD,Sell,2062,3829,ZeroMinusTick,280f4a84-5fdd-1934-d92b-e1b89d46ac81,1423894,621
2987877,2019-01-06T12:01:32.656Z,19010612,XBTUSD,Sell,100,3829,ZeroMinusTick,bf4ba927-bc0b-488e-8e27-e7f199330178,1423994,622
2987892,2019-01-06T12:01:32.656Z,19010612,XBTUSD,Sell,20000,3829,ZeroMinusTick,92e4383c-9c5d-8fbe-8727-9fbae65db566,1443994,623
2987895,2019-01-06T12:01:33.073Z,19010612,XBTUSD,Buy,212,3829.5,PlusTick,008048bd-c806-b548-a8f1-030d5c763f2f,1444206,624
2987911,2019-01-06T12:01:33.595Z,19010612,XBTUSD,Sell,191,3829,ZeroMinusTick,41cb6d03-b14d-b202-23e5-f13c46425e90,1444397,625
2987923,2019-01-06T12:01:33.595Z,19010612,XBTUSD,Sell,1,3829,ZeroMinusTick,a6ce3feb-c42e-9f78-026e-eb6d78f96e89,1444398,626
2987930,2019-01-06T12:01:33.595Z,19010612,XBTUSD,Sell,322,3829,ZeroMinusTick,d7741040-1e8a-1ea1-777d-71191fe53c5a,1444720,627
2987942,2019-01-06T12:01:33.595Z,19010612,XBTUSD,Sell,2062,3829,ZeroMinusTick,f9cd73eb-5276-74c7-329e-65931f3cf0b4,1446782,628
2987952,2019-01-06T12:01:33.595Z,19010612,XBTUSD,Sell,618,3829,ZeroMinusTick,bc1ebd9f-8d44-83f8-8102-d6f72421f592,1447400,629
2987994,2019-01-06T12:01:35.299Z,19010612,XBTUSD,Buy,449,3829.5,ZeroPlusTick,843d0468-2788-2210-1547-9ff8f5195072,1447849,630
2988003,2019-01-06T12:01:36.458Z,19010612,XBTUSD,Buy,347,3829.5,ZeroPlusTick,883a0b16-a7bf-a84c-439e-57fd93fbec03,1448196,631
2988007,2019-01-06T12:01:37.285Z,19010612,XBTUSD,Buy,1491,3829.5,ZeroPlusTick,82079b7d-391e-4743-e009-face4d5e7daa,1449687,632
2988008,2019-01-06T12:01:37.342Z,19010612,XBTUSD,Sell,15,3829,MinusTick,f470274c-1534-7977-9623-963b2e31eb13,1449702,633
2988009,2019-01-06T12:01:37.871Z,19010612,XBTUSD,Buy,362,3829.5,PlusTick,4eafa3dc-e852-2179-a688-ffbaa52eeb66,1450064,634
2988030,2019-01-06T12:01:42.515Z,19010612,XBTUSD,Buy,1800,3829.5,ZeroPlusTick,dbe2b19c-af06-59fd-ff2e-e451866b6e65,1451864,635
2988042,2019-01-06T12:01:45.693Z,19010612,XBTUSD,Buy,1309,3829.5,ZeroPlusTick,99f6e1dc-c612-2237-9b45-8b3998271de9,1453173,636
2988045,2019-01-06T12:01:46.852Z,19010612,XBTUSD,Buy,1214,3829.5,ZeroPlusTick,aa947aaa-1f17-dca9-85dc-66cbe94da72c,1454387,637
2988049,2019-01-06T12:01:47.753Z,19010612,XBTUSD,Buy,2018,3829.5,ZeroPlusTick,ae9493e5-d517-823c-66d9-d3726bdaadea,1456405,638
2988060,2019-01-06T12:01:48.581Z,19010612,XBTUSD,Buy,1274,3829.5,ZeroPlusTick,43c26a8f-504a-a3b7-5b4e-c152d972c0e8,1457679,639
2988091,2019-01-06T12:01:54.794Z,19010612,XBTUSD,Sell,191,3829,ZeroMinusTick,954b841e-1464-2ffc-02d3-7df01c988681,1457870,640
2988100,2019-01-06T12:01:54.794Z,19010612,XBTUSD,Sell,1500,3829,ZeroMinusTick,20681f69-a375-cefd-8971-ca341f1106d6,1459370,641
2988143,2019-01-06T12:01:58.264Z,19010612,XBTUSD,Sell,5000,3829,ZeroMinusTick,d0771f5a-9480-2bb8-28c7-79ecd04f8475,1464370,642
2988156,2019-01-06T12:01:59.311Z,19010612,XBTUSD,Sell,2000,3829,ZeroMinusTick,c040f997-82d8-b4c4-6846-8e43f7ab3404,1466370,643
2988177,2019-01-06T12:02:01.410Z,19010612,XBTUSD,Sell,821,3829,ZeroMinusTick,2cea3e83-6338-1e2d-41f1-57abcc392250,1467191,644
2988189,2019-01-06T12:02:03.545Z,19010612,XBTUSD,Sell,11,3829,ZeroMinusTick,78425144-dcd6-3aca-015f-53b853311ebc,1467202,645
2988225,2019-01-06T12:02:08.305Z,19010612,XBTUSD,Buy,2213,3829.5,ZeroPlusTick,41b069c3-2104-5982-b980-bcf4f2d0a36a,1469415,646
2988229,2019-01-06T12:02:09.091Z,19010612,XBTUSD,Buy,853,3829.5,ZeroPlusTick,6181cba7-862c-106e-69b1-37830a33a5ff,1470268,647
2988231,2019-01-06T12:02:09.519Z,19010612,XBTUSD,Sell,100,3829,MinusTick,d99986c0-e0aa-b2e3-41d0-9cf03e096df0,1470368,648
2988269,2019-01-06T12:02:15.672Z,19010612,XBTUSD,Sell,100,3829,ZeroMinusTick,843c7772-e51f-1d03-2fa6-77d772d19051,1470468,649
2987812,2019-01-06T12:01:31.131Z,19010612,XBTUSD,Sell,90,3829,ZeroMinusTick,8ddbd884-0252-6607-ed68-c6b396ae6220,1470558,650
2987821,2019-01-06T12:01:31.131Z,19010612,XBTUSD,Sell,200,3829,ZeroMinusTick,13b18246-b69b-5110-829d-ff6864efcb89,1470758,651
2987843,2019-01-06T12:01:32.448Z,19010612,XBTUSD,Buy,3,3829.5,ZeroPlusTick,6ea3353b-2533-1899-7346-3e6cfc83ca9b,1470761,652
2987846,2019-01-06T12:01:32.472Z,19010612,XBTUSD,Buy,7864,3829.5,ZeroPlusTick,f4071cbb-1a5c-edd3-4fe6-c1a5fbabb503,1478625,653
2987861,2019-01-06T12:01:32.656Z,19010612,XBTUSD,Sell,618,3829,ZeroMinusTick,21c0e975-412d-c1bd-151f-aca6fe809687,1479243,654
2987865,2019-01-06T12:01:32.656Z,19010612,XBTUSD,Sell,2062,3829,ZeroMinusTick,834d8b8d-c635-9d50-2a07-3db0e5c77ec6,1481305,655
2987875,2019-01-06T12:01:32.656Z,19010612,XBTUSD,Sell,100,3829,ZeroMinusTick,33361fac-9924-6a93-b354-9277fd730a7e,1481405,656
2987885,2019-01-06T12:01:32.656Z,19010612,XBTUSD,Sell,10000,3829,ZeroMinusTick,7a64f10e-73ea-9e28-88d1-3c91e4ea8568,1491405,657
2987896,2019-01-06T12:01:33.118Z,19010612,XBTUSD,Buy,78,3829.5,ZeroPlusTick,71f7d702-505d-967a-f64c-20a9816a46a3,1491483,658
2987907,2019-01-06T12:01:33.595Z,19010612,XBTUSD,Sell,2000,3829,ZeroMinusTick,a9b30808-bd9b-40fb-688a-c71146db5ac8,1493483,659
2987915,2019-01-06T12:01:33.595Z,19010612,XBTUSD,Sell,10,3829,ZeroMinusTick,ce078db9-6e02-a9e5-85d8-fcaa3a08e962,1493493,660
2987927,2019-01-06T12:01:33.595Z,19010612,XBTUSD,Sell,10,3829,ZeroMinusTick,43277d6e-dfdc-8ff4-780a-fafc2a527eec,1493503,661
2987937,2019-01-06T12:01:33.595Z,19010612,XBTUSD,Sell,2062,3829,ZeroMinusTick,5d3729bc-85ff-469c-c446-dae26efb9103,1495565,662
2987946,2019-01-06T12:01:33.595Z,19010612,XBTUSD,Sell,618,3829,ZeroMinusTick,5b846b39-9c51-7d44-1a4d-a9878a4af3da,1496183,663
2988021,2019-01-06T12:01:39.622Z,19010612,XBTUSD,Buy,1536,3829.5,ZeroPlusTick,1eaf041b-c11f-bc57-69e2-59cb887ffea8,1497719,664
2988040,2019-01-06T12:01:44.125Z,19010612,XBTUSD,Sell,670,3829,MinusTick,8fe44753-15c8-c25c-5683-8c5ad4c5bf17,1498389,665
2988048,2019-01-06T12:01:47.753Z,19010612,XBTUSD,Buy,3054,3829.5,ZeroPlusTick,b7e174ef-2dce-1ddc-0efa-f81e0031e3af,1501443,666
2988059,2019-01-06T12:01:48.581Z,19010612,XBTUSD,Buy,120,3829.5,ZeroPlusTick,83caaac6-7647-8f2c-7fd0-b82650f59b7a,1501563,667
2988090,2019-01-06T12:01:54.794Z,19010612,XBTUSD,Sell,10,3829,ZeroMinusTick,166640ba-2a08-d9aa-2a25-118c5e1b5963,1501573,668
2988104,2019-01-06T12:01:55.616Z,19010612,XBTUSD,Buy,10,3829.5,ZeroPlusTick,6aa23873-d2f4-0633-3b1a-758eae97c55a,1501583,669
2988148,2019-01-06T12:01:58.264Z,19010612,XBTUSD,Sell,3000,3829,ZeroMinusTick,c099e337-40d1-aef7-3a0e-e49599873b46,1504583,670
2988157,2019-01-06T12:01:59.311Z,19010612,XBTUSD,Sell,11,3829,ZeroMinusTick,865a701f-1b1d-4fe7-4d93-22610e1e6d79,1504594,671
2988223,2019-01-06T12:02:07.507Z,19010612,XBTUSD,Buy,1000,3829.5,PlusTick,aba0e62f-7e35-2a95-8157-3fe901adfb6e,1505594,672
2988224,2019-01-06T12:02:07.657Z,19010612,XBTUSD,Buy,171,3829.5,ZeroPlusTick,6b80670c-98a9-b340-c5b2-6a4024eaf92f,1505765,673
2988248,2019-01-06T12:02:12.061Z,19010612,XBTUSD,Buy,3374,3829.5,ZeroPlusTick,f4a88763-53be-223a-575a-173076393aca,1509139,674
2988290,2019-01-06T12:02:19.021Z,19010612,XBTUSD,Buy,170,3829.5,ZeroPlusTick,a5b3a171-3e7d-5e2d-b748-a7bb96e51601,1509309,675
2988347,2019-01-06T12:02:21.735Z,19010612,XBTUSD,Buy,109,3829.5,ZeroPlusTick,47848936-fffc-b9b6-04ee-a420bcbe570a,1509418,676
2988358,2019-01-06T12:02:21.735Z,19010612,XBTUSD,Buy,30,3829.5,ZeroPlusTick,661e0f5b-166d-3ef6-3923-cb12c6b52b70,1509448,677
2988364,2019-01-06T12:02:21.735Z,19010612,XBTUSD,Buy,10,3829.5,ZeroPlusTick,c835302f-44a2-f2cf-055c-e084214c2df5,1509458,678
2988374,2019-01-06T12:02:21.735Z,19010612,XBTUSD,Buy,10000,3829.5,ZeroPlusTick,91c7abde-f930-a8d9-a09a-8343731f83db,1519458,679
2988390,2019-01-06T12:02:21.735Z,19010612,XBTUSD,Buy,200,3830,ZeroPlusTick,71c6cf4e-a323-34f5-71eb-c8fe1983598a,1519658,680
2988401,2019-01-06T12:02:21.735Z,19010612,XBTUSD,Buy,5500,3830,ZeroPlusTick,c1140715-234c-bbdf-a362-8fffd979dbbf,1525158,681
2988406,2019-01-06T12:02:21.735Z,19010612,XBTUSD,Buy,360,3830,ZeroPlusTick,bb16fa73-a742-9b6a-6e84-ff2aae88ba4e,1525518,682
2988420,2019-01-06T12:02:21.735Z,19010612,XBTUSD,Buy,10000,3830,ZeroPlusTick,855a3d30-ffcc-a035-8ce2-d6190d4c0617,1535518,683
2988428,2019-01-06T12:02:21.735Z,19010612,XBTUSD,Buy,2500,3830,ZeroPlusTick,daec7a3d-c7d1-6e1d-3d39-cc14aeca4658,1538018,684
2988436,2019-01-06T12:02:21.735Z,19010612,XBTUSD,Buy,500,3830,ZeroPlusTick,d197a12a-50d5-e87c-b2b2-34d336bec926,1538518,685
2988447,2019-01-06T12:02:21.735Z,19010612,XBTUSD,Buy,30,3830,ZeroPlusTick,e07426c5-d4e3-f174-594a-0ff663d01e9e,1538548,686
2988460,2019-01-06T12:02:21.735Z,19010612,XBTUSD,Buy,18,3830,ZeroPlusTick,e3dd9a8a-f86a-f9c3-717a-50bfb1465ce6,1538566,687
2988469,2019-01-06T12:02:21.735Z,19010612,XBTUSD,Buy,50,3830,ZeroPlusTick,30220cd1-20e7-7eb5-6303-9ac66b608b7b,1538616,688
2988482,2019-01-06T12:02:21.735Z,19010612,XBTUSD,Buy,27,3830.5,ZeroPlusTick,54c18a65-396f-83d4-e98c-02135cddb363,1538643,689
2987806,2019-01-06T12:01:30.918Z,19010612,XBTUSD,Buy,1500,3829.5,ZeroPlusTick,4181c5d3-0066-1513-8003-131b04348fd5,1540143,690
2987811,2019-01-06T12:01:31.131Z,19010612,XBTUSD,Sell,150,3829,ZeroMinusTick,879f9c90-eef1-923c-30da-754972912813,1540293,691
2987826,2019-01-06T12:01:31.131Z,19010612,XBTUSD,Sell,61,3829,ZeroMinusTick,52635c95-eaaa-f490-6780-55082179a28c,1540354,692
2987845,2019-01-06T12:01:32.448Z,19010612,XBTUSD,Buy,136,3829.5,ZeroPlusTick,3181d1c4-f0ed-ce77-7b1e-8472ca69b97b,1540490,693
2987849,2019-01-06T12:01:32.472Z,19010612,XBTUSD,Buy,482,3829.5,ZeroPlusTick,ea72b2cd-7509-c583-2012-d54f996cb2d8,1540972,694
2987856,2019-01-06T12:01:32.656Z,19010612,XBTUSD,Sell,618,3829,ZeroMinusTick,52cd5325-8bbc-a70a-d425-8d6309fed72a,1541590,695
2987868,2019-01-06T12:01:32.656Z,19010612,XBTUSD,Sell,2062,3829,ZeroMinusTick,792674f6-9931-73c4-6160-31ceefb1ea90,1543652,696
2987879,2019-01-06T12:01:32.656Z,19010612,XBTUSD,Sell,2000,3829,ZeroMinusTick,85a791e7-9df8-deac-12cd-ae49e845e279,1545652,697
2987891,2019-01-06T12:01:32.656Z,19010612,XBTUSD,Sell,10000,3829,ZeroMinusTick,a4a79b13-1d49-ccc0-1bf5-bbde840e74f7,1555652,698
2987901,2019-01-06T12:01:33.118Z,19010612,XBTUSD,Buy,362,3829.5,ZeroPlusTick,43b029e2-4c92-2011-29b0-b485fe6a7d20,1556014,699
2987906,2019-01-06T12:01:33.595Z,19010612,XBTUSD,Sell,129,3829,ZeroMinusTick,6b28e82d-4608-43a4-fac4-602965ec0955,1556143,700
2987917,2019-01-06T12:01:33.595Z,19010612,XBTUSD,Sell,2062,3829,ZeroMinusTick,36fd85db-e510-c24e-1c2b-67e96425acd7,1558205,701
2987926,2019-01-06T12:01:33.595Z,19010612,XBTUSD,Sell,1800,3829,ZeroMinusTick,3467d539-eda7-0390-6864-dae19ffea693,1560005,702
2987934,2019-01-06T12:01:33.595Z,19010612,XBTUSD,Sell,4798,3829,ZeroMinusTick,516941b0-c54b-1bf0-7da8-7f0edfe989e9,1564803,703
2987944,2019-01-06T12:01:33.595Z,19010612,XBTUSD,Sell,618,3829,ZeroMinusTick,15bd3a21-fe09-6a6f-4fc7-38656ee5d142,1565421,704
2987988,2019-01-06T12:01:34.420Z,19010612,XBTUSD,Buy,2250,3829.5,ZeroPlusTick,c3d7d5a1-74cb-4c58-8287-7652811c3564,1567671,705
2988010,2019-01-06T12:01:37.871Z,19010612,XBTUSD,Buy,127,3829.5,ZeroPlusTick,18d7dfcf-4fd4-85ec-c32d-cf4740d95369,1567798,706
2988032,2019-01-06T12:01:42.515Z,19010612,XBTUSD,Buy,950,3829.5,ZeroPlusTick,6ed306cb-5f6b-1503-c2c1-24861db68146,1568748,707
2988035,2019-01-06T12:01:42.939Z,19010612,XBTUSD,Buy,7700,3829.5,ZeroPlusTick,9117983a-dd27-5e05-89e9-9c34c27b0357,1576448,708
2988050,2019-01-06T12:01:48.420Z,19010612,XBTUSD,Buy,5982,3829.5,ZeroPlusTick,fdbf4af4-6641-6c5e-9b88-1a046624ee83,1582430,709
2988053,2019-01-06T12:01:48.561Z,19010612,XBTUSD,Buy,27,3829.5,ZeroPlusTick,703afcb3-4328-e1ae-fdf6-d0af1e68f67e,1582457,710
2988072,2019-01-06T12:01:52.218Z,19010612,XBTUSD,Buy,1000,3829.5,ZeroPlusTick,ba21cc28-4d91-c6f7-537f-3917d8a32622,1583457,711
2988089,2019-01-06T12:01:54.794Z,19010612,XBTUSD,Sell,11,3829,ZeroMinusTick,73e3a6b4-cc95-addb-38d6-dccfa46a277d,1583468,712
2988141,2019-01-06T12:01:58.264Z,19010612,XBTUSD,Sell,798,3829,MinusTick,45f6b28c-60fb-9249-a311-409cfb59c03f,1584266,713
2988151,2019-01-06T12:01:58.264Z,19010612,XBTUSD,Sell,83,3829,ZeroMinusTick,90cf584e-1459-ebbf-4287-94131769f7b3,1584349,714
2988153,2019-01-06T12:01:58.524Z,19010612,XBTUSD,Buy,550,3829.5,PlusTick,294301a4-1d3e-acf9-8269-0f84af95fe26,1584899,715
2988159,2019-01-06T12:01:59.311Z,19010612,XBTUSD,Sell,27,3829,ZeroMinusTick,c6de3d70-87ce-866d-5fb1-468b69a07ebd,1584926,716
2988170,2019-01-06T12:02:01.248Z,19010612,XBTUSD,Sell,5000,3829,MinusTick,8606c6e7-00ec-34f9-cac1-12f9f10bf5d4,1589926,717
2988171,2019-01-06T12:02:01.401Z,19010612,XBTUSD,Buy,428,3829.5,PlusTick,ed52a9a9-a5f7-dfe1-5698-2b74e4620d55,1590354,718
2988172,2019-01-06T12:02:01.410Z,19010612,XBTUSD,Sell,84,3829,MinusTick,76b19767-d7fd-efb1-ed4d-76a5c86dc5a1,1590438,719
2988192,2019-01-06T12:02:03.545Z,19010612,XBTUSD,Sell,10,3829,ZeroMinusTick,2e13ade0-2db0-38aa-5461-b5cfa3924261,1590448,720
2988219,2019-01-06T12:02:06.593Z,19010612,XBTUSD,Sell,600,3829,ZeroMinusTick,17c49b68-2a92-714a-fb5e-5b539578518a,1591048,721
2988226,2019-01-06T12:02:08.305Z,19010612,XBTUSD,Buy,787,3829.5,ZeroPlusTick,fa9ae9f6-8303-b891-8115-c0cf47fff387,1591835,722
2988228,2019-01-06T12:02:09.091Z,19010612,XBTUSD,Buy,4213,3829.5,ZeroPlusTick,3ad5b2c0-42a6-9eb1-303b-8126aacc1bbf,1596048,723
2988289,2019-01-06T12:02:19.021Z,19010612,XBTUSD,Buy,460,3829.5,ZeroPlusTick,93e887d7-810e-a765-310e-131b4cd92304,1596508,724
2988339,2019-01-06T12:02:21.367Z,19010612,XBTUSD,Buy,1630,3829.5,ZeroPlusTick,05a94153-4071-fa18-6c12-810ddb680028,1598138,725
2987800,2019-01-06T12:01:30.918Z,19010612,XBTUSD,Buy,2301,3829.5,ZeroPlusTick,e674a807-0a92-f428-3b7f-66108c0cf030,1600439,726
2987813,2019-01-06T12:01:31.131Z,19010612,XBTUSD,Sell,100,3829,ZeroMinusTick,b1af9bcd-437d-d796-31a7-2a42b7c75118,1600539,727
2987824,2019-01-06T12:01:31.131Z,19010612,XBTUSD,Sell,109,3829,ZeroMinusTick,19ace754-ecb7-fbf4-0431-d7dac49b603c,1600648,728
2987844,2019-01-06T12:01:32.448Z,19010612,XBTUSD,Buy,2250,3829.5,ZeroPlusTick,193ae9c2-1022-7259-f514-b53deb93b251,1602898,729
2987847,2019-01-06T12:01:32.472Z,19010612,XBTUSD,Buy,2000,3829.5,ZeroPlusTick,b19fbeb2-8c7c-0532-9c5f-e1b8f5aa8080,1604898,730
2987860,2019-01-06T12:01:32.656Z,19010612,XBTUSD,Sell,618,3829,ZeroMinusTick,a0be1fa1-df82-fdd2-0b14-a8346269ed8f,1605516,731
2987870,2019-01-06T12:01:32.656Z,19010612,XBTUSD,Sell,2062,3829,ZeroMinusTick,1b0bd657-d5ed-ecaf-9c93-5819120a5548,1607578,732
2987880,2019-01-06T12:01:32.656Z,19010612,XBTUSD,Sell,1000,3829,ZeroMinusTick,d3804247-2307-d39e-52f0-bdfc95871c53,1608578,733
2987890,2019-01-06T12:01:32.656Z,19010612,XBTUSD,Sell,10000,3829,ZeroMinusTick,d6fe3bf3-da4c-5a5e-1ee6-1fdc7b32f0ed,1618578,734
2987909,2019-01-06T12:01:33.595Z,19010612,XBTUSD,Sell,35000,3829,ZeroMinusTick,f52dbfe3-377e-d90b-cf87-7a6c5a2db924,1653578,735
2987922,2019-01-06T12:01:33.595Z,19010612,XBTUSD,Sell,38,3829,ZeroMinusTick,f16ae705-a18e-619f-afb5-1df2dcc7ccf7,1653616,736
2987928,2019-01-06T12:01:33.595Z,19010612,XBTUSD,Sell,100,3829,ZeroMinusTick,002c626e-91d6-9aeb-65bf-6e807ea80512,1653716,737
2987941,2019-01-06T12:01:33.595Z,19010612,XBTUSD,Sell,2062,3829,ZeroMinusTick,85d61d16-6e73-3fd0-4b61-50e6240948ec,1655778,738
2987949,2019-01-06T12:01:33.595Z,19010612,XBTUSD,Sell,618,3829,ZeroMinusTick,7fdceeee-80ac-2f40-8f24-0f4a11b65cf4,1656396,739
2987989,2019-01-06T12:01:34.420Z,19010612,XBTUSD,Buy,556,3829.5,ZeroPlusTick,88534118-5452-30bb-31c9-5ed4ec5b2564,1656952,740
2987995,2019-01-06T12:01:35.329Z,19010612,XBTUSD,Buy,311,3829.5,ZeroPlusTick,5c7564a1-2be6-f3bd-abcf-b5f3a7e66330,1657263,741
2988024,2019-01-06T12:01:40.785Z,19010612,XBTUSD,Buy,746,3829.5,ZeroPlusTick,9a2db814-5e8a-f48d-e6fd-c484e0617704,1658009,742
2988044,2019-01-06T12:01:46.363Z,19010612,XBTUSD,Buy,219,3829.5,ZeroPlusTick,a1422ca1-f9f7-bb34-1ca6-9e2bdbd48de1,1658228,743
2988054,2019-01-06T12:01:48.561Z,19010612,XBTUSD,Buy,11,3829.5,ZeroPlusTick,360113d6-7941-69c5-258c-d3808bfbe7f5,1658239,744
2988076,2019-01-06T12:01:52.218Z,19010612,XBTUSD,Buy,3528,3829.5,ZeroPlusTick,c4a03c6c-a8f8-8567-a7d0-9b827b22f8fb,1661767,745
2988093,2019-01-06T12:01:54.794Z,19010612,XBTUSD,Sell,4000,3829,ZeroMinusTick,e560671d-1611-7049-7d75-862fc1e96307,1665767,746
2988101,2019-01-06T12:01:54.794Z,19010612,XBTUSD,Sell,702,3829,ZeroMinusTick,dff23d46-63e4-c097-a4b3-5f65fa399159,1666469,747
2988103,2019-01-06T12:01:55.616Z,19010612,XBTUSD,Buy,100,3829.5,ZeroPlusTick,858069ee-64c8-e258-8c1a-2f1bcaca6bc8,1666569,748
2988110,2019-01-06T12:01:55.616Z,19010612,XBTUSD,Buy,673,3829.5,ZeroPlusTick,52d86bae-9f3d-2b48-1af7-072c0c659527,1667242,749
2988116,2019-01-06T12:01:56.750Z,19010612,XBTUSD,Buy,2994,3829.5,ZeroPlusTick,a8de1a18-6991-b4d3-f763-6c2220efb855,1670236,750
2988145,2019-01-06T12:01:58.264Z,19010612,XBTUSD,Sell,100,3829,ZeroMinusTick,4a8d4c9f-cc70-e387-8e2e-f7c55b7ff66e,1670336,751
2988181,2019-01-06T12:02:02.405Z,19010612,XBTUSD,Sell,40,3829,MinusTick,98229a99-cd6e-f61c-90b7-8c976edbc2f8,1670376,752
2988182,2019-01-06T12:02:02.559Z,19010612,XBTUSD,Buy,892,3829.5,PlusTick,aa6732d8-9afb-1bfc-98d8-07119a84167a,1671268,753
2988195,2019-01-06T12:02:03.545Z,19010612,XBTUSD,Sell,24546,3829,ZeroMinusTick,b9da722f-5201-29b2-b311-943d4d7a34e6,1695814,754
2988222,2019-01-06T12:02:06.645Z,19010612,XBTUSD,Sell,4500,3829,MinusTick,00dd01e2-f533-4ebe-4377-7b6d35a5cd82,1700314,755
2988233,2019-01-06T12:02:10.632Z,19010612,XBTUSD,Buy,126,3829.5,PlusTick,dc57ba1f-f0dc-3fe8-21c3-bcc3fe3c1e8b,1700440,756
2988342,2019-01-06T12:02:21.735Z,19010612,XBTUSD,Buy,10,3829.5,ZeroPlusTick,3a2313a2-7eed-f946-0cb5-8e87fa1c47a1,1700450,757
2988354,2019-01-06T12:02:21.735Z,19010612,XBTUSD,Buy,5000,3829.5,ZeroPlusTick,07f77f2a-b037-3c4b-d9ca-95b31bc98da2,1705450,758
2988366,2019-01-06T12:02:21.735Z,19010612,XBTUSD,Buy,322,3829.5,ZeroPlusTick,7fbc3d42-dfc7-1cff-75a3-d9877549e957,1705772,759
2988375,2019-01-06T12:02:21.735Z,19010612,XBTUSD,Buy,8000,3829.5,ZeroPlusTick,6870d0de-2399-23df-cf8b-0bb3bf74621d,1713772,760
2988385,2019-01-06T12:02:21.735Z,19010612,XBTUSD,Buy,27,3830,ZeroPlusTick,eeacc800-123c-6014-1fe1-d15b2fe43744,1713799,761
2988399,2019-01-06T12:02:21.735Z,19010612,XBTUSD,Buy,2000,3830,ZeroPlusTick,318e0e0f-64ef-1d2e-4d4e-6342d0c79e04,1715799,762
2988405,2019-01-06T12:02:21.735Z,19010612,XBTUSD,Buy,11,3830,ZeroPlusTick,6c6dcc37-07c3-faa2-3dfa-0398a0162a65,1715810,763
2988415,2019-01-06T12:02:21.735Z,19010612,XBTUSD,Buy,2500,3830,ZeroPlusTick,b5441d39-7821-f93c-5f58-5932e1a0e6d8,1718310,764
2988421,2019-01-06T12:02:21.735Z,19010612,XBTUSD,Buy,170,3830,ZeroPlusTick,499009e0-b321-ad00-91a1-5615912ca820,1718480,765
2988431,2019-01-06T12:02:21.735Z,19010612,XBTUSD,Buy,100,3830,ZeroPlusTick,62d76376-0c38-9066-e806-d853e5a7731d,1718580,766
2987814,2019-01-06T12:01:31.131Z,19010612,XBTUSD,Sell,36302,3829,ZeroMinusTick,1ba18cae-4af1-2365-5fcf-d18df509c6f3,1754882,767
2987825,2019-01-06T12:01:31.131Z,19010612,XBTUSD,Sell,10000,3829,ZeroMinusTick,b652d33e-a8c7-9a96-376b-9a8806c21efc,1764882,768
2987851,2019-01-06T12:01:32.472Z,19010612,XBTUSD,Buy,1000,3829.5,ZeroPlusTick,0f1ad540-a850-eaf0-a82b-8c94a7aa5235,1765882,769
2987859,2019-01-06T12:01:32.656Z,19010612,XBTUSD,Sell,618,3829,ZeroMinusTick,d4b23b1d-3aec-2b81-3ddf-203bf1b1fd88,1766500,770
2987866,2019-01-06T12:01:32.656Z,19010612,XBTUSD,Sell,2062,3829,ZeroMinusTick,871718ad-177b-d0ee-a6c7-f454aee9cb9e,1768562,771
2987881,2019-01-06T12:01:32.656Z,19010612,XBTUSD,Sell,857,3829,ZeroMinusTick,915e0e65-8d58-a081-0954-a16322d128b6,1769419,772
2987889,2019-01-06T12:01:32.656Z,19010612,XBTUSD,Sell,27,3829,ZeroMinusTick,3bbb2fed-57b4-c2c9-9c58-5d66488af5bd,1769446,773
2987912,2019-01-06T12:01:33.595Z,19010612,XBTUSD,Sell,191,3829,ZeroMinusTick,cf18ee38-e46c-0e8b-1066-db08e8624420,1769637,774
2987920,2019-01-06T12:01:33.595Z,19010612,XBTUSD,Sell,310,3829,ZeroMinusTick,0e8a41f7-ef0c-a9fd-9b8a-caa5fdb5f12e,1769947,775
2987932,2019-01-06T12:01:33.595Z,19010612,XBTUSD,Sell,50000,3829,ZeroMinusTick,6a61e030-b890-7911-41a4-33560f42c614,1819947,776
2987940,2019-01-06T12:01:33.595Z,19010612,XBTUSD,Sell,2062,3829,ZeroMinusTick,5321a1fb-2a28-3a06-4712-bcbb382b9fc3,1822009,777
2987950,2019-01-06T12:01:33.595Z,19010612,XBTUSD,Sell,618,3829,ZeroMinusTick,5a958223-217a-2a3a-5559-428f1b4ae102,1822627,778
2987982,2019-01-06T12:01:34.335Z,19010612,XBTUSD,Buy,5,3829.5,PlusTick,b353952d-971a-ae99-2db0-14025d63e570,1822632,779
2987983,2019-01-06T12:01:34.380Z,19010612,XBTUSD,Buy,217,3829.5,ZeroPlusTick,c8e34d52-61ed-cc63-dff2-19dde2208cf7,1822849,780
2987985,2019-01-06T12:01:34.420Z,19010612,XBTUSD,Buy,1517,3829.5,ZeroPlusTick,22d11949-c0b1-8797-7045-9b3fd2830d9c,1824366,781
2987992,2019-01-06T12:01:34.886Z,19010612,XBTUSD,Buy,676,3829.5,ZeroPlusTick,64e33988-739c-0623-6494-4e0a38e2c02d,1825042,782
2987996,2019-01-06T12:01:35.521Z,19010612,XBTUSD,Buy,17,3829.5,ZeroPlusTick,b0062b05-3745-cc7d-06ad-965be2c87c37,1825059,783
2987999,2019-01-06T12:01:35.756Z,19010612,XBTUSD,Sell,1,3829,MinusTick,702718a1-7b0b-a7e5-4543-5e7cb7e61a64,1825060,784
2988002,2019-01-06T12:01:36.458Z,19010612,XBTUSD,Buy,12,3829.5,ZeroPlusTick,dc126bc5-a646-7961-0e7d-fe79c7fb2a20,1825072,785
2988015,2019-01-06T12:01:38.775Z,19010612,XBTUSD,Buy,13,3829.5,ZeroPlusTick,a0bd426f-7d14-a83d-25c9-ab0830ffebe0,1825085,786
2988017,2019-01-06T12:01:38.820Z,19010612,XBTUSD,Buy,1427,3829.5,ZeroPlusTick,13fbc0e3-b9df-b7a8-c5c4-88a30299f4f1,1826512,787
2988029,2019-01-06T12:01:42.064Z,19010612,XBTUSD,Buy,1001,3829.5,ZeroPlusTick,47c54f17-f048-ed8e-2fa1-5bfcb84cf201,1827513,788
2988036,2019-01-06T12:01:43.147Z,19010612,XBTUSD,Buy,2300,3829.5,ZeroPlusTick,f151b661-6b90-cb9a-f179-61e4fa281a93,1829813,789
2988056,2019-01-06T12:01:48.581Z,19010612,XBTUSD,Buy,423,3829.5,ZeroPlusTick,862106fe-d240-f5d6-d5b6-c8895d724a7c,1830236,790
2988063,2019-01-06T12:01:49.132Z,19010612,XBTUSD,Buy,278,3829.5,ZeroPlusTick,145b0ff6-be32-e5c1-64e8-bae12f05aaa2,1830514,791
2988092,2019-01-06T12:01:54.794Z,19010612,XBTUSD,Sell,191,3829,ZeroMinusTick,b46a9f07-07ba-48d9-7e29-d4a2789e8583,1830705,792
2988099,2019-01-06T12:01:54.794Z,19010612,XBTUSD,Sell,11,3829,ZeroMinusTick,0c1ac1f8-e28c-13a8-c7d9-1d2ce19eb5c6,1830716,793
2988107,2019-01-06T12:01:55.616Z,19010612,XBTUSD,Buy,10,3829.5,ZeroPlusTick,e2c607f7-4e27-d869-00d3-f174cbfa8ec2,1830726,794
2988113,2019-01-06T12:01:55.775Z,19010612,XBTUSD,Buy,2,3829.5,ZeroPlusTick,60e228f2-0f11-0103-ddac-0354bf77ed26,1830728,795
2988114,2019-01-06T12:01:56.075Z,19010612,XBTUSD,Buy,126,3829.5,ZeroPlusTick,0466efe5-982a-f6db-85fb-9a1942033f9c,1830854,796
2988146,2019-01-06T12:01:58.264Z,19010612,XBTUSD,Sell,1787,3829,ZeroMinusTick,39bb9252-ca3a-7a3c-8cce-9e9ce5e3eb3e,1832641,797
2988158,2019-01-06T12:01:59.311Z,19010612,XBTUSD,Sell,129,3829,ZeroMinusTick,d5608054-d188-ffec-e801-41d4142e5924,1832770,798
2988165,2019-01-06T12:02:00.362Z,19010612,XBTUSD,Buy,5,3829.5,ZeroPlusTick,01f72860-10a4-ad47-d7e8-33ec3fba59b9,1832775,799
2988183,2019-01-06T12:02:02.559Z,19010612,XBTUSD,Buy,30,3829.5,ZeroPlusTick,9dc7a17c-7b73-e7f2-43ef-0cd7a736f17c,1832805,800
2988193,2019-01-06T12:02:03.545Z,19010612,XBTUSD,Sell,191,3829,ZeroMinusTick,ab7f3d79-b6cf-e240-f0cf-16010cd4a0f6,1832996,801
2988232,2019-01-06T12:02:09.935Z,19010612,XBTUSD,Sell,10000,3829,ZeroMinusTick,88f637ef-5478-4c8a-f6d5-1d00ec41e9a9,1842996,802
2988252,2019-01-06T12:02:13.424Z,19010612,XBTUSD,Sell,2000,3829,MinusTick,d3ae3673-4660-0411-e469-a27bb1890bdf,1844996,803
2988253,2019-01-06T12:02:13.438Z,19010612,XBTUSD,Buy,5,3829.5,PlusTick,3bd43809-7cb5-1acd-0ad9-ddc4f8c05782,1845001,804
